858 1337
34 213 805 269 OI -
16 293 811 334 NEROSODOMINO, DOMI-
32 342 807 368 NOGOTTLOBIOIVNIORIABER
58 374 788 422 a, L. Baroni de Duba & Lyppa, Domi-
163 422 674 466 no in Lauelovvit Veis, &
259 472 578 511 Huuervvaſſer, &c.
382 529 464 556 sS. P.
284 591 808 641 ; Ati conſtat, minu rect guber-
284 641 805 691 gnari gentespopulos; , ob morum
284 690 808 738 g ingeniorumq; diuerſitates, ſine
284 738 805 789 Qglff prooiitreeierederiieneprudentiâ: nec mi-
284 789 805 839 nus eſtin confeſſo, tramq; illam
24 838 803 887 rtutem, ſi non naſciacconſtitui, at certè augeri
25 888 807 935 ac onſirmari, hinc ab Experientiâ, inde ab Doctri-
27 937 805 986 nâ. Ceterum quandoquidem Vſus non pſquequaq;
24 986 807 1035 apud omnes bene audiat, quaſi & negotium &no
28 1035 806 1082 menlen:um; quoniam & ſerius ad eum accedimus
26 1083 819 1129 ob pitæ imbecillitatem; auellimur autem citius ob
21 1134 812 1181 eandem itæ incertitudnem: Eruditio pero, fulgu-
14 1182 815 1233 r more, omnia vbiq; peruadat, nullis circumſcri-
694 1233 815 1281 2 ptare-
