910 1330
256 16 669 64 EPISTOLA
87 80 868 133 pta regionum, nulis temporum terpirum;tomni-
91 133 865 182 umq; ſæculorm , m inu res ſaras, res pro-
86 182 871 230 fanas, ſimul &ſemel cculs antmiqq, repraſentet,
93 233 872 281 elut perfectiima emendatiimi pictori tabula:
91 281 873 330 iure merò paim maximi it tam apud regesprin-
90 330 872 377 cip,, quiam abeis qui ipſis proximi. Porr m
91 380 873 425 multa ſint humaniorum literarum genera, quibus
90 427 873 475 nonpriatim modo, ſed & publte formemur; pa-
91 478 874 526 equidem ad imperia, ad reſpublicas ritè inſtitu-
93 526 869 575 endas, legitimè augendas, ſancde conſeruandas;
95 575 873 624 militiâ er, pt bellapiiſuſcipiantur, ſapienter ge-
97 625 907 674 rantur, iuſtè deponantur, eninet tamen & anti-,
96 675 875 721 quitate & dignttate Poſis, vtpote quæ non tantum
91 725 881 772 ſalutaria vitæpræcepta mortalum animi fficaci-
97 772 906 823 ter inſtillet; ſed inſtilet eâ numerorum ſuauitate,
95 822 877 870 t ipſa volentes nolentes adſumanmus retineamus ;.
96 872 877 918 quod pluribu probare in procliui, ſi vel animus fo-
97 921 881 969 ret legitimum Poëtie patrocinium; vel ad-
99 969 366 1017 ò um eis agerem
101 1014 907 1064 Qui Curios ſimulant & Bacchanalia viuunt.
103 1064 907 1120 quod hominum genus e natum st arrium oculo-
103 1115 906 1167 rumq; teneritudine, uvtpropter voces aliquot paul-
103 1165 907 1215 liberiores, omia fere poetarum moni menta re-
720 1216 907 1280 iat
