923 1342
207 38 703 87 DEDICATORIA.
52 113 850 162 jciat atq; abominetur: tanquam aliquid alibi re-
53 162 851 210 pertatur in natur rerum niuersa, ui non ſit ad-
58 212 852 259 mixtum aut aliquid mali, aut aliquid quod ad
60 261 848 311 malum trabi non posit. Certè S. Patres non ab-
65 310 852 359 horruiſſe a poëtarum lectione, imo ne ipſos quidem
63 359 852 406 D. Apoſtolos; notius eſſe puto, qum t doceri de-
63 409 848 458 beat; obuiis apud D. Paulum teſtimoniis, Arati,
60 458 851 509 Menandri, apime ſuppreſ
54 507 852 554 ſo. Sed & ſciunt qui legerunt, vi occurrere pllam
56 556 869 608 paginam Græcam Latimame primitiuæ leſiæ,
59 607 869 656 Antitum, bi non incidat el imitatio poëtarum
57 657 853 706 certiſima; el etiam erborum expreſſa productio.
58 706 853 754 Quæ cùm ita ſe habeant, minimè affinis fuero re-
57 755 869 805 prehenſioni, ob productum ducentorum ferè Italo
60 805 852 854 rum, huius ſuperiorisq; aui in Poëſi excellentium,
61 854 853 904 florilegium. Quippe typographo
67 903 856 954 recudere tomum trumq; Io. Matthai Toſcani, edi-
68 953 858 1004 tum quidem ante annos triginta, ac ſæpe deinde
58 1000 860 1053 fruſtr deſideratum; quæreretq; ex me, numquid
62 1050 860 1104 eiuſdem libellis aliquid adhuc adſtrui poſſet; ſe-
66 1099 881 1149 rim adſeuerarn, bina ila polumina vix
71 1150 877 1202 qartam Vatum prtem complttt, qqossffmmaet
71 1199 877 1255 iamnum totâ celebraret Italtâ; inſtitit idem apud
829 1256 879 1291 me
