917 1339
245 20 624 61 EDISTOLA
44 90 824 136 me, ne grauarer reliquos omnes communicare bo-
43 138 823 188 nopublico; quod pro meo erga rem literariam ſtu-
45 188 824 235 dio promptè feci: ita quidem, t ſuppeditarim
41 237 829 287 plurium aut iuſta poëmata, aut lepidiimos ver-
41 287 828 334 ſus, qui hactenus paucis noti; certèfruſtra ab iis re-
46 335 828 385 quiſiti, qui ſe cenſurâ Poetarum reddidere nobiles.
47 385 831 434 qu in re hoc potisimum ſecutus ſum, t nihil ad-
41 434 830 482 ſumendum putarem,quàdm quod hiſtoriam ali-
49 485 831 531 quam complecteretur, eterem aut recentem; cui
49 532 830 582 adſiniaunt Panegyrica, Epitaphia, Epithalamia
20 582 830 628 pirorum Pripum, pel aliorum doctrinâ ac pir-
50 630 915 679 tute illuſtrium; interſparſis nonnunquam aut Sa-
51 680 828 730 tyris, aut Amoribus. has enim illose, ſgrega-
40 730 828 780 re ab illo choro, idem fuerit, quod tollere Ver &
48 779 827 825 Autumnum anni: adeo, non ſecus ac mulier, i-
55 830 135 879 ta &
80 878 901 928 Aut amat, aut odit Vates: nihil eſt tertium.
57 928 897 980 Certè hac talia, omni æuo, omni populo permiſſa
48 978 914 1053 fuiſſe ingeniis ſummi, res ipſa clamat: & pecca-
55 1028 834 1076 bit in exiſtimationem ſuam quiſquis auferet; ma-
57 1072 914 1132 is qui prohibebit. Auricuhas Mydæ regis aſininas
25 1127 835 1178 cim homines tacere cogerentur, prpalarunt ca-
57 1177 838 1225 lami aoreſtes: adeo heic, ni & alters imperare
759 1227 874 1275 ſiien-
