903 1340
188 39 683 84 ED.ICATORIA.
37 111 830 160 ſilentium, eſcientiam ſuam traducereorbi-
45 161 828 209 niuerſo, & aperire ora omnium. Argute Martia-
47 212 828 261 lis in deminum quendam qui famulum elingua-
47 273 123 304 rat,.
78 306 808 359 An nelcis populum quod tacet ipſe loqui?
44 360 826 406 ſed pro heminibus oris liberi plu ſatis: quibus ta-
46 411 826 457 men, tantum abeſt aliquid extra ordinem indulſe-
44 460 831 506 rim, t contra reſciderim Faerni Scaontem in
44 508 828 558 Poetas Germanos, ſutis eius loco logis AEſopi-
43 558 825 606 cis: tantò quidem ſecurius, quodnemo hodie repe-
40 606 828 656 riatur Italorum, quin pitr fateatur, Apollinem
38 657 827 704 Batauum iam centum annis prouocare cetera-
37 706 826 753 rum nationum Phæbos pniuerſos. Et alioquin, quis
39 755 850 806 quæſo bonus non deteſtetur eorum exemplum, qui
40 804 829 853 gratuit dictis plus quàm ſcurrilibus optimè
46 852 850 902 de diſciplinis liberalioribus meritos impetunt? pro-
48 901 824 951 dunt illi quidem ingenii ſui ſcauitatem; ſed interim
49 952 831 1002 non tam ſæculo ſuo nocent, quàmſibi: iſto ptiq; ma-
41 1002 827 1048 gnatum frigore, noerga literatos tantum, ſed &li-
47 1048 827 1092 teras ipſas iam olim retulit Tacitusde Nerone: Et-
46 1095 828 1147 iam ſapientiæ doctoribus tempus impartie-
48 1141 829 1194 bat poſt epulas; vtq; contratia aſſeuerantium
49 1190 837 1248 diſcordiæ eruebantur. nec deerant, qui voce
764 1243 855 1299 vul-
