904 1342
257 36 646 77 EPISTOLA
68 101 845 152 vultuq; triſti inter oblectamenta regia ſpe-
70 154 846 202 ctari cuperent. Ad amatoria quod attinet, pars
68 202 841 249 eorum potiima debetur iudicio Toſcani, cuius col-
69 251 844 298 lectanea omnia repræſentaui fide bonâ, quanquam
68 300 855 351 nonnula intercurrere iderentur, quæpudoris ali-
70 350 855 398 quid mutuò ſumere poſſe viderentur. feci autem
69 399 855 450 tanto confidentiis, qiod indeomnia ſublata, quæ
67 450 855 498 pias honeſtasq; aures laderepoterant, ipſemetproſi-
69 498 842 547 teretur Toſcanus, iis præterea firmitatem ac
69 549 840 594 ires circundarent Theologi Pariſini, G. Genebrar-
69 598 841 646 dus, N Deroneus; præſe ferentes, nihil contineri à
63 646 855 696 fide Caiholicâ & Roman alienum. ſupra quos i-
70 696 841 744 ros ſapere, ado-
69 744 855 794 leſcentulo Herculi p Virtutem modo obuiam fuiſ-
51 794 855 845 ſe, ſed& Voluptatem; videamusq; maximè appeti
71 845 841 894 etita: ideoq rerendum foret, ne erſibus aliquot
53 893 855 942 epunctis, non tam iidem abolerentur quàm ſtabi-
72 944 843 991 lirentur. Scin quomodo? reſpondebit pro me Cor-
73 992 855 1043 nelius. is eni pbi in Annalibu ſuis retuliſſet pi-
68 1042 855 1092 ginticlariſimarum familiari imagines prælatas,
72 1091 844 1141 liaq; ſummænsbilitatisnnoina, in funere Iunia,
67 1138 847 1189 ſubdidit: Sed prefulgebant Caſſius & Bruius,
75 1187 848 1243 co ipſo quod effigics non viſebantur. Sapien-
676 1237 852 1277 fibus
