908 1319
175 18 687 71 EDICATORIA.
54 89 841 140 tibus ſatis dixitilitigatoribus ſilentii; quod
38 140 859 188 ſibi habeant licet: me; ad teconuerto, Illuſtris ac
57 191 837 239 Generoſe Domine Baro, cuius amabiliimi nomi-
58 239 859 289 n auſpicium corollæ huic poëticæ lemniſcor ice
59 289 859 338 adiiocendû putaut; quod arbitrarer eſſe è republic
56 338 830 387 literari cireumdari lucepublicâ, qui vltr relictis
52 390 830 436 parentibus lengam piam inire non grauantur ad
50 438 831 482 mercatum bonarum artium, tracturi ex iis ſin-
50 486 829 536 ceriorem irtutis ſuccum, & erum meltorum ani-
49 536 849 582 mi cultum. ptique cmmiidprimariæ ili etrænobi-
46 587 828 631 litati tam ſit inſolens, pt inueniantur qui doctri-
44 636 829 682 nam omnem eiurent, arhitrati eam eſſe tantum-
44 683 825 733 mod iaticulgitioq; erti magnatibus.
43 733 827 785 Sed ſeorſim ſentiat talibus, patria
42 783 826 830 ſuumperenniclarum ſidus, Dn. Pareus, tibi -
55 834 827 880 uus; qui iam per plures annorum hebdomadas,
53 882 829 927 adhibitus ab illo pirtutum cenſore acerimo, Ru-
55 929 831 979 dolpho II. Imper. ad ardua
56 982 831 1028 quæque Comitiorum negotia in prouinciis & Du-
54 1029 833 1076 catibus Sileſiæ ac Luſatiæ inferioris ſuperioriſque
35 1077 833 1127 feliciter expedienda, non mod picinis incredibi-
46 1127 859 1173 lem ſuim induſtriam ac dexteritatem apprba;
46 1172 841 1223 ſed aproceribs ttius Bohemiæ paſ. m venera
759 1227 859 1271 tur
