914 1340
329 38 605 78 E risT oLA
85 107 856 158 tur pradicaturquealter Solon: controuerfias im-
83 158 855 206 plicans prudentiâ, fide,
88 205 855 253 iuſtitiâ, pt cùm abitri ereri ferè nec huius
86 255 855 305 nec illius partis fauorem retinere queant; ipſe
86 306 854 354 contra quod dfficilin um eſt ab traque
84 357 854 404 parte parem trahat gratiam. Debet id qui-
85 404 855 452 dem tum ſingulari naturæ bonitati, tum exa-
86 455 856 501 ctiſimæ multarum rerum experientiæ; ſed non
70 506 845 549 ita tamen, quin plurimum etiam acceptum
70 553 849 603 ferat Literis humanioribus, tanquam virtutum
83 602 850 652 omnium nutricibus im matribus. Vndefactum
86 651 849 699 eſt, vt prim ſtatim adoleſcentiâ miſſus fueris ad
87 702 848 748 Academias longinquiores, t qua re homines ani-
87 749 849 795 malibus cæteris antecellunt, ea re hominibus ipfis
84 798 848 850 præferri poſis. Et ver, ſi ab aurora de die augu-
85 849 850 895 rium ſumere licet; iure nos quoque ex primitiis
85 898 851 946 tuis eam à teſperamus lucem, quæ ſplendorem exi-
86 951 862 989 miorum tuorum, to-
88 997 849 1047 tos ſexcentos annos pietate in Deum, fidelitate in
87 1047 851 1094 Principes, meritisin patriam florentiimorum,
87 1092 853 1142 non exæquet ſolummodo ſed ſuperet. Et profect,
86 1144 852 1194 mi Gottlobi, an cogitationem tuam extendere
77 1190 853 1246 potes ad magnum illum Haporam à. Ber,
762 1241 860 1276 cui li-
