914 1332
165 37 681 81 EDICATORIA.
50 110 823 160 cui libens merito acceptam tulit itam
48 161 822 208 imperiumque Iaromirus Bohemiæ Dux, quin ad
46 211 823 257 ſumma quaque adſpires, ſi bela forte ingrue-
54 259 821 306 rint? Sed & hac pace, an nonmaximos tibi ſuff-
54 310 821 356 ciunt ſpiritus duo illa familiæ eſtræ columina,
51 357 820 407 Epiſcopus Olomucenſis, Epiſcopus Pragenſis? quo-
47 407 820 455 rum ille ita Eccleſiæ ſuæprfuit, vt iam à trecentis
44 456 819 506 amplius annis, ad exemplar etus ſucceſſorem o-
42 506 817 553 mnem perpetu optet; hic pero nuperè defunctus,
40 557 818 603 diocæſi ſuæ eum reliquit luctum, pt deſperet ſi-
38 606 818 653 milem. de quo pari, t & de aliis pluribus auis
36 655 822 705 atauiſque, Marte & arte potentibus, plura di-
35 705 819 751 cerem, niſi de iis vocaliter ſatis loquerentur An-
34 754 821 802 nalespublici, eorumquefrequenter meminiſſe de-
38 804 820 851 beat, irtute & eruditione pratantiimus Dn.
28 854 820 898 lohannes Heluettus, quo ſic ad omnem pir-
39 905 822 945 tutis laudem educaris, t iam nunc Fama ac Glo-
40 954 822 1000 ria alas ſuas palam explicare videantur, qui-
38 1002 822 1049 bus te mox per Virtatis atque Honoris tem-
22 1052 823 1099 plaad ipſam peruehant Perennitatem. Quod in-
23 1102 826 1148 terim dum fit, ſpecimen meæ in te obſeruantiæ,
22 1152 831 1199 tuique in literas ſtudii, extabit florilegium
24 1200 838 1254 iſtud poetarum: quod ea beneuolentia excipere
779 1253 840 1279 no
