918 1343
343 31 616 56 FAVSTINI
92 73 680 107 Edite, & adſiduas nobiſcum iterate querelas.
127 105 780 141 Heu miſerande heros, quæ te mala fata trahebant
91 142 683 177 Linquentem patrias ſedes, dulcesq; penates,
92 175 687 208 Debitus vt letho nunquam rediturus abires?
92 208 638 243 Illa dies nigris ſemper damnanda lapillis;
93 242 622 272 Ila dies, nobis ſi mens non læua fuiſſet,
94 273 665 307 Omine cum leuo, valuarum limine in ipſo,
93 308 623 341 Triſtia diſcedens læſo pede ſigna dediſti,
94 341 665 373 Haud leuia inſtantis tulerat præſagia ſortis.
96 373 819 411 Sed quis tam facilè foueat ſua damna? quis tnquam
93 407 614 443 Prouidus vrgenti vitet diſerimina fato?
96 441 693 476 Sic olim Argolicæ Thebas petiere phalanges;
97 475 573 512 Sic & fatalis ceciderunt ardua Troiæ
95 508 673 544 Mœnia, & attoniti Pœnos videre Quirites,
95 542 648 575 Effera iactantes Cannenſis funera pugnæ.
130 575 795 610 Iamq; vrbem ingreſſo cui fertum nomen & omen
96 608 777 643 Præbet, quamq; Padus tumido præterfluit amne
96 643 698 675 Alcidæ Alphonſus proles, quo principe regna
97 676 637 708 Aurea Saturni redeunt, & ferrea cedunt
97 706 764 742 Acre tuum ingenium & vires, generolaq; noſcens
98 742 736 776 Pectora, ducendas equitum peditumq; cateruas
100 775 723 808 Tradiderat, fidamq; tibi patefecerat aulam,
100 807 817 842 Et mentem; vt quando ingruerent fera bella, iuuares
102 841 696 873 Conſilia, & claros ferres ex hoſte triumphos.
101 875 701 910 Illic, ſtirpe, opibus, natis, & coniuge fœlix,
101 909 662 941 ternas ſoboli laudes, patriæq; parabas:
103 941 685 969 Cum Fortuna tibi, rebus male fida ſecundis.
103 974 670 1008 Obſtitit, ac ſubitæ ruperunt ſtamina Parcæ.
138 1008 712 1042 Continuo pater Eridanus, qui ſoſpite tanto
105 1042 689 1076 Sperabat ductore altam per ſæcula famam,
106 1075 775 1110 Cornigerum indignans vitreo caput ex ulit antro
105 1107 671 1143 Euertitq; vrnam: tum lætas flumine vaſto
107 1141 711 1175 Summerſit penitus ſegetes, ſtabulisq; reuulſis
107 1174 747 1207 Amne ruens pecus abſtraxit pecorisq; magiſtros.
93 1208 820 1246 Quid mœſtos Pattiæ queſtus, quid igula Patrum
771 1243 896 1273 Laaem-
