916 1341
362 45 599 72 IGNATII
103 85 728 125 Ergo age tam ſæuis quid vexas fletibus vmbram
104 120 714 155 Dilectam? ah caros iam parce laceſſere manes,
105 154 734 189 Ah lacrimis impone modum, pia Lucia: an illum
106 187 659 224 Nqualem ſuperis immortalemq; putaſti
104 218 741 257 Mortalem? quicquid degit ſub Sole neceſſum eſt
106 254 671 290 Vt pereat. pereunt vrbes, adamantaq; rodit
106 285 755 323 raq; Tempus edax; hominem periiſſe dolebis?
106 319 756 356 Finge iterum viuat; iterum morietur, eodemque
106 358 671 390 Illeidem quo nunc cogetur currere campo.
109 383 848 423 Sed quid ego hæc? melius tu, nunquam elata ſecundis,
108 420 706 455 Nec flexa aduerſis, quid opus tibi Lucia cernis.
107 452 727 490 Famaque cum ſubitum narrauit nuntia caſum,
106 489 593 520 Nec tu conſilij, nec tu rationis egena:
105 516 726 555 Ingemuiſſe quidem primum; ſed deinde tuliſſe
108 556 591 589 Imperturbato fortunæ vulnera vultu
107 588 639 616 Diceris, O ſexus nitidum decus, heroine
107 618 731 656 Inclyta, queis tandem cælo te laudibus æquem?
143 652 700 688 Necæptis deſiſte precor: meliora fauebunt
109 685 737 720 Numina, nec ſemper tumidis agitabere in vndis.
109 720 772 755 Ecce tibi, patriæ & magnum Latij incrementum
109 753 654 788 Progenies ſurgit; triplici tu pignore diues
110 787 659 821 Inuidiâ Auſonias torquebis, Lucia matres.
111 819 653 853 At vos & Phæbi & Martis iuſtiſſima cura,
110 853 604 887 Viuite felices pueri, præclaraque geſta
110 887 742 922 Patris, & egregiam Muſis ſuperate parentem
358 1017 632 1042 MERATENSIS.
244 1060 797 1093 Ad Carolum Emanuelem Sabaud. Ducem.
102 1103 831 1170 ISorituir Bellonam inter doctamque Mineruamt
180 1136 697 1172 Hæc ſibi prima cupit, quærit & illa ſibi.
111 1171 699 1206 Hinc iaculo Bellona potens, hinc Pallas acuto
144 1205 577 1241 Haſtili nira eſt. vtaq; bella ciet.
795 1245 890 1279 Igne
