921 1326
347 1 562 21 A DANI.
39 38 680 73 Igneſcunt iræ: ſubeunt certamina, Amaron
81 74 540 108 Qualia peltato milite geſſit atrox.
47 108 685 141 Hæc cadit, illa furit: petit hæc, proſternitur illa:
90 141 633 175 Tertia pugna inſtat; tertia pugna ruit.
54 175 621 208 Quis Deus iratas poſſit componere Diuas?
92 209 603 241 Audeat inuictæ quis dare iura Deæ?
58 241 717 271 Carolus hic ille eſt. ambæ comitantur euntem,
96 274 645 308 Seu fera bella mouet, ſeu pia templa colit.
58 308 699 342 Viue igitur felix tanto ſub Numine Princeps:
95 341 712 382 Concute Marte ſolum; Pallade vince polum.
341 377 569 407 Ad eundem.
53 408 844 442 Me quocumque feram, quacumque in parte reuoluam,
89 441 667 474 Me premit inſolite luxq; decorq; tuus.
52 475 683 508 Si memorare pios placeat, pietate ſecundus
86 508 612 542 Nulli es: ſi fortes, fortior ipſe præis.
52 542 748 580 Seu certare manu, ſeu dogmata volueremente,
81 576 652 609 Alterutra nunquam cerneris arte minor.
48 605 874 643 Ergo quid annumerem reliquos? celebrare quidinſtem
81 643 765 683 Carminis omne genus vincis, & omne Ducum.
406 677 545 707 Eidem.
44 703 739 743 Iam vererum ſanxit merlto ſententia quondam,
80 741 630 775 Cederet vt doctæ Martia turba togæ.
47 775 794 810 Aſt nunc haud facil eſt in tediſcernere, Princeps,
83 809 676 842 Palladis ars palmam, Martis an arma ferant.
53 841 828 884 Quo tamen hoc magisincertum eſt; eſt certius armis
87 875 655 915 Longe te reliquos vincere & ingenio.
374 910 581 934 Ad endem.
59 936 764 975 Quid conor dignas, Princeps tibi reddere laudes?
93 975 698 1008 Laudibus his ſemper, Carole, maior eris.
56 1008 776 1042 Namq; vt nulla valent lucem addere lumina Phœbo;
93 1041 700 1075 Sic tua carminibus creſcerefama nequit.
51 1071 801 1117 Hæc demum eſt tua laus, Dux inclite; maxima quod te
85 1107 744 1148 Carmina concelebrant plurima; nulla ſatis.
270 1142 696 1175 In aduentum Aquiuiuæ Car.
58 1173 688 1211 Nuulus eiguà pelago ſe ditrahit vdâ;
799 1200 903 1252 S
498 1203 688 1250 .
