916 1345
326 13 610 40 IGNATII
144 60 652 93 Sed rediens largo flumine volvit aquas.
110 88 893 129 Quos tecum tum, Aquauiua, trahes, quos laueris vnd
142 126 622 161 Ipſe tuâ, quando patria regna petes?
416 161 564 185 Ad eundem.
107 190 774 227 Dum tibi, Roma inhiat, Volſcorum pergis ad oras,
143 227 566 261 O patrij princeps gloria rara ſoli:
100 260 670 293 Sidere ſub rigido mauis cur viuere vitam,
145 293 674 329 Quàm Romæ lætos continuare dies?
108 324 758 360 Auguror: haud animi poterat tua maxima virtus
120 361 520 402 Exiguæ arctari finibus Italiæ.
280 393 693 427 In obitum PhilippiII. Hiſtan. Regi.
109 426 710 456 Vnum crediderat, binos tamen ecce Philippos
145 460 657 495 Iupiter in terris ſenſit, & intremuit.
110 491 728 530 Quippe gigantæam tanto ſub nomine prlem
145 526 598 560 Horruit antiquis cautus ab inſidijs.
108 558 699 593 Aſt ſubito exſurgens nigro imperterrita villo
142 595 676 620 Liberat hoc tanto Parca timore louem.
107 626 710 660 Vtq; vno inuictum certet ſub principe nomen
146 660 636 692 Stamina maturi præſecat vngue ſenis.
109 694 719 728 Scilicet hoc æquum eſt: in cœlis Iupiter vnus,
144 728 667 758 Vnus & in terris cuncta, Philippe, regas.
300 760 688 792 In obitum Auguſtini Card.
110 790 790 823 Fama obijſſe refert Cuſanum; aſt fallitur: ipſu
146 826 637 861 Cuſanum pietas viuere vbique refert.
336 861 655 886 In Buccium male ludentem.
110 891 724 924 Cum benè directum certo meditatus in orbem
144 926 723 963 Iactuindis globulum, Buccie, nemo probat.
110 960 745 994 Aſt malè cùm iacias; quam belle dirigis aiunt
145 995 649 1023 Buccie, ſi bene vis ludere, lude male.
419 1030 569 1052 Ad amicum.
110 1059 686 1095 Niſus vt Euryalo, Pylades vt amicus Oreſti;
146 1094 646 1129 vt Theſeus quondam Pirithooq; fuit:
107 1127 694 1161 Sicego perpetuo tibi fœdere iungar amoris;
108 1161 645 1193 Tuq; mihi æterno fœdereiunctus etis.
112 1194 735 1230 Mors equidem notræ perfringet ſtamina vitæ
789 1226 898 1259 Vineu.
