928 1339
352 1 589 40 ALBANI.
104 41 709 80 Vineula non ſoluet, nos quibus arctat amor.
203 80 704 112 Ad Margar. Auſtiac. loquitur America.
68 112 765 145 Vltima, ne ſpernas munus, quod America mittit;
102 145 633 178 Partibus cunctis vltima, prima tibi eſt.
313 179 595 212 De Epigrammat oblato.
14 211 653 252 Parua fero, fateor; ſed me totum accipis iſto
107 246 743 280 Munere: ſi totum cur dare magna negem?
372 281 557 306 Ad Bottum.
12 312 728 347 Omnibus eſt maior, ctedo Micconus: at vno,
80 345 701 380 Dum tu illum oppugnas, dicitur eſſe minor.
357 380 615 409 De ver Iuſtitiâ.
18 410 719 452 Quæ Dea? Iuſtitia. & cur toruolumine? ſecti
102 446 712 480 Neſcia ſum lacrimis, nec prece nec pretio.
21 473 816 513 Quod genus? à Superis. genitor quis? Iupiter. ex qu
99 513 673 545 Matre fide. nutrix quæ tua? Pauperies.
23 545 787 579 Quis gremio infantem fouit? Prudentia. qunam
96 579 598 611 Freta duce agnoſcis crimina? Iudicio.
62 605 765 645 Cur gladium tua dextra gerit, eur læua bilancem?
4 643 662 677 Ponderat hæc cauſſas: percutit ille reos.
2 672 795 745 aa
55 744 781 776 Aurium aperta tibi cur altera, & altera clauſa eſt?
94 777 651 810 Hæc ſurda iniuſtis; panditur illa bonis.
57 809 672 843 Paupere cur ſemper cultu? iuſtiſſimus eſſe
95 844 684 882 Qui cupit exiguas ſemper habebit opes.
351 877 599 909 De flla Iuſtitiâ.
64 911 784 942 Qu tu? Iuſtitia? & cur blando lumine? ectr
100 942 716 975 Protinus ante omnes non prece, ſed pretio.
64 976 857 1011 Qud genus? à terris. quo patre? Dolo. vnde creaua
99 1011 607 1043 Ex Spet quæ nutrix aurea materies.
1 1036 715 1078 Quis gremioinfantem te fouit? Opinio fama.
95 1077 736 1110 Quomodo cognoſcis crimina? muneribus.
51 1108 720 1144 Cur dextrâ gladium geſtas, lancemq; ſiniſtrle
90 1143 644 1175 Hac peragit cauſſam diuitis; illa inopis.
57 1174 788 1211 Quid multi adſiſtunt ? citat hic. tenet hic, ligat alter.
752 1212 842 1249 uo
