889 1339
353 128 586 152 IGNATII
105 162 662 203 Quæ comes? argenti candida Simplicitas.
83 203 691 236 Altera clauſa tibi cur auris, & altera aperta eſt?
117 238 628 271 Hæc patet iniuftis; clauditur illa bonis.
82 269 782 311 Diuite cur habitu? ſemper manus adgregat aurum
116 304 669 339 Si nequit, vnde velit; ſurripit vnde poteſt.
180 339 752 372 De Mætthæo Riparolâ, Eaith. Senare-
324 373 565 407 gâ Duce Genuenſi.
81 404 701 438 Dum duo Matthæi certant potioribus vrbem
114 437 678 471 Adficere officijs; fertur vterque bonus.
79 471 691 503 Dumq; hos vrbs meritâ ſtatuit donare coronâ,
115 504 662 537 Debetur, dubium eſt, cui prius imperium.
78 537 732 571 Ne dubites: ſimili æternantur munere vterque;
111 570 633 604 Ille polum curat; temperat iſte ſolum.
325 606 586 637 Ad puerum Spiulam.
76 636 619 670 Aoniâ in ſilua Muſæ te condere quærunt:
111 671 604 703 Spinula ni lateas, Spinula nullus eris.
282 705 637 737 In Purpuratum. Retrogradum.
75 733 770 770 Mens tua, non tua ſors; animuspippura, tanto
110 770 590 803 Scribere me verſus hos facit ingenio.
66 804 718 842 Te colo, non colo res: famam, non aurea quæro
109 836 660 871 Munera; dant magni quæ tibi cœlicolæ.
234 872 682 902 Ad Carolum Borgiam, Ducem Gandiæ.
73 902 726 935 Carminibus Carolum cupio celebrare; ſed ecce
96 936 688 968 Franciſcum referunt carmina noſtra patrem.
71 969 673 999 Franciſcum rurſus mens eſt extollere; & ecce
105 1002 588 1036 Laudibus in tantis inſeritur Carolus.
75 1031 804 1069 Hincque nepos proauum, proauusque referre nepotem
107 1070 610 1103 Gaudet, & eluſis ludit vterque metris.
79 1103 746 1137 Scilicet hoc æquum eſt: cultus quibus vnus, & vna
110 1136 708 1170 Gensque domusque fuit, ſufficit vnus honor.
380 1172 526 1195 Ad eundem.
70 1201 641 1236 Flebat Muſa tuum ſe non vidiſſe parentem;
102 1236 566 1269 Cum te reſpexit; vidi, ait, & tacuit.
347 1272 609 1303 Ad B. Virginem.
68 1302 703 1336 Bulcrum Pactolus deſpumat Ldius autums
