923 1339
349 17 562 43 ALBANI.
102 57 604 93 Pulcer & irriguis nobilis hortus aquis.
62 91 683 127 Pulcræ pellucent Erithræo in littore gemmæ
99 124 625 158 Pulcra nitent ſummo ſidera nocte polo.
67 158 634 188 Pulcra micat cœlo nitidi lux Solis ab axeA
100 191 616 226 Pulcra Damaſcenis & roſa vernat agris.
67 225 734 264 Pulcrior at multo es, virgo & formoſior omni
103 258 639 294 Auro, horto, gemmâ, ſidere, luce, roſa.
350 294 551 320 De S. Catharinâ.
71 320 706 358 Inclita tergeminum vicit Catharina Tyrannum,
106 358 712 399 Hinc Mars, hinc Pallas ſæuijt, inde Venus.
68 391 633 423 Mars ferro ruit armato; ſermone Minerua
102 424 712 458 Arguto; illecebris quæ Dea nata freto eſt.
62 458 736 490 Carnifices Mauors, ſapientes Pallas alumnos,
98 492 699 524 Aſt Venus impurum traxit in arma Ducem
63 525 801 564 Dux, Venus, Illecebræ, Docti, Enthymemata, Pallas,
96 560 779 598 Mars, Ferrum atque Homines nil valuere truces.
63 590 719 634 Nam ferrum Virtute, Sophos ſermone diſerto.
95 624 609 658 Et blandos vicit Virginitate dolos.
62 658 752 700 Sic triplici triplicem referens ex hoſte triumphum,
94 691 686 732 In cœlo Martyr, Virgo, Magiſtra, micat.
368 727 540 750 In Peccatorem.
56 756 726 791 Ludis, & ad multam ducis conuiuianoctem,
93 791 718 831 Duraque neo miſerum te tua Fata premunt?
61 823 711 856 Ah miſer; interea triplici panduntur hatu
95 857 717 891 Tartara, nec miſerum te tua Fata premunt.
63 889 746 934 Vis ſapere, heu miſer, æterno ne tempore flagres?
98 924 553 957 Incipe deſipere, ſic ſapere incipies.
240 958 729 991 Detribus votis elig. Eeho ad Ieſum.
67 987 756 1028 Qu properas ligno compreſſus membra tumenti?
99 1024 574 1057 Menti coniungi, dulcis amica, volo.
61 1051 656 1089 Quid tantoim te noſtri ſuccenditamores?
92 1091 656 1123 Dores queis multum condecorata nites.
57 1123 656 1159 Quo pacto ardori, dic, reſpondebo paterno?
93 1158 602 1191 Terno iam vinclo pectora iunge hi.
39 1188 690 1225 Corde meo te igitur Ieſu dulciſſime, claudo?
713 1225 845 1260 Laudo,
