916 1338
348 4 581 38 IGNATII
114 47 654 83 Laudo, ac propterea præmia magna feres.
82 79 772 118 Dic, quod erit tantum, leſu ſuauiſſime, munus?
115 117 634 148 Vnus eris mecum, & cœlica regna petes.
328 151 594 182 Defonte Pyrrhi Comitis.
80 181 696 216 Fontem auro Pyrrhus, varijs Ars artibus ornat,
114 215 588 248 Et Natura ſuas larga profundit opes.
81 248 670 281 Hoc vnum deerat complecti carmine laudes:
115 281 627 315 Hoe peragit docto carmine, ſed mutilo.
81 311 737 349 Dicere adhuc cum plura queat, cur ſiſtere mauult?
117 348 609 382 Quod poterat dici credidit eſſe minus.
316 382 614 408 In obitum Paulli Honorati.
85 413 690 451 Quiſquis Honoratum perijſſe exiſtimat, errat:
119 447 675 480 Viuit enim in ſupera, viuet & vſque domo.
83 481 672 514 Verùm, ſi viuit genitor, cur deflet? Honore
116 513 598 542 Hinc abiiſſe ſuum. non obiiſſe dolet.
412 549 528 572 De eodem.
83 582 623 616 Fulget Honoratus virtutis viuus honore,
117 614 645 641 Mors nec Honorati triſtis honore caret.
85 647 678 682 Corpus Honorati magns tumulatur honore
117 680 678 714 Mens in ſidere ſplendet honore domo.
85 712 736 742 In cœlo, in terris, mors, vita merentur honore
119 746 641 783 Dignus Honoratus ſemper honore frui.
392 781 509 814 De eod m.
86 809 811 844 Non vitam hanc, vitam;ſed triſtem cenſeo mortem.
117 848 450 883 Mors ipſa, vita perpes eſt.
85 877 761 913 Mortis Honoratum ſtringebant vincula viuum;
121 915 446 944 His eſt ſolutus occubans.
87 947 625 980 Viuit Honoratus: vitalem degere vitam
122 982 497 1018 Incepit; at mors mortua eſt.
378 1016 522 1040 Ad eundem.
88 1045 688 1083 Ante patrem moreris: ſic fama at fallitur ill
123 1083 629 1116 Vita patris, moritur te moriente pater.
414 1117 533 1140 De oodem.
88 1146 695 1178 iit Honotatus; mernit dum vixit, honorem.
123 1178 739 1209 Mortuum Honoratum lns comitatur honor.
803 1211 870 1236 Idem
