<?xml version="1.0" encoding="UTF-8" standalone="no"?><PcGts xmlns="http://schema.primaresearch.org/PAGE/gts/pagecontent/2019-07-15" xmlns:xsi="http://www.w3.org/2001/XMLSchema-instance" xsi:schemaLocation="http://schema.primaresearch.org/PAGE/gts/pagecontent/2019-07-15 http://schema.primaresearch.org/PAGE/gts/pagecontent/2019-07-15/pagecontent.xsd"><Metadata><Creator/><Created>2022-04-10T13:34:51</Created><LastChange>1970-01-01T00:00:00</LastChange><Comments/></Metadata><Page imageFilename="0028.png" imageHeight="1338" imageWidth="916"><TextRegion id="r1" orientation="0.0" type="paragraph"><Coords points="1,1 914,1 914,1336 1,1336"/><TextLine id="l1"><Coords points="348,4 348,38 581,38 581,4"/><TextEquiv><Unicode/></TextEquiv><TextEquiv index="1"><Unicode>IGNATII</Unicode></TextEquiv></TextLine><TextLine id="l2"><Coords points="651,80 654,79 654,47 114,47 114,83 343,83"/><TextEquiv><Unicode/></TextEquiv><TextEquiv index="1"><Unicode>Laudo, ac propterea præmia magna feres.</Unicode></TextEquiv></TextLine><TextLine id="l3"><Coords points="729,79 676,79 609,82 344,83 245,85 82,84 82,116 258,117 322,115 689,114 696,118 729,118"/><TextEquiv><Unicode/></TextEquiv><TextEquiv index="1"><Unicode>Dic, quod erit tantum, leſu ſuauiſſime, munus?</Unicode></TextEquiv></TextLine><TextLine id="l4"><Coords points="115,117 115,148 634,148 634,117"/><TextEquiv><Unicode/></TextEquiv><TextEquiv index="1"><Unicode>Vnus eris mecum, &amp; cœlica regna petes.</Unicode></TextEquiv></TextLine><TextLine id="l5"><Coords points="487,180 594,180 594,151 328,151 328,182 397,182"/><TextEquiv><Unicode/></TextEquiv><TextEquiv index="1"><Unicode>Defonte Pyrrhi Comitis.</Unicode></TextEquiv></TextLine><TextLine id="l6"><Coords points="696,181 487,181 397,183 277,183 271,181 80,181 80,215 428,216 494,214 638,214 645,216 696,216"/><TextEquiv><Unicode/></TextEquiv><TextEquiv index="1"><Unicode>Fontem auro Pyrrhus, varijs Ars artibus ornat,</Unicode></TextEquiv></TextLine><TextLine id="l7"><Coords points="588,247 588,215 217,218 114,216 114,248 544,248"/><TextEquiv><Unicode/></TextEquiv><TextEquiv index="1"><Unicode>Et Natura ſuas larga profundit opes.</Unicode></TextEquiv></TextLine><TextLine id="l8"><Coords points="670,248 419,249 365,251 122,251 81,249 81,281 670,281"/><TextEquiv><Unicode/></TextEquiv><TextEquiv index="1"><Unicode>Hoc vnum deerat complecti carmine laudes:</Unicode></TextEquiv></TextLine><TextLine id="l9"><Coords points="627,313 627,281 523,281 479,283 323,284 115,283 115,315 491,315"/><TextEquiv><Unicode/></TextEquiv><TextEquiv index="1"><Unicode>Hoe peragit docto carmine, ſed mutilo.</Unicode></TextEquiv></TextLine><TextLine id="l10"><Coords points="737,311 685,311 674,314 564,314 435,317 189,318 81,316 81,349 453,349 501,347 660,347 669,349 737,349"/><TextEquiv><Unicode/></TextEquiv><TextEquiv index="1"><Unicode>Dicere adhuc cum plura queat, cur ſiſtere mauult?</Unicode></TextEquiv></TextLine><TextLine id="l11"><Coords points="483,380 609,380 609,348 501,348 388,351 117,350 117,382 466,382"/><TextEquiv><Unicode/></TextEquiv><TextEquiv index="1"><Unicode>Quod poterat dici credidit eſſe minus.</Unicode></TextEquiv></TextLine><TextLine id="l12"><Coords points="316,382 316,408 614,408 614,382"/><TextEquiv><Unicode/></TextEquiv><TextEquiv index="1"><Unicode>In obitum Paulli Honorati.</Unicode></TextEquiv></TextLine><TextLine id="l13"><Coords points="381,449 468,446 690,446 690,413 492,413 452,415 327,417 260,417 252,413 85,413 85,451 206,451"/><TextEquiv><Unicode/></TextEquiv><TextEquiv index="1"><Unicode>Quiſquis Honoratum perijſſe exiſtimat, errat:</Unicode></TextEquiv></TextLine><TextLine id="l14"><Coords points="509,478 675,479 675,447 468,447 381,450 119,452 119,480 463,480"/><TextEquiv><Unicode/></TextEquiv><TextEquiv index="1"><Unicode>Viuit enim in ſupera, viuet &amp; vſque domo.</Unicode></TextEquiv></TextLine><TextLine id="l15"><Coords points="672,481 413,481 204,485 83,482 83,514 452,514 531,512 653,512 657,514 672,514"/><TextEquiv><Unicode/></TextEquiv><TextEquiv index="1"><Unicode>Verùm, ſi viuit genitor, cur deflet? Honore</Unicode></TextEquiv></TextLine><TextLine id="l16"><Coords points="598,513 355,515 281,517 236,516 207,518 116,516 116,542 598,542"/><TextEquiv><Unicode/></TextEquiv><TextEquiv index="1"><Unicode>Hinc abiiſſe ſuum. non obiiſſe dolet.</Unicode></TextEquiv></TextLine><TextLine id="l17"><Coords points="412,549 412,572 528,572 528,549"/><TextEquiv><Unicode/></TextEquiv><TextEquiv index="1"><Unicode>De eodem.</Unicode></TextEquiv></TextLine><TextLine id="l18"><Coords points="366,615 424,613 623,613 623,582 83,582 83,616 231,616"/><TextEquiv><Unicode/></TextEquiv><TextEquiv index="1"><Unicode>Fulget Honoratus virtutis viuus honore,</Unicode></TextEquiv></TextLine><TextLine id="l19"><Coords points="645,614 424,614 366,616 232,616 187,618 117,618 117,641 645,641"/><TextEquiv><Unicode/></TextEquiv><TextEquiv index="1"><Unicode>Mors nec Honorati triſtis honore caret.</Unicode></TextEquiv></TextLine><TextLine id="l20"><Coords points="431,680 678,678 678,647 494,647 346,650 85,650 85,682 392,682"/><TextEquiv><Unicode/></TextEquiv><TextEquiv index="1"><Unicode>Corpus Honorati magns tumulatur honore</Unicode></TextEquiv></TextLine><TextLine id="l21"><Coords points="678,710 678,680 533,680 431,681 392,683 117,684 117,714 445,714"/><TextEquiv><Unicode/></TextEquiv><TextEquiv index="1"><Unicode>Mens in ſidere ſplendet honore domo.</Unicode></TextEquiv></TextLine><TextLine id="l22"><Coords points="736,712 588,712 398,716 260,716 186,718 85,717 85,742 736,742"/><TextEquiv><Unicode/></TextEquiv><TextEquiv index="1"><Unicode>In cœlo, in terris, mors, vita merentur honore</Unicode></TextEquiv></TextLine><TextLine id="l23"><Coords points="641,746 540,746 473,748 378,748 324,750 200,751 119,750 119,783 327,783 333,780 568,780 573,783 641,783"/><TextEquiv><Unicode/></TextEquiv><TextEquiv index="1"><Unicode>Dignus Honoratus ſemper honore frui.</Unicode></TextEquiv></TextLine><TextLine id="l24"><Coords points="462,812 509,812 509,781 392,781 392,814 423,814"/><TextEquiv><Unicode/></TextEquiv><TextEquiv index="1"><Unicode>De eod m.</Unicode></TextEquiv></TextLine><TextLine id="l25"><Coords points="811,809 570,809 561,812 351,816 332,815 321,809 186,811 131,811 86,809 86,844 811,844"/><TextEquiv><Unicode/></TextEquiv><TextEquiv index="1"><Unicode>Non vitam hanc, vitam;ſed triſtem cenſeo mortem.</Unicode></TextEquiv></TextLine><TextLine id="l26"><Coords points="340,881 450,880 450,848 308,851 117,851 117,883 298,883"/><TextEquiv><Unicode/></TextEquiv><TextEquiv index="1"><Unicode>Mors ipſa, vita perpes eſt.</Unicode></TextEquiv></TextLine><TextLine id="l27"><Coords points="728,877 509,877 504,880 498,881 340,882 227,885 85,885 85,913 728,912"/><TextEquiv><Unicode/></TextEquiv><TextEquiv index="1"><Unicode>Mortis Honoratum ſtringebant vincula viuum;</Unicode></TextEquiv></TextLine><TextLine id="l28"><Coords points="121,915 121,944 446,944 446,915"/><TextEquiv><Unicode/></TextEquiv><TextEquiv index="1"><Unicode>His eſt ſolutus occubans.</Unicode></TextEquiv></TextLine><TextLine id="l29"><Coords points="87,947 87,980 625,980 625,947"/><TextEquiv><Unicode/></TextEquiv><TextEquiv index="1"><Unicode>Viuit Honoratus: vitalem degere vitam</Unicode></TextEquiv></TextLine><TextLine id="l30"><Coords points="370,1016 497,1015 497,982 360,982 239,985 122,985 122,1018 349,1018"/><TextEquiv><Unicode/></TextEquiv><TextEquiv index="1"><Unicode>Incepit; at mors mortua eſt.</Unicode></TextEquiv></TextLine><TextLine id="l31"><Coords points="378,1016 378,1040 522,1040 522,1016"/><TextEquiv><Unicode/></TextEquiv><TextEquiv index="1"><Unicode>Ad eundem.</Unicode></TextEquiv></TextLine><TextLine id="l32"><Coords points="88,1045 88,1083 688,1083 688,1045"/><TextEquiv><Unicode/></TextEquiv><TextEquiv index="1"><Unicode>Ante patrem moreris: ſic fama at fallitur ill</Unicode></TextEquiv></TextLine><TextLine id="l33"><Coords points="123,1083 123,1116 629,1116 629,1083"/><TextEquiv><Unicode/></TextEquiv><TextEquiv index="1"><Unicode>Vita patris, moritur te moriente pater.</Unicode></TextEquiv></TextLine><TextLine id="l34"><Coords points="414,1117 414,1140 533,1140 533,1117"/><TextEquiv><Unicode/></TextEquiv><TextEquiv index="1"><Unicode>De oodem.</Unicode></TextEquiv></TextLine><TextLine id="l35"><Coords points="695,1176 695,1146 548,1146 522,1148 415,1150 358,1150 347,1146 88,1146 88,1178 609,1178"/><TextEquiv><Unicode/></TextEquiv><TextEquiv index="1"><Unicode>iit Honotatus; mernit dum vixit, honorem.</Unicode></TextEquiv></TextLine><TextLine id="l36"><Coords points="739,1178 610,1178 515,1182 398,1183 296,1183 265,1181 123,1181 123,1209 739,1209"/><TextEquiv><Unicode/></TextEquiv><TextEquiv index="1"><Unicode>Mortuum Honoratum lns comitatur honor.</Unicode></TextEquiv></TextLine><TextLine id="l37"><Coords points="803,1211 803,1236 870,1236 870,1211"/><TextEquiv><Unicode/></TextEquiv><TextEquiv index="1"><Unicode>Idem</Unicode></TextEquiv></TextLine><TextEquiv><Unicode/></TextEquiv></TextRegion></Page></PcGts>