912 1325
367 1 599 24 ALBANI
380 44 553 77 Idem loquitur.
79 71 483 106 Lux & delitium fui parentum;
80 109 587 143 Nunc mœror, lacrimæ, dolor, tenebræ.
82 142 564 172 Nomen eſt ab Honore mi tributum;
82 175 477 207 Et vixi mea quod ferebat ætas
85 207 579 242 Obmores, ſtudiumq; Honore dignus.
85 241 551 271 Conceſſum eſt tria vix videre luſtra;
87 273 582 308 Cum Mors nec teneris pepercit annis.
85 308 539 338 Non citam doleo fuiſſe mortem;
86 340 638 374 Nec mors eſt cita, quæ facit beatum
86 374 663 408 Sed quod tam breue gaudium parentum,
83 407 611 441 Sim mœror, lacrymæ & dolor perennis.
307 444 629 476 Ad eundem. pater loquitur.
78 474 693 507 Nate tibi tumulus cœlum; ſint funera laudes
112 507 625 542 Ne deſint lacrimæ; vita parentis erunt.
385 545 506 568 De edem.
80 575 718 612 Quærit Honoratus verum ſibi ſemper honorem:
113 609 694 641 Hinc volat ad Superos, eſt vbi verus honor.
349 645 522 677 Ad eundem.
76 675 716 710 Viuere dignus eras plures quàm Neſtoris annos:
112 710 628 743 Non licuit tot quot viuere dignus eras.
77 742 689 776 Quin licuit. tot eras quot dignus viuere, viui:
109 777 588 810 In cœlo æternos viuere dignus eras.
307 810 604 843 In obitum Alexændri N.
77 843 691 877 Deuictam terram, partas & ſanguine palmas,
107 877 613 910 Iactat Alexandri Græcia magna Ducis.
76 909 688 944 Iactet Alexander melior ſine ſanguine cœlum,
111 944 625 976 Summaq; ditersâ parta trophæa manu
77 975 620 1008 Quàm melior virtus animi virtute caduci
108 1010 655 1044 Corporis iſta ſolum vincit, & illa polum.
304 1044 613 1077 In obitum Angeli Moroni.
63 1077 669 1114 Quid te, cara More, inſignem candore niuali
63 1111 673 1143 Atq; ita præclaram reddit? an almus amor?
63 1140 701 1180 Illa nitens quondam, fi vera eſt fabula, Thisbs
103 1177 623 1212 Atra ſtatim mano reddita amora fuit.
783 1211 854 1244 rro
