914 1340
347 14 580 40 ANDRE
32 57 646 96 Ergo ita diuerſas amor idem conficit artes:
119 90 667 128 Qui tamen hoc fecit, non fuit vnus amor.
255 222 692 258 M EDIOLANENSIS
298 257 562 286 Emblemata.
173 303 770 339 AdMaximilianum Ducem Mediolan. ſuper inſigni
342 344 592 368 ducatus Mediolan. I.
73 378 727 442 TILIENSinfans ſinuoſi faucibus anguis
161 415 600 451 Eſt gentiliti s nobile ſtemma tuis.
88 449 634 485 Talia Pellæum geſſiſſe numiſmata regem,
122 481 708 517 Vidimus, hisq; ſuum concelebraſſe genus:
88 509 837 547 Dum ſe Ammone ſitum, matrem anguis imagine luſam,
122 548 667 577 Diuini & ſobolem ſeminis eſſe docet.
90 583 733 617 Ore exit; tradunt ſic quoſdam enitier angues:
121 617 690 651 An quia ſic Pallas de capite orta Iouis?
195 649 744 683 Tumulus Ioan. Galeatij Vicecomis; primi Du-
333 686 568 712 cis Mediolan. .
90 713 738 751 Pro tumulo, pone Italiam, pone arma, ducesque,
126 749 723 785 Et mare, quod geminos mugit adusque ſinus.
92 781 748 814 Adde his Barbariem conantem irrumpere fruſtrat
125 817 645 850 Et mercede emptas in fera bella manus.
93 849 705 887 Anguiger aſt ſummo ſiſtens in culmine, dicat;
130 882 671 919 Quis paruis magnum me ſuper impoſuit?
378 919 574 944 Mediolanum. 5.
94 949 689 983 Bituricis Veruex, Heduis dat Sucula ſignum;
131 984 651 1019 His populis patriæ debita origo meæ eſt,
96 1083 741 1114 Culta Minerua fuit, nunc eſt vbi numine Thecla
129 1119 629 1153 Mutato, matris virginis ante domum
96 1150 759 1186 Laniger huic ſignum ſus eſt, animalq; biforme
129 1185 602 1215 Acribus hinc ſetis, lanitio inde leui.
808 1218 884 1243 Nam-
