<PcGts xmlns="http://schema.primaresearch.org/PAGE/gts/pagecontent/2017-07-15" xmlns:xsi="http://www.w3.org/2001/XMLSchema-instance" xsi:schemaLocation="http://schema.primaresearch.org/PAGE/gts/pagecontent/2017-07-15 http://schema.primaresearch.org/PAGE/gts/pagecontent/2017-07-15/pagecontent.xsd"><Metadata><Creator>User123</Creator><Created>2020-04-25T21:20:21</Created><LastChange>2020-04-25T21:20:21</LastChange></Metadata><Page imageFilename="0030.png" imageHeight="1340" imageWidth="914"><TextRegion id="r0" type="paragraph"><Coords points="1,1 912,1 912,1338 1,1338"/><TextLine id="r0_l001"><Coords points="347,14 347,40 580,40 580,14"/><TextEquiv index="1"><Unicode>ANDRE</Unicode></TextEquiv></TextLine><TextLine id="r0_l002"><Coords points="83,94 188,94 337,91 466,91 646,88 646,57 32,57 32,96 70,96"/><TextEquiv index="1"><Unicode>Ergo ita diuerſas amor idem conficit artes:</Unicode></TextEquiv></TextLine><TextLine id="r0_l003"><Coords points="667,90 337,92 277,94 119,95 119,128 667,128"/><TextEquiv index="1"><Unicode>Qui tamen hoc fecit, non fuit vnus amor.</Unicode></TextEquiv></TextLine><TextLine id="r0_l004"><Coords points="787,171 681,171 681,187 786,188"/><TextEquiv index="1"><Unicode>A</Unicode></TextEquiv></TextLine><TextLine id="r0_l005"><Coords points="651,174 545,174 545,182 550,187 556,190 651,190"/><TextEquiv index="1"><Unicode>r</Unicode></TextEquiv></TextLine><TextLine id="r0_l006"><Coords points="322,191 329,186 329,177 200,177 200,185 206,190 213,193 315,193"/><TextEquiv index="1"><Unicode>V</Unicode></TextEquiv></TextLine><TextLine id="r0_l007"><Coords points="788,188 681,188 676,185 670,189 651,191 561,192 550,188 545,183 517,184 516,177 457,177 456,187 436,188 379,188 330,186 324,191 315,194 245,193 213,194 206,191 199,185 182,187 145,187 145,211 788,211"/><TextEquiv index="1"><Unicode>AI A L</Unicode></TextEquiv></TextLine><TextLine id="r0_l008"><Coords points="692,222 255,222 255,258 304,258 307,256 328,255 404,255 407,257 619,255 624,258 692,258"/><TextEquiv index="1"><Unicode>M EDIOLANENSIS</Unicode></TextEquiv></TextLine><TextLine id="r0_l009"><Coords points="298,257 298,286 562,286 562,257"/><TextEquiv index="1"><Unicode>Emblemata.</Unicode></TextEquiv></TextLine><TextLine id="r0_l010"><Coords points="173,303 173,339 770,339 770,303"/><TextEquiv index="1"><Unicode>AdMaximilianum Ducem Mediolan. ſuper inſigni</Unicode></TextEquiv></TextLine><TextLine id="r0_l011"><Coords points="342,344 342,368 592,368 592,344"/><TextEquiv index="1"><Unicode>ducatus Mediolan. I.</Unicode></TextEquiv></TextLine><TextLine id="r0_l012"><Coords points="136,421 163,417 371,418 437,415 505,415 572,413 648,413 660,414 669,419 724,419 727,418 727,378 514,378 417,381 321,381 279,378 87,378 87,423 99,423"/><TextEquiv index="1"><Unicode>TILIENSinfans ſinuoſi faucibus anguis</Unicode></TextEquiv></TextLine><TextLine id="r0_l013"><Coords points="331,449 444,449 600,446 600,415 437,416 371,419 163,418 125,423 86,424 86,447 125,447 161,451 297,451"/><TextEquiv index="1"><Unicode>Eſt gentiliti s nobile ſtemma tuis.</Unicode></TextEquiv></TextLine><TextLine id="r0_l014"><Coords points="410,482 634,480 634,449 331,450 297,452 220,453 161,452 140,449 88,449 88,484 102,483 155,485 306,485"/><TextEquiv index="1"><Unicode>Talia Pellæum geſſiſſe numiſmata regem,</Unicode></TextEquiv></TextLine><TextLine id="r0_l015"><Coords points="429,515 592,515 708,511 708,481 563,481 495,483 350,484 306,486 122,485 122,517 346,517"/><TextEquiv index="1"><Unicode>Vidimus, hisq; ſuum concelebraſſe genus:</Unicode></TextEquiv></TextLine><TextLine id="r0_l016"><Coords points="837,509 731,509 719,512 652,513 592,516 429,516 303,519 195,518 156,519 88,517 88,547 837,547"/><TextEquiv index="1"><Unicode>Dum ſe Ammone ſitum, matrem anguis imagine luſam,</Unicode></TextEquiv></TextLine><TextLine id="r0_l017"><Coords points="122,548 122,577 667,577 667,548"/><TextEquiv index="1"><Unicode>Diuini &amp; ſobolem ſeminis eſſe docet.</Unicode></TextEquiv></TextLine><TextLine id="r0_l018"><Coords points="733,583 90,585 90,617 453,617 657,614 685,614 690,617 733,617"/><TextEquiv index="1"><Unicode>Ore exit; tradunt ſic quoſdam enitier angues:</Unicode></TextEquiv></TextLine><TextLine id="r0_l019"><Coords points="622,649 678,645 690,642 690,618 263,617 231,619 121,619 121,651 436,651"/><TextEquiv index="1"><Unicode>An quia ſic Pallas de capite orta Iouis?</Unicode></TextEquiv></TextLine><TextLine id="r0_l020"><Coords points="744,649 623,649 581,651 437,651 398,653 195,654 195,683 744,683"/><TextEquiv index="1"><Unicode>Tumulus Ioan. Galeatij Vicecomis; primi Du-</Unicode></TextEquiv></TextLine><TextLine id="r0_l021"><Coords points="333,686 333,712 568,712 568,686"/><TextEquiv index="1"><Unicode>cis Mediolan. .</Unicode></TextEquiv></TextLine><TextLine id="r0_l022"><Coords points="677,747 738,748 738,713 611,713 606,715 589,716 482,718 332,718 317,717 307,713 90,713 90,751 479,751"/><TextEquiv index="1"><Unicode>Pro tumulo, pone Italiam, pone arma, ducesque,</Unicode></TextEquiv></TextLine><TextLine id="r0_l023"><Coords points="528,782 723,780 723,749 609,749 479,752 126,753 126,785 436,785"/><TextEquiv index="1"><Unicode>Et mare, quod geminos mugit adusque ſinus.</Unicode></TextEquiv></TextLine><TextLine id="r0_l024"><Coords points="748,781 528,783 436,786 92,787 92,814 748,814"/><TextEquiv index="1"><Unicode>Adde his Barbariem conantem irrumpere fruſtrat</Unicode></TextEquiv></TextLine><TextLine id="r0_l025"><Coords points="645,848 645,817 125,820 125,850 511,850"/><TextEquiv index="1"><Unicode>Et mercede emptas in fera bella manus.</Unicode></TextEquiv></TextLine><TextLine id="r0_l026"><Coords points="261,885 457,884 512,882 705,882 705,849 512,850 394,853 221,852 173,854 93,854 93,887 201,887"/><TextEquiv index="1"><Unicode>Anguiger aſt ſummo ſiſtens in culmine, dicat;</Unicode></TextEquiv></TextLine><TextLine id="r0_l027"><Coords points="671,883 633,882 512,883 388,886 130,888 130,919 398,919 431,917 603,917 607,919 671,919"/><TextEquiv index="1"><Unicode>Quis paruis magnum me ſuper impoſuit?</Unicode></TextEquiv></TextLine><TextLine id="r0_l028"><Coords points="378,919 378,944 574,944 574,919"/><TextEquiv index="1"><Unicode>Mediolanum. 5.</Unicode></TextEquiv></TextLine><TextLine id="r0_l029"><Coords points="689,949 527,949 454,950 418,952 334,951 324,952 315,949 94,949 94,983 689,983"/><TextEquiv index="1"><Unicode>Bituricis Veruex, Heduis dat Sucula ſignum;</Unicode></TextEquiv></TextLine><TextLine id="r0_l030"><Coords points="400,1017 651,1016 651,984 460,984 270,988 131,988 131,1019 361,1019"/><TextEquiv index="1"><Unicode>His populis patriæ debita origo meæ eſt,</Unicode></TextEquiv></TextLine><TextLine id="r0_l031"><Coords points="646,1081 730,1082 730,1042 714,1042 713,1025 703,1018 400,1018 326,1021 98,1020 98,1083 614,1083"/><TextEquiv index="1"><Unicode>:aca</Unicode></TextEquiv></TextLine><TextLine id="r0_l032"><Coords points="741,1083 423,1085 304,1088 96,1085 96,1114 741,1114"/><TextEquiv index="1"><Unicode>Culta Minerua fuit, nunc eſt vbi numine Thecla</Unicode></TextEquiv></TextLine><TextLine id="r0_l033"><Coords points="457,1151 629,1150 629,1119 443,1119 375,1121 129,1120 129,1152 233,1151 271,1153 418,1153"/><TextEquiv index="1"><Unicode>Mutato, matris virginis ante domum</Unicode></TextEquiv></TextLine><TextLine id="r0_l034"><Coords points="759,1150 457,1152 418,1154 96,1152 96,1186 149,1186 185,1184 312,1186 477,1186 516,1184 759,1186"/><TextEquiv index="1"><Unicode>Laniger huic ſignum ſus eſt, animalq; biforme</Unicode></TextEquiv></TextLine><TextLine id="r0_l035"><Coords points="602,1185 516,1185 477,1187 312,1187 185,1185 129,1187 129,1215 602,1215"/><TextEquiv index="1"><Unicode>Acribus hinc ſetis, lanitio inde leui.</Unicode></TextEquiv></TextLine><TextLine id="r0_l036"><Coords points="808,1218 808,1243 884,1243 884,1218"/><TextEquiv index="1"><Unicode>Nam-</Unicode></TextEquiv></TextLine><TextLine id="r0_l037"><Coords points="40,1280 40,1330 130,1330 130,1280"/><TextEquiv index="1"><Unicode></Unicode></TextEquiv></TextLine></TextRegion></Page></PcGts>