906 1334
365 40 602 67 IGNATII
106 80 731 117 Ergo age tam ſæuis quid vexas fletibus vmbram
106 116 716 150 Dilectam? ah caros iam parce laceſſete manes,
106 150 736 183 Ah lacrimis impone modum, pia Lucia: anillum
108 183 660 217 Nqualem ſuperis immortalemq; putaſti
105 216 757 251 Mortalem? quicquid degit ſub Sole neceſſum eſt
106 251 671 283 Vt pereat. pereunt vrbes, adamantaq; rodit
107 282 756 317 Æraq; Tempus edax; hominem periiſſe dolebis?
105 317 756 350 Finge iterum viuat; iterum morietur, eodemque
105 349 670 383 Illeidem quo nunc cogetur currere campo.
108 382 825 416 Sed quid ego hæc? melius tu, nunquam elata ſecundis,
107 416 704 449 Nec flexa aduerſis, quid opus tibiLucia cernis.
105 448 725 481 Famaque cum ſubitum narrauit nuntia caſum,
103 482 592 516 Nec tu conſilij, nec tu rationis egena:
102 514 724 547 Ingemuiſſe quidem primum; ſed deinde tuliſſe
104 548 589 580 Imperturbato fortunæ vulnera vultu
103 580 637 612 Diceris, O ſexus nitidum decus, heroine
103 614 727 649 Inclyta, queis tandem cælo te laudibus æquem?
139 648 696 680 Necæptis deſiſte precor: meliora fauebunt
104 680 732 715 Numina, nec ſemper tumidis agitabere in vndis.
103 714 766 747 Ecce tibi, patriæ & magnum Latij incrementum
103 748 648 781 Progenies ſurgit; triplici tu pignore diues
104 781 653 814 Inuidiâ Auſonias torquebis, Lucia matres.
104 814 719 848 At vos & Phæbi & Martis iuſtiſſima cura
103 847 597 880 Viuite felices pueri, præclaraque geſta
102 881 723 915 Patris, & egregiam Muſis ſuperate parentem
219 962 327 977 E
352 962 475 980 A
218 963 750 1012 I ALANI
348 1013 623 1036 MERATENSIS.
233 1055 728 1081 Ad Carolum Emanuelem Sabaud. Ducem.
101 1081 903 1132 ISoritui Bellonam inter doctamque Mineruamt
101 1130 686 1166 Hæc ſibi prima cupit, quærit & illa ſibi.
99 1158 688 1202 Hinc iaculo Bellona potens, hinc Pallas acuto
132 1194 565 1234 Haſtili nira eſt. vtraq; bella ciet.
747 1244 870 1280 Igu-
