913 1334
337 3 546 27 ALBANI.
46 44 630 80 Igneſcunt iræ: ſubeunt certamina, Amaren
80 80 523 114 Qualia peltato milite geſſit atrox.
44 113 672 145 Hæc cadit, illa furit: petit hæc, proſternitur illas
81 147 589 179 Tertia pugna inſtat; tertia pugna ruit.
47 179 607 220 Quis Deus iratas poſſit componere Diuas?
82 214 552 246 Audeat inuictæ quis dare iura Deæ?
50 246 702 274 Carolus hic ille eſt. ambæ comitantur euntem,
31 280 631 313 Seu fera bella mouet, ſeu pia templa colit.
31 312 639 346 Viue igitur felix tanto ſub Numine Princeps:
88 347 700 382 Concute Marte ſolum; Pallade vince polum
300 382 505 405 Ad eundem.
50 413 782 447 Me quocumque feram, quacumque in parte reuoluam,
87 447 628 479 Me premit inſolite luxq; decorq; tuus.
52 481 613 513 Si memorare pios placeat, pietate ſecundus
87 513 553 546 Nulli es: fi fortes, fortior ipſe præis.
55 547 727 584 Seu certare manu, ſeu dogmata voluere mente,
85 580 619 614 Alterutrâ nunquam cerneris arte minor.
51 610 797 648 Ergo quid annumerem reliquos? celebrare quid inſtem
86 648 715 685 Carminis omne genus vincis, & omne Ducum.
346 682 530 707 Eidem.
49 713 727 749 Iam veterum ſanxitmerltò ſententia quondam,
86 747 567 781 Cederet vt doctæ Martia turba togæ
53 779 709 814 Aſt nunc haud facilè eſt in tediſcernere, Princeps,
87 814 665 847 Palladis ars palmam, Martis an arma ferant.
57 847 752 879 Quo tamen hoc magisincertum eſt; eſt certius armis
87 881 583 915 Longe te reliquos vincere & ingenio.
366 916 511 938 Ad eundem.
61 947 729 980 Quid conor dignas, Princeps tibi reddere laudes?
90 981 684 1013 Laudibus his ſemper, Carole, maior eris.
57 1014 760 1048 Namq; vt nulla valent lucem addere lumina Phœbo;
92 1047 633 1081 Sic tua carminibus creſcere fama nequit.
55 1081 788 1116 Hæc demum eſt tua laus, Dux inclite; maxima quod te
87 1114 712 1146 Carmina concelebrant plurima; nulla ſatis.
270 1148 621 1180 In aduentum Aquiuiuæ Card.
59 1180 597 1217 iuulus exigu pelago ſe diſtrahit vnd;
789 1211 841 1252 S
495 1217 619 1245 AI
