909 1340
322 13 607 40 IGNAT
142 60 650 93 Sed rediens largo flumine volvit aquas.
107 87 880 129 Quos tecum tum, Aquauiua, trahes, quos laueris vnd
140 126 619 161 Ipſe tuâ, quando patria regna petes?
413 161 561 186 Ad eindem.
105 190 772 224 Dum tibi, Roma inhiat, Volſcorum pergis ad oras,
140 226 562 261 O patrij princeps gloria rara ſoli:
100 259 667 294 Sidere ſub rigido mauis cur viuere vitam,
143 293 672 329 Quam Romæ lætos continuare dies?
106 324 753 361 Auguror: haud animi poterat tua maxima virtus
118 361 519 402 Exiguæ arctari finibus Italiæ.
278 393 691 427 In obitum PhippiII. Hitan. Regis.
107 426 715 456 Vnum crediderat, binos tamen ecce Philippos
144 460 609 495 Iupiter in terris ſenſit, & intremuit.
108 491 710 530 Quippe gigantæam tanto ſub nomine prolem
142 526 597 560 Horruit antiquis cautus ab inſidijs.
106 557 697 593 Aſt ſubito exſurgens nigro imperterrita villo
140 595 674 620 Liberat hoc tanto Parca timore Iouem.
105 626 708 661 Vtq; vno inuictum certet ſub principe nomen
144 659 634 693 Stamina maturi præſecat vngue ſenis.
106 694 716 727 Scilicet hoc æquum eſt: in cœlis Iupiter vnus,
143 727 664 757 Vnus & in terris cuncta, Philippe, regas.
298 759 687 792 In obitum Auguſtini Cuſani Card.
108 789 817 826 Fama obijſſe refert Cuſanum; aſt fallitur: ipſum
145 825 635 861 Cuſanum pietas viuere vbique refert.
335 861 654 886 I Buccium maleludentem.
108 891 722 924 Cum benè directum certo meditatus in orbem
143 925 722 964 Iactu indis globulum, Buccie, nemo probat.
109 959 744 993 Aſt malè cum iacias; quàm belle dirigis aiuns
144 994 647 1024 Buccie, ſi bene vis ludere, lude male-
418 1029 568 1051 Ad amicum.
109 1058 787 1096 Niſus vt Euryalo, Pylades vt amicus Oreſti;
145 1093 645 1129 Vt Theſeus quondam Pirithooq; fuit:
107 1126 693 1161 Siego perpetuo tibi fœdere iungar amoris;
107 1160 644 1192 Tuq; mihi æterno fœdere iunctus eris.
111 1193 734 1229 Mors equidem noſtræ perfringet ſtamina vitæ;
788 1225 889 1255 Vineu
