928 1331
331 1 543 22 ALBANI.
81 38 680 76 Vineula non ſoluet, nos quibus arctat amor.
184 75 684 107 Ad argar. Auſtriac. loquitur America.
46 107 734 141 Vltima, ne ſpernas munus, quod America mittit;
82 141 611 173 Partibus e cunctis vltima, prima tibi eſt.
294 174 572 208 De Epigrammate oblato.
50 207 632 239 Parua fero, fateor; ſed me totum accipis iſto
86 242 693 275 Munere: ſi totum cur dare magna negem?
357 276 507 304 Ad Bottum.
30 296 649 336 Omnibus eſt maior, credo Micconus: at vno,
59 340 681 375 Dum tu illum oppugnas, dicitur eſſe minor.
339 375 553 406 De ver Iuſtiti.
29 406 688 443 Quæ Dea? Iuſtitia. & cur toruolumine? leti
86 442 630 474 Neſcia ſum lacrimis, nec prece nec pretio.
29 470 775 508 Quod genus? à Superis. genitor quis? Iupiter. ex quâ
83 509 653 541 Matrc fide. nutrix quæ tua? Pauperies.
51 541 767 575 Quis gremio infantem fouit? Prudentia. qunam
81 574 579 607 Freta duce agnoſcis crimina? Iudicio.
48 607 745 640 Cur gladium tua dextra gerit, cur læua bilancem?
81 640 643 672 Ponderat hæc cauſſas: percutit ille reos.
30 672 772 707 Quid rari adſiſtunt? quod copia rara bonorum et.
82 707 690 741 Quæ comes adſidua eſt? candida Simplicitas.
46 740 717 772 Aurium aperta tibi cur altera, & altera clauſa eſt?
56 773 590 806 Hæc ſurda iniuſtis; panditur illa bonis.
47 805 631 839 Paupere cur ſemper cultu? iuſtiſſimus eſſe
82 839 666 873 Qui cupit, exiguas ſemper habebit opes.
296 873 578 904 Defal Iuſtiti.
53 906 700 938 Quæ tu? Iuſtitia? & cur blando lumine? lectar
83 939 651 971 Protinus ante omnes non prece, ſed pretio.
52 973 780 1006 Quod genus? à terris. quo patre? Dolo. vnde creata?
81 1006 586 1040 Ex SpeP quæ nutrix? aurea materies.
29 1031 686 1072 Quis gremio infantem te fouit? Opinio fama.
77 1073 652 1105 Quomodo cognoſcis crimina? muneribus.
43 1103 654 1139 Cur dextrâ gladium geſtas, lancemq; iniſtrâ e
76 1139 625 1171 Hæc peragit cauſſam diuitis; illa inopis.
44 1172 742 1207 Quid multi adſiſtunt? citat hic. tenet hic, ligat lter.
760 1206 824 1241 ue
