916 1386
357 62 589 87 IGNATII
121 105 666 137 Quæ comes? argenti candida Simplicitas.
87 137 694 170 Altera clauſa tibi cur auris, & altera aperta eſt?
120 172 631 204 Hæc patet iniuftis; clauditur illa bonis.
86 205 786 245 Diuite cur habitu? ſemper manus adgregat aurum
120 238 673 273 Si nequit, vnde velit; ſurripit vnde poteſt.
184 273 796 306 De Matthæo Riparolâ, Epiſc. & Matth. Senare-
328 307 568 341 gâDuce Genuenſi.
85 338 696 372 Dum duo Matthæi certant potioribus vrbem
118 372 627 406 Adficere officijs; fertur vterque bonus.
83 405 694 437 Dumq; hos vrbs meritâ ſtatuit donare coronâ,
118 438 666 470 Debetur, dubium eſt, cui prius imperium.
81 471 736 505 Ne dubites: ſimili æternantur munere vterque;
114 504 635 537 Ille polum curat; temperat iſte ſolum.
329 540 589 570 Ad puerum Spiulam.
79 570 622 604 Aoniâ in ſilua Muſæ te condere quærunt:
114 604 635 636 Spinula ni lateas, Spinula nullus eris.
286 639 640 670 In Purpuratum. Retrogradum.
78 667 773 704 Mens tua, non tua ſors; animusgpura, tanto
113 704 593 736 Scribere me verſus hos facit ingenio.
78 737 721 770 Te colo, non colo res: famam, non aurea quæro
112 770 639 804 Munera; dant magni quæ tibi cœlicolæ.
237 805 685 836 Ad Carolum Borgiam, Ducem Gandiæ.
77 835 729 869 Carminibus Carolum cupio celebrare; ſed ecce
100 869 691 902 Franciſcum referunt carmina noſtra patrem.
73 903 677 932 Franciſcum rurſus mens eſt extollere; & ecce
107 936 591 970 Laudibus in tantis inferitur Carolus.
77 970 805 1003 Hincque nepos proauum, proauusque referre nepotem
110 1004 612 1036 Gaudet, & eluſis ludit vterque metris.
82 1037 749 1071 Scilicet hoc æquum eſt: cultus quibus vnus, & vna
113 1069 765 1106 Gensque domusque fuit, ſufficit vnus honor.
383 1106 530 1129 Ad eundem.
72 1135 644 1170 Flebat Muſa tnum ſe non vidiſſe parentem;
72 1170 569 1203 Cum tereſpexit; vidi, ait, & tacuit.
351 1206 612 1237 A B. Virginem.
69 1236 705 1272 Iulerum Pactolus deſpumat Ldius aurum;
787 1273 879 1300 Pu
