900 1311
338 1 546 19 A LBANI.
85 33 590 68 Puleer & irriguis nobilis hortus aquis.
48 67 654 101 Pulcræ pellucent Erithræo in littore gemmæ
87 100 612 134 Pulcra nitent ſummo ſidera nocte polo.
56 134 622 163 Pulcra micat cœlo nitidi lux Solis ab axe
92 167 654 201 Pulcra Damaſcenis & roſa vernat agris.
59 201 659 235 Pulcrior at multo es, virgo & formoſior omni
95 234 627 269 Auro, horto, gemmâ, ſidere, luce, roſa.
342 269 539 299 De S. Catharinâ.
63 295 694 334 Inclita tergeminum vicit Catharina Tyrannum,
98 334 683 364 Hinc Mars, hinc Pallas ſæuijt, inde Venus.
64 366 622 397 Mars ferro ruit armato; ſermone Minerua
98 400 700 434 Arguto; illecebris quæ Dea nata freto eſt.
60 434 668 465 Carnifices Mauors, ſapientes Pallas alumnos,
95 468 688 500 Aſt Venus impurum traxit in arma Ducem
61 500 765 534 Dux, Venus, Illecebræ, Docti, Enthymemata, Pallas,
94 535 735 567 Mars, Ferrum atque Homines nil valuere truces.
62 566 709 599 Nam ferrum Virtute, Sophos ſermone diſerto.
93 600 551 633 Et blandos vicit Virginitate dolos.
61 633 733 667 Sic triplici triplicem referens ex hoſte triumphum,
92 667 620 704 In cœlo Martyr, Virgo, Magiſtra, micat.
362 703 530 725 In Peccatorem.
59 732 717 767 Ludis, & ad multam ducis conuiuianoctem,
93 767 709 800 Duraque neo miſerum te tua Fata premunt?
64 799 625 831 Ah miſer; interea triplici panduntur hiatu
94 833 703 866 Tartara, nec miſerum te tua Fata premunt.
64 865 713 908 Vis ſapere, heu miſer, æterno ne tempore flagresl
94 899 542 932 Incipe deſipere, ſic ſapere incipies.
235 933 654 966 Detribus votis Relig. Eeho ad Ieſum.
67 964 733 1000 Qu properas ligno compreſſus membra tumenti?
94 1000 564 1032 Menti coniungi dulcis amica, volo.
62 1031 625 1065 Quid tantos in te noſtri ſuccendit amores?
89 1066 628 1099 Mores queis multum condecorata nites.
57 1165 661 1199 Corde meo te igitur, Ieſu dulciſſime, elaudo
735 1197 839 1227 Laudo,
