910 1344
296 5 574 39 IGNATII
106 48 647 83 Laudo, ac propterea præmia magna feres.
74 81 700 117 Dic, quod erit tantum, Ieſu ſuauiſſime, munus?
108 118 628 149 Vnus eris mecum, & cœlica regna petes.
322 151 638 182 Defnne yrrhi Comitis.
73 182 689 217 Fontem auro Pyrrhus, varijs Ars artibus ornat,
108 217 581 249 Et Natura ſuas larga profundit opes.
74 249 663 282 Hoc vnum deerat complecti carmine laudes:
108 282 620 318 Hoe peragit docto carmine, ſed mutilo.
74 312 730 349 Dicere adhuc cum plura queat, cur ſiſtere mauult?
111 349 602 383 Quod poterat dici credidit eſſe minus.
309 383 608 408 In obitum Paulli Honorati.
78 414 684 452 Quiſquis Honoratum perijſſe exiſtimat, errat:
112 447 668 481 Viuit enim in ſupera, viuet & vſque domo.
76 482 666 515 Verùm, ſi viuit genitor, cur deflet? Honorem
109 514 591 543 Hinc abiiſſe ſuum,non obiiſſe dolet.
406 550 532 573 De eodem.
77 583 633 617 Fulget Honoratus virtutis viuus honore,
111 615 638 642 Mors nec Honorati triſtis honore caret.
79 647 688 683 Corpus Honorati magno tumulatur honor
111 681 672 714 Mens in ſidereâ ſplendet honore domo.
79 713 730 750 In cœlo, in terris, mors, vita merentur honore;
112 747 635 783 Dignus Honoratus ſemper honore frui.
386 782 504 809 De eodem.
80 808 804 845 Non vitam hanc, vitam;ſed triſtem cenſeo mortem.
111 849 444 883 Mors ipſa, vita perpes eſt.
79 878 706 914 Mortis Honoratum ſtringebant vincula viuum;
115 916 440 944 His eſt ſolutus occubans.
80 947 619 981 Viuit Honoratus: vitalem degere vitam
116 982 491 1018 Incepit; at mors mortua eſt.
343 1017 515 1049 Ad eundem.
82 1045 681 1083 Ante patrem moreris: ſic fama at fallitur illa
117 1084 633 1117 Vita patris, moritur te moriente pater.
408 1117 528 1140 De codem.
82 1146 689 1180 Vixit Honoratus; meruit dum vixit, honorem.
117 1179 733 1213 Mortuum Honoratum flens comitatur honor.
797 1212 864 1238 Ide
