<PcGts xmlns="http://schema.primaresearch.org/PAGE/gts/pagecontent/2017-07-15" xmlns:xsi="http://www.w3.org/2001/XMLSchema-instance" xsi:schemaLocation="http://schema.primaresearch.org/PAGE/gts/pagecontent/2017-07-15 http://schema.primaresearch.org/PAGE/gts/pagecontent/2017-07-15/pagecontent.xsd"><Metadata><Creator>User123</Creator><Created>2020-04-25T21:20:15</Created><LastChange>2020-04-25T21:20:15</LastChange></Metadata><Page imageFilename="0039.png" imageHeight="1329" imageWidth="904"><TextRegion id="r0" type="paragraph"><Coords points="1,1 902,1 902,1327 1,1327"/><TextLine id="r0_l001"><Coords points="358,2 358,27 589,27 589,2"/><TextEquiv index="1"><Unicode>ALBANI</Unicode></TextEquiv></TextLine><TextLine id="r0_l002"><Coords points="372,48 372,80 544,80 544,48"/><TextEquiv index="1"><Unicode>Idem loquitur.</Unicode></TextEquiv></TextLine><TextLine id="r0_l003"><Coords points="475,79 334,79 324,78 318,75 70,75 70,110 475,110"/><TextEquiv index="1"><Unicode>Lux &amp; delitium fui parentum;</Unicode></TextEquiv></TextLine><TextLine id="r0_l004"><Coords points="578,112 527,112 520,114 71,113 71,145 578,146"/><TextEquiv index="1"><Unicode>Nunc mœror, lacrimæ, dolor, tenebræ.</Unicode></TextEquiv></TextLine><TextLine id="r0_l005"><Coords points="555,147 73,146 73,175 555,175"/><TextEquiv index="1"><Unicode>Nomen eſt ab Honore mi tributum;</Unicode></TextEquiv></TextLine><TextLine id="r0_l006"><Coords points="470,180 305,179 226,181 72,179 72,211 470,212"/><TextEquiv index="1"><Unicode>Et vixi mea quod ferebat ætas</Unicode></TextEquiv></TextLine><TextLine id="r0_l007"><Coords points="567,212 74,212 74,244 567,245"/><TextEquiv index="1"><Unicode>Ob mores, ſtudiumq; Honore dignus.</Unicode></TextEquiv></TextLine><TextLine id="r0_l008"><Coords points="542,248 540,247 229,246 194,247 76,245 76,274 542,274"/><TextEquiv index="1"><Unicode>Conceſſum eſt tria vix videre luſtra;</Unicode></TextEquiv></TextLine><TextLine id="r0_l009"><Coords points="79,278 79,313 574,313 574,278"/><TextEquiv index="1"><Unicode>Cum Mors nec teneris pepercit annis.</Unicode></TextEquiv></TextLine><TextLine id="r0_l010"><Coords points="78,313 78,342 532,342 532,313"/><TextEquiv index="1"><Unicode>Non citam doleo fuiſſe mortem;</Unicode></TextEquiv></TextLine><TextLine id="r0_l011"><Coords points="79,345 79,379 630,379 630,345"/><TextEquiv index="1"><Unicode>Nec mors eſt cita, quæ facit beatum</Unicode></TextEquiv></TextLine><TextLine id="r0_l012"><Coords points="653,379 638,379 635,381 628,382 604,382 586,380 79,379 79,410 92,411 653,412"/><TextEquiv index="1"><Unicode>Sed quod tam breue gaudium parentum,</Unicode></TextEquiv></TextLine><TextLine id="r0_l013"><Coords points="602,414 77,412 77,444 602,444"/><TextEquiv index="1"><Unicode>Sim mœror, lacrymæ &amp; dolor perennis.</Unicode></TextEquiv></TextLine><TextLine id="r0_l014"><Coords points="621,448 299,448 299,478 621,479"/><TextEquiv index="1"><Unicode>Ad eundem. pater loquitur.</Unicode></TextEquiv></TextLine><TextLine id="r0_l015"><Coords points="685,479 72,479 72,509 685,510"/><TextEquiv index="1"><Unicode>Nate tibi tumulus cœlum; ſint funera laudes;</Unicode></TextEquiv></TextLine><TextLine id="r0_l016"><Coords points="777,505 777,527 855,527 855,505"/><TextEquiv index="1"><Unicode></Unicode></TextEquiv></TextLine><TextLine id="r0_l017"><Coords points="106,512 106,546 617,546 617,512"/><TextEquiv index="1"><Unicode>Ne deſint lacrimæ; vita parentis erunt.</Unicode></TextEquiv></TextLine><TextLine id="r0_l018"><Coords points="377,548 377,571 536,571 536,548"/><TextEquiv index="1"><Unicode>De eodem.</Unicode></TextEquiv></TextLine><TextLine id="r0_l019"><Coords points="710,579 75,579 75,613 468,612 497,614 710,614"/><TextEquiv index="1"><Unicode>Quærit Honoratus verum ſibi ſemper honorem:</Unicode></TextEquiv></TextLine><TextLine id="r0_l020"><Coords points="107,614 107,646 687,646 687,614"/><TextEquiv index="1"><Unicode>Hinc volat ad Superos, eſt vbi verus honor.</Unicode></TextEquiv></TextLine><TextLine id="r0_l021"><Coords points="342,649 342,672 516,672 516,649"/><TextEquiv index="1"><Unicode>Ad edem.</Unicode></TextEquiv></TextLine><TextLine id="r0_l022"><Coords points="71,679 71,715 749,715 749,679"/><TextEquiv index="1"><Unicode>Viuere dignus eras plures quàm Neſtoris annos:</Unicode></TextEquiv></TextLine><TextLine id="r0_l023"><Coords points="621,715 106,715 106,745 222,747 621,747"/><TextEquiv index="1"><Unicode>Non licuit tot, quot viuere dignus eras.</Unicode></TextEquiv></TextLine><TextLine id="r0_l024"><Coords points="682,747 648,749 72,747 72,780 682,780"/><TextEquiv index="1"><Unicode>Quin licuit. tot eras quot dignus viuere, viuis:</Unicode></TextEquiv></TextLine><TextLine id="r0_l025"><Coords points="103,782 103,814 580,814 580,782"/><TextEquiv index="1"><Unicode>In cœlo æternos viuere dignus eras.</Unicode></TextEquiv></TextLine><TextLine id="r0_l026"><Coords points="299,814 299,846 597,846 597,814"/><TextEquiv index="1"><Unicode>I obitum Alexandri N.</Unicode></TextEquiv></TextLine><TextLine id="r0_l027"><Coords points="70,847 70,881 685,881 685,847"/><TextEquiv index="1"><Unicode>Deuictam terram, partas &amp; ſanguine palmas,</Unicode></TextEquiv></TextLine><TextLine id="r0_l028"><Coords points="99,882 99,914 607,914 607,882"/><TextEquiv index="1"><Unicode>Iactat Alexandri Græcia magna Ducis.</Unicode></TextEquiv></TextLine><TextLine id="r0_l029"><Coords points="681,914 71,914 71,946 158,948 681,948"/><TextEquiv index="1"><Unicode>Iactet Alexander melior ſine ſanguine cœlum,</Unicode></TextEquiv></TextLine><TextLine id="r0_l030"><Coords points="618,949 102,948 102,980 618,981"/><TextEquiv index="1"><Unicode>Summaq; diuers parta trophæa manu</Unicode></TextEquiv></TextLine><TextLine id="r0_l031"><Coords points="618,982 75,981 75,1014 618,1014"/><TextEquiv index="1"><Unicode>Quàm melior virtus animi virtute cadui</Unicode></TextEquiv></TextLine><TextLine id="r0_l032"><Coords points="648,1014 237,1014 198,1016 110,1015 102,1016 102,1048 648,1048"/><TextEquiv index="1"><Unicode>Corporis iſta ſolum vincit, &amp; illa polum.</Unicode></TextEquiv></TextLine><TextLine id="r0_l033"><Coords points="299,1048 299,1081 607,1081 607,1048"/><TextEquiv index="1"><Unicode>In obitum Ageli Moroni.</Unicode></TextEquiv></TextLine><TextLine id="r0_l034"><Coords points="421,1113 660,1114 663,1113 663,1081 69,1081 69,1115 372,1115"/><TextEquiv index="1"><Unicode>Quid te, cara More, inſignem candore niuali,</Unicode></TextEquiv></TextLine><TextLine id="r0_l035"><Coords points="560,1146 602,1144 668,1147 668,1114 421,1114 372,1116 302,1115 214,1117 71,1117 62,1121 37,1123 37,1149 270,1149"/><TextEquiv index="1"><Unicode>Atq; ita præclaram reddit?an almus amor?</Unicode></TextEquiv></TextLine><TextLine id="r0_l036"><Coords points="694,1147 475,1147 199,1151 63,1150 57,1152 36,1150 36,1184 58,1184 63,1182 348,1182 394,1180 645,1180 652,1184 694,1184"/><TextEquiv index="1"><Unicode>Ila nitens quondam, fi vera eſt fabula, Thisbe</Unicode></TextEquiv></TextLine><TextLine id="r0_l037"><Coords points="616,1181 95,1183 95,1216 616,1216"/><TextEquiv index="1"><Unicode>Atra ſtatim maguo reddita amora fuit.</Unicode></TextEquiv></TextLine><TextLine id="r0_l038"><Coords points="775,1217 775,1250 844,1250 844,1217"/><TextEquiv index="1"><Unicode>Ero</Unicode></TextEquiv></TextLine></TextRegion></Page></PcGts>