904 1329
358 2 589 27 ALBANI
372 48 544 80 Idem loquitur.
70 75 475 110 Lux & delitium fui parentum;
71 112 578 146 Nunc mœror, lacrimæ, dolor, tenebræ.
73 146 555 175 Nomen eſt ab Honore mi tributum;
72 179 470 212 Et vixi mea quod ferebat ætas
74 212 567 245 Ob mores, ſtudiumq; Honore dignus.
76 245 542 274 Conceſſum eſt tria vix videre luſtra;
79 278 574 313 Cum Mors nec teneris pepercit annis.
78 313 532 342 Non citam doleo fuiſſe mortem;
79 345 630 379 Nec mors eſt cita, quæ facit beatum
79 379 653 412 Sed quod tam breue gaudium parentum,
77 412 602 444 Sim mœror, lacrymæ & dolor perennis.
299 448 621 479 Ad eundem. pater loquitur.
72 479 685 510 Nate tibi tumulus cœlum; ſint funera laudes;
106 512 617 546 Ne deſint lacrimæ; vita parentis erunt.
377 548 536 571 De eodem.
75 579 710 614 Quærit Honoratus verum ſibi ſemper honorem:
107 614 687 646 Hinc volat ad Superos, eſt vbi verus honor.
342 649 516 672 Ad edem.
71 679 749 715 Viuere dignus eras plures quàm Neſtoris annos:
106 715 621 747 Non licuit tot, quot viuere dignus eras.
72 747 682 780 Quin licuit. tot eras quot dignus viuere, viuis:
103 782 580 814 In cœlo æternos viuere dignus eras.
299 814 597 846 I obitum Alexandri N.
70 847 685 881 Deuictam terram, partas & ſanguine palmas,
99 882 607 914 Iactat Alexandri Græcia magna Ducis.
71 914 681 948 Iactet Alexander melior ſine ſanguine cœlum,
102 948 618 981 Summaq; diuers parta trophæa manu
75 981 618 1014 Quàm melior virtus animi virtute cadui
102 1014 648 1048 Corporis iſta ſolum vincit, & illa polum.
299 1048 607 1081 In obitum Ageli Moroni.
69 1081 663 1115 Quid te, cara More, inſignem candore niuali,
63 1114 668 1149 Atq; ita præclaram reddit?an almus amor?
63 1147 694 1184 Ila nitens quondam, fi vera eſt fabula, Thisbe
95 1181 616 1216 Atra ſtatim maguo reddita amora fuit.
775 1217 844 1250 Ero
