913 1344
343 15 577 40 ANDREÆ
77 56 643 94 Ergo ita diuerſas amor idem conficit artes:
115 92 663 129 Qui tamen hoc fecit, non fuit vnus amor.
677 173 783 189 AI
542 175 647 191 e
196 178 325 195 T
142 178 784 212 A LI
251 223 687 260 MEDIOLANENSIS
369 258 559 287 Emblemata.
169 305 766 340 AdMaximilianum Ducem Mediolan. ſuper inſigni
338 345 588 369 ducatus Mediolan. I.
83 380 722 424 ILIENs infans ſinuoſifaucibus anguin
83 416 596 452 Eſt gentiliti s nobile ſtemma tuis.
84 450 630 486 Talia Pellæum geſſiſſe numiſmata regem,
118 483 704 518 Vidimus, hisq; ſuum concelebraſſe genus:
84 510 832 548 Dum ſe Ammone ſtum, matrem anguis imagine luſam,
118 549 655 578 Diuini & ſobolem ſeminis eſſe docet.
86 584 729 617 Ore exit; tradunt ſic quoſdam enitier angues:
117 617 687 652 An quia ſic Pallas de capite orta Iouis?
192 650 741 684 Tumulus Ioan. Galeatij Vicecomitis; primi Du-
329 686 564 713 cis Mediolan. .
86 714 735 752 Pro tumulo, pone Italiam, pone arma, ducesque
122 750 719 786 Et mare, quod geminos mugit adusque ſinus.
88 782 744 818 Adde his Barbariem conantem irrumpere fruſtrat
121 817 641 851 Et mercede emptas in fera bella manus.
89 850 701 888 Anguiger aſt ſummo ſiſtens in culmine, dicat;
127 884 667 920 Quis paruis magnum me ſuper impoſuit?
375 920 571 948 Mediolanum. .
90 950 685 984 Bituricis Veruex, Heduis dat Sucula ſignum;
127 985 647 1020 His populis patriæ debita origo meæ eſt,
94 1019 726 1084 eæær
92 1084 736 1115 Culta Minerua fuit, nunc eſt vbi numine Thecla
126 1119 626 1154 Mutato, matris virginis ante domum.
93 1150 772 1187 Laniger huic ſignum ſus eſt, animalq; biforme
125 1186 598 1217 Acribus hinc ſetis, lanitio iude leui.
804 1219 878 1244 Ne-
