899 1331
359 12 596 39 ANDREÆ
99 54 610 89 Illicitos odit coitus, abigitq; nocentes,
98 88 753 122 Barbaries, feritasq; dat impia denique pœnam
97 122 588 155 Vnius virtus collectos diſſipat hoſtes:
96 156 753 190 Inueliit in patriam externis bona plurima ab oris;
95 190 773 224 Docta per ora virûm volat & non interit vnquam
260 224 695 256 Eloquentia yfrritudine ptæſtantior. t.
97 256 768 292 Arcum læua tenet: rigidam fert dextera clauam,
128 291 633 324 Contegit & Nemees corpora nuda leo.
92 324 736 357 Herculis hæc igitur facies? non conuenit illud
127 357 661 391 Qud vetus & ſenio tempora cana gerit.
92 391 754 431 Quid quod lingua illi lenibus traiecta cathenis
126 424 590 458 Queis fiſſa facileis allicit aure viros?
88 457 679 490 Anne quod Alciden lingua non robore Galli
122 491 655 524 Præſtantem, populis iura dediſſe ferunt?
88 524 717 558 Cedunt arma togæ, & quamuis duriffima cord
118 558 571 592 Eloquio pollens ad ſua vota trahit.
335 592 597 623 Facuvdia dis. 9.
82 625 655 658 Antidotum Aeæ medicata in pocula Circes,
116 658 654 687 Mercurium hoc Ithaco fama dediſſe fuit.
83 692 615 727 Moly vocant, id vix radice euellitur atrâ,
116 725 641 760 Purpureus ſed flos, lactis & inſtar habet.
79 759 620 793 Eloquij candor facundiaq; allicit omnes:
116 793 579 824 Sed multi res eſt tanta laboris opus.
246 828 685 860 E literarum ſtudis immortalitas. o.
78 860 648 895 Neptuni tubicen cuius pars vltima cetum
113 892 633 929 .quoreum faciesindicat eſſe Deum:
79 927 750 962 Serpentis medio Triton comprehenditur orbe
112 962 672 997 Qui caudam inſerto mordicus ore tenet.
75 994 654 1026 Fama viros animo infignes, præclaraq; geſta
110 1028 617 1063 Proſequitur; toto mandat & orbe legi.
326 1062 591 1094 Inſignia Poearum. .
76 1092 688 1128 Gentiles clypeos ſunt qui in Iouis alite geſtant,
112 1128 728 1162 Sunt quibus aut Serpens, aut Leo ſigna ferunt:
76 1162 651 1198 Dira ſed hæc vatum fugiant animalia ceras;
110 1195 656 1231 Doctaq; ſult:neat ſtemmata pulcher olor.
795 1231 857 1271 Hie
