902 1332
391 32 621 59 ANDRE
415 80 577 104 Concordia. 5.
111 101 683 142 Im bellum ciuile duces cum Roma paratet,
161 143 625 176 Vitibus & caderet Martia terra ſuis:
120 175 719 207 Mos fuit in partes turmis coeuntibus, eâſdem
158 210 660 235 Coniunctas dextras mutua dona dare.
123 242 774 276 Fœderis hæe ſpecies, id habet Concordia ignum
159 276 715 309 Vt quos iungit amor, iungat & ipfa manus.
337 311 657 344 Concordia inſuperabilis. a6.
124 343 683 374 Tergeminos inter fuerat concordia fratres,
161 376 712 409 Tanta ſimul pietas mutua, & vnus amor;
121 409 727 448 uicti humanis vt viribus ampla tenerent
159 443 635 476 Regna, vno dicti nomine Geryonis.
262 477 716 509 Vnum nihil, duos plurimum poee. 7.
121 508 748 545 Laërte genitum, genitum quoque Tydeos vnà,
163 542 712 574 Hac cerâ exprefſit enalis apta manus.
123 576 758 609 Viribus hic præſtat, hic pollet acumine mentis;
161 610 663 643 Nec tamen alterius non eget alter ope.
124 640 760 676 Cum duo coniuncti veniunt, victoria certaeſt;
156 676 714 704 Solum mens hominem, dextraue deſtituit.
360 711 648 743 Concordiæ ſymbolum. 2s.
125 743 688 773 Cornicum mira inter ſe concordia vitæ eſt,
158 778 695 812 Inq; vicem nunquam contemerata fides.
124 811 846 846 Hinc volucres has ſceptra gerunt; quod ſcilicœt omns
131 844 704 878 Conſenſu populi ſtantq; eaduntq; dutes:
126 878 683 912 Quem ſi de medio tollas, diſcordia præceps
157 911 616 943 Aduolat, & ſecum regia fata trahit.
345 947 653 979 Non vulganda conſilia. e.
123 979 793 1013 Limine quod cæco, obſcurâ & caligine montrum
159 1013 650 1038 Gnoſiacis claufit Dædalus in latebris:
123 1047 738 1081 Depictum Romana phalanx in prælia geſtat;
161 1081 671 1114 Semiuiroq; nitent ſigna ſuperba boue:
125 1112 701 1148 Noſq; monent, debere ducum ſecreta latere
118 1146 680 1181 Conſilia, auctori cognita techna nocet.
394 1184 594 1215 Silentium. o.
124 1210 867 1252 Cum tacet: haud quicquam differt ſaplentibus amens
829 1256 900 1281 Stu
