898 1333
336 22 600 62 ALCIATI
105 65 609 99 tultitiæ eſt index linguaq; voxq; ſuæ.
75 99 672 134 Ergo premat labia, digitoq; ſilentia ſigneti
106 134 632 163 Et ſeſe Pharium vertat in Harpocratem.
247 167 672 200 Nec quaſtioni quidem cedendum.r.
78 200 708 233 Cecropiâ effictam quam cernis in arce leænam
109 232 653 264 Harmedij an neſcis hoſpes amica fuit.
81 266 708 299 Sic animum placuit monſtrare viraginis acrem,
110 299 601 332 More feræ; nomen vel quia tale tulit.
82 331 697 366 Quod fidibus contorta, ſuo non prodidit vllum
114 365 614 399 Indicio, elinguem reddidit Iphicrates.
215 399 639 432 Prudens magis qum loquax.. r.
69 426 681 466 Noctua Cecropiis inſignia præſtat Athenis,
111 465 541 495 Inter aues fani Noctua confilij.
77 498 742 532 Armiferæ merito obſequiis facrata Mineruæ e.
109 532 609 566 Garrula quo cornix ceſlerat ante loco.
388 567 561 594 Prudens. 5.
73 593 745 641 Iane bifrons, qui iam tranſacta, futuraq; calles;
108 632 643 665 Quiq; retr ſannas ſicut & ante vides:
55 666 746 699 Tot te cur oculis, tot fingunt vultibus? an quod
105 698 748 730 Circumſpectum hominem forma fuiſſe docet?
213 734 702 766 Conilio d virtute ſuperatur Chimæra. .
50 753 810 799 Bellerophon vt fortis eques ſuperare Chimæra
104 799 579 831 Et Licij potuit ſternere monſtra ſoli.
71 832 652 866 Sic tu, Pegaſeis vectus petis æthera pennis,
102 864 691 904 Conſilioq; animi monſtra ſuperba domas.
346 901 565 928 Maturandum. 4.
70 933 707 966 Maturare iubent propere, & cunctarier omnes
102 967 698 999 Ne nimium præceps, neu mora loga nimis.
71 999 695 1025 Hoc tibi declaret connexum echenëide telum
103 1032 679 1064 Hæc tarda eſt, volitant ſpicula miſſa manu.
303 1066 621 1099 Vigilantia cuſtodia. 3o.
62 1099 656 1133 Inſtantis quod ſigna canens det gallus Eoi.
97 1132 676 1163 Et reuocet famulas ad noua penſa manus
64 1166 648 1198 Turribus in ſacris effingitur ærea mentem
92 1199 643 1232 Ad ſuperos peluis quod reuocet vigilem.
