899 1336
342 38 574 62 ANDREÆ
66 34 104 61 o
70 75 667 113 Eſt leo; ſed cuſtos oculis quia dormit apertis
105 113 621 145 Templorum idcirco ponitur ante fores.
244 151 650 180 Sobriè viuas, nec temerecredas. .
71 185 744 228 Ne credas, ne Epicharmus ait non ſobrius eſto
103 219 666 251 Hi nerui humanæ membraq; mentis erunt,
66 252 699 285 Ecce oculata manus credens id quod videt; eces
102 285 575 318 Pulegium, antiquæ ſobrietatis olus:
68 318 616 352 Quo turbam oſtenſo ſedauerit Heraclitus,
98 352 596 384 Mulxerit & tumidâ ſeditione grauem.
268 389 613 420 Prudentes vino abſtinent. .
66 423 632 457 Ouid me vexatis rami? ſum Palladis arbor:
99 455 664 487 Auferte hinc botros, virgo fugit Bromium.
267 491 606 524 Vino puidemiam augeri. .
60 522 697 555 e Bachus pater, & Pallas communiter ambo
98 556 717 589 Templa tenent, ſoboles vtraque vera Iouis:
63 589 630 621 Hæc caput, ille femur ſoluit: huic vſus oliui
97 624 616 655 Debitus; inuenit primus at ille merum.
60 655 742 691 Iunguntur mento: quod ſi qui abſtemius odit
94 690 600 728 Vina; Deæ nullum ſentiet auxilium.
166 726 726 770 II agi l; dio, c
323 771 544 803 rAAss; 4O.
61 806 601 845 Italicæ Samius ſectæ celeberrimus autor
92 844 626 878 Ipſe ſuum clauſit carmine dogma breui,
59 877 789 913 Qu prætergreſſus? quid agis? quid omittis agendum
91 911 685 944 Hanc rationem vrgens reddere quemque ſibi.
60 944 745 979 Quod didiciſſe gruum volitantum ex agmine fertur
90 977 623 1012 Arreptum geſtant quæ pedibus lapidem:
57 1011 715 1045 Ne ceſſent, neu tranſuerſas mala flamina raptents
90 1044 682 1078 Quâ ratione hominum vita regenda fuit.
264 1079 607 1111 Quà Dj vocant eundem. i.
54 1111 625 1144 In triuio mons eſt lapidum, ſupereminet illi
90 1144 616 1177 Trunca Dei effigies, pectore facta tenus.
53 1176 654 1209 Mercurij eſt igitur tumulus. Suſpende viator.
87 1211 620 1245 Serta Deo, rectum qui tibi monſtrat iter.
711 1250 866 1277 Omne-
