907 1332
343 22 601 45 A
75 58 721 94 Ones in triuio ſumus, atque hoc tramite vitæ
109 93 609 125 Fallimur, oſtendat ni Deus ipſe viam.
322 129 614 161 In Deo lætandum. t.
73 159 717 194 Adſpice vt egregius puerum Iouis alite pictor
108 194 606 226 Fecerit Iliacum ſumma per aſtra vehi.
77 227 760 260 Quisne Iouem tactum puerili credat amoret
109 260 624 286 Dic, hæc Mæonius finxerit vnde ſenex?
76 293 757 336 Conſilium, Mens atque, Dei cui gaudia præſtant;
111 326 608 363 Creditur is ſummo raptus adeſſe Ioui.
305 363 622 399 Ai æs. 43.
74 395 706 440 Et toleranda hominitriſtis fortuna ferendo eſt;
110 433 582 466 Et nimium fœlix ſæpe timenda fuit.
73 461 744 502 Suſtine Epictetus dicebat & abſtine. oportet
105 500 648 534 Multa pati, illicitis abſque tenëre manus.
72 534 741 569 Sic ducis imperium vinctus fert poplite taurus
104 567 592 602 In dextro: ſic ſe continet à grauidis.
179 601 678 634 Obdurandum aduerſus rgnnia. 44.
68 633 780 668 Nititur in pondus palma, & conſurgit in arcumt
105 666 703 700 Quo magis & premitur hoc mage tollit onus.
67 701 616 735 Fert & odoratas, bellaria dulcia, glandes,
105 733 674 766 Queis menſas inter primus habetur honos.
66 768 642 800 Ipuer, & reptans ramis has collige: mentis
104 800 628 833 Qui conſtantis erit, præmia digna feret.
303 836 609 865 In adulari neſcientem. .
73 867 648 900 Scire cupis dominos toties cur Theſſalis ora
103 901 649 934 Mutet, & vt varios quærat habere duces?
71 932 740 968 Neſcit adulari, cuiquamve obtrudere palpum,
102 968 724 1000 Regia quem morem principis omnis habet.
74 1000 785 1033 Sed veluti ingenuus ſonipes, dorſo excutit omne,
105 1034 665 1068 Qui moderari ipſum neſciat Hippocomon.
67 1067 702 1101 Nec ſæuire tamen domino fas vltio ſola eſt,
100 1100 704 1136 Dura ferum vt iubeat ferre lupata magis.
344 1134 574 1167 Sælus publica. .
69 1166 632 1199 Phœbigena erectis Epidaurius inſidet aris,
101 1200 650 1234 Mitis, & immani conditur angue Deus,
751 1237 852 1274 Acc-
475 1237 581 1264 B
