903 1318
295 3 546 42 ALCIATIE
23 43 590 82 pereos Cadmus dentes vt credidit aruis
65 82 548 110 Seut & Aonio ſemina dira ſolo;
24 114 674 149 Terrigenûm lypeata cohors exorta virorum es,
64 149 520 183 Hoſtili inter ſe qui cecidere manu.
27 183 589 216 Euaſere quibus monitu Tritonidos armis,
68 216 574 248 Abiectis data pax, dextraq; iuncta fuit.
30 250 661 284 Prim Agenorides elementa, notasq; magiſtris
70 283 618 315 Tadidit, iis ſuauem iunxit &harmoniam:
31 314 645 350 Quorum diſeiptlos contraria plurima ver,
46 351 605 385 Non nii Palladià quæ dirimuntur ope-
295 386 563 419 Scyphus Nſtoris. r.
27 414 696 452 Neſtoreum geminis cratera hunc accipe fundis,
67 450 621 484 Quod grauis argenti maſſa proudit opus.
33 482 694 517 Clauiculi ex auro; ſtant circum quattuor anſæ;
64 516 649 551 Vnam quamque ſuper fulua columba ſedet.
26 549 596 587 Solus eum potuit longæuus tollere Neſtor.
65 583 569 621 Mæonidæ docas quid ſibi Muſa velit?
25 615 658 653 Eſt cœlum ſcyphus ipſe;colorque argenteus illi:
64 650 490 678 Aurea ſunt cœli ſidera clauiculi.
27 682 665 719 Pleiadas eſſe putant, quas dixerit ille columbas,
63 716 609 753 Vmblici gemini, magna minorq; fera eſt.
31 749 567 784 Hæc Neſtor longo ſapiens intelligit vſu:
65 783 638 816 Bella gerunt fortes: callidus aſtra tenet.
179 819 637 851 Antiqui ima quæquæ cmmentitia. 5t.
34 849 630 884 allenæe ſenex, ci forma eſt hiſtrica, Proteu,
71 880 717 916 Qui modo membra viri fers, modo membra feri:
35 916 625 949 Dic age, quæ ſpecies ratio te vertit in omnes.
70 950 520 983 Nulla ſit vt vario certafigura tibi?
31 982 581 1016 Signa vetuſtatis, primæui & præfero ſæcli
70 1017 563 1050 De quo quiſque ſuo ſomniat arbitrio.
231 1050 608 1083 Dicta ſeptem ſapintum. s4.
19 1083 661 1117 Hæc habeas, ſeptem Sapientum effingere dicta.
63 1115 593 1149 Atque a picturis qui celebrare velis.
34 1148 712 1185 Optimus in rebus modus eſt Cleobulus vt inquit
65 1182 591 1210 Hoc trutinæ exame. iue libella docet.
722 1214 823 1247 Noſct
426 1219 574 1250 B4
