1154 1370
251 43 576 68 ACAE
1 78 611 119 Singultit alius, atque tuſſit hæſitans;
90 120 420 151 Conſpuit alius vt pſecas.
55 152 638 187 Quàm multa rebus vitia in humanis agunt,
89 186 524 217 Tam multa ſurgunt nomina.
239 220 637 254 Doctos docti obloqui nefas esſi. 5.
57 253 683 286 Quid rapis heu, Progne, vocalem ſæua cicadam,
91 287 565 319 Pignoribusq; tuis fercula dira paras?
4 316 696 354 Stridula ſtridentem, vernam verna, hoſpita lædis
96 353 713 386 Hoſpitam, & aligeram penniger ales auem?
22 386 844 419 Ergo abiice hanc prædam, nam Muſica pectora ſumm o,.
91 419 611 454 Alterum ab alterius dente perire, nefas.
277 454 604 487 Natura, ſeu vis naturæ. .
55 487 734 522 Pana colunt gentesNaturam hoc dicere rerum eſt
91 520 736 554 Semicaprumq; hominem, ſemiuirumq; Deum
55 553 623 586 Eſt vir pubetenus; quod nobis inſita virtus,
91 588 584 620 Corde oriens, celsâ verticis arce ſedet.
57 620 690 655 Hinc eaper eſt, quia nos natura in ſecla propagat
90 654 741 687 Concubitu, vt volucres, ſquamea, bruta, feras.
60 685 783 722 Quod commune aliis animantibus, eſt caper ind
91 721 592 755 Luxuriæ, Veneris ſignaq; aperta gerit.
58 754 585 787 Corde ali ſophian, alii tribuere cerebro:
90 787 582 820 Inferiora, modus nec ratio vlla tenet.
262 823 600 850 Ars Naturam adiuuani.5.
59 854 668 887 Vtſphæræ Fortuna, cubo ſic inſidet Hermes:
53 888 579 921 Artibus hic, variis caſibus illa præeſt.
63 921 637 948 Aduerſus vim Fortunæ eſt ars facta:ſed artis
92 953 657 988 Cum Fortuna mala eſt, ſæpe requirit opem.
63 986 621 1020 Diſce bonas artes igitur ſtudioſa iuuentus,
92 1022 649 1056 Quæ certæ ſecum commoda ſortis habent.
340 1056 537 1084 In iuuentam. 5.
1 1088 756 1122 Natus vterq; Iouis, tener atque imberbis vterq;,
86 1121 665 1155 Quem Latona tulit, quem tulit & Semele,
55 1154 599 1182 Saluete, ætern ſimul & floreteiuuentâ,.
86 1187 597 1220 Numine ſit veſtro quæ diuturna mihi.
57 1220 618 1251 Iu vino curas, tu victu dilue morbos,
564 1255 628 1283 B5
