906 1334
333 25 563 49 ANDRE
101 68 553 104 Vt lento accedat ſera ſenecta pede.
275 104 609 136 In qu atuor temporæ anni. .
67 135 636 168 Adueniſſe hyemem fiingila reuunciat ales:
102 169 634 201 Ad nos vere nouo garcula hirundo redit.
68 201 581 235 Indicat æſtatem ſeſe expectace cuculus:
99 235 623 262 Autumno eſt tantum cernere ficedulas.
363 272 524 293 In colores. r.
65 303 675 336 Index mœſtitiæ eſt pullus color: vtimur omnos
100 336 635 364 Hoc habitu, tumulis cum damus iiferias.
64 368 670 402 At ſynceri animi. & mentis ſtola candida puræ:
96 402 556 436 Hinc ſyndon ſacris linea grata viris.
65 432 655 468 Nos ſperare docet viridis. Spes dicitur eſſe
98 469 549 501 In viridi, quoties irrita reiro cadic.
61 501 680 535 Eſt cupidis flauus color, eſt & amantibus aptus:
95 535 568 568 Et ſcortis. & queis ſpes ſua certa fuit.
60 569 622 602 At ruber armatos equites exornat amictus;
96 602 543 634 Indicet & pueros erubuiſſe pudor.
62 636 561 670 Cæœruleus nautas, & qui cœleſtia vates
95 670 529 702 Attoniti nimià relligione petunt.
59 702 564 734 Vilia ſunt giluis natiuaq; vellera birris;
96 735 631 769 Qualia lignipedes ſtragula habere ſolent.
59 769 675 802 Quem curæ ingentes cruciant, vel zelus amoris,
93 802 601 835 Creditur hic fuluâ non male veſte tegi.
58 834 658 868 Quiſquis ſorte ſua contentus, ianthina geſtet.
92 869 613 902 Fortunæ æquanimis tædia quique ferat.
61 902 610 933 Vt varia eſt natura coloribus in gignendis,
92 935 573 969 Sic aliis aliudeſed ſua cuique placent.
326 971 539 993 In dies meliora. or.
58 1001 635 1035 Roftra nouo mihi ſetigeri ſuis obtulit anno.
93 1036 585 1069 Hæcq; cliens ventri xeniadixithabe.
56 1069 672 1102 Progreditur ſemper, nec retro reſpicit vnquam,
91 1102 604 1136 Gramina cum pando proruit ore vorax.
57 1133 678 1166 Cura viris eadem eſt, ne ſpes ſublapſa retrorſum
92 1164 599 1201 Cedat:& vt melius ſit, quod & vlterius.
259 1203 600 1237 nia mea mecum porto. .
753 1242 831 1266 Hum-
