909 1334
360 26 589 50 ANDRE
101 33 140 55 tt:
103 63 767 102 Integritas noſtra, atque animus quæſitor honeſti,
139 100 621 129 His niſi ſint Letes, his niſi ſint Calais.
378 136 586 167 Spes proxima. oA.
88 166 649 201 Innumeris agitur reſpub. noſtra procellis,
139 200 569 234 Et ſpes venturæ ſola ſalutis adeſt:
105 230 727 267 Non ſecus ac nauis medio circum æquore, venti
140 266 689 301 Quam rapiunt, ſalſis iamque fatiſcit aquis.
107 298 758 336 Quod ſi Helenæ adueniant lucentia ſidera fratres
137 334 597 367 Amiſſos animos ſpes bona reſtituit.
352 368 623 399 In ſmulacr. mei. 6.
107 399 691 436 Quæ Dea tam læto ſuſpectans ſidera vultu?
139 432 607 468 Cuius peniculis reddita imago fuit?
102 465 614 501 Elpidii fecere manus:ego nominor illa,
141 497 778 535 Quæ miſeris promptam Spes bona præſtat opem.
108 531 792 566 Cur viridis tibi Palla? quod omnia mc duce vernmt
140 565 674 601 Quid manibus mortis tela refracta geris?
107 599 664 634 Quod viuos ſperare decet, præcido ſepultis:
142 633 597 667 Cur in dolioli tegmine pigra ſedes?
108 663 704 697 Sola domi manſi volitantibus vndique noxis,
141 698 617 726 Aſcræi vt docuit Muſa verenda ſenis.
109 730 752 769 Quæ tibi adeſt volucris? cornix, ſſimus oſcen;
140 766 654 800 Eſt bene, cum nequeat dicere, dicit erit.
109 799 759 836 Qui comites? bonus euentus, præcepsque Cupido.
143 834 712 873 Qui præeunt: vigilum ſomnia vana vocant.
112 863 812 901 Quæ tibi iuncta adſtat? ſcelerum Rhamnuſia vinds
143 899 616 933 Scilicet vt ſperes nil, niſi quod liceat.
328 933 661 964 Illicitum non ſperandum. o.
110 962 720 1001 Spes ſimul, & Nemeſis noſtris altaribus adſunt:
145 999 635 1033 Scilicet vt ſperes non niſi quod Iiceat.
224 1032 770 1065 Nec ve bo, ne faclo quenquam ladendum. 7.
110 1065 692 1100 Aſſequitur, Nemeſisq; virum veſtigia ſeruat,
144 1099 690 1133 Continet & cubitum, duraq; fiena manu.
112 1131 778 1165 Ne male quid facias, neue improba verba loquarit
143 1164 667 1190 Et iubet in cunctis rebus adeſſe modum.
343 1199 641 1231 Gratiam referendam. 7.
730 1233 886 1260 Aërio
