913 1333
381 16 623 44 ANDE.
113 62 692 96 Porphirio domini ſi inceſtet in ædibus vxot,
149 95 708 130 Deſpondetq; animum, præq; dolore perit-
115 127 718 159 Abdita in arcais naturæ eſt cauſa. ſit index
151 162 643 194 Sinceræ hæc volucris certa pudicitiæ.
262 195 739 228 Mulieris famam, non formam vulgata
410 232 587 261 eſſe oportere. 7.
115 258 782 298 Alma Venus quænam hæc facies, quid denotat illa
151 295 695 330 Teſtudo, molli quam pede Diua premisl
115 328 619 361 Me ſic effinxit Phidias, ſexumq; referri
150 362 603 399 Fœmineum, noſtrâ iuſſit ab effigie.
120 391 848 432 Quodq; manere domi, & tacitas decet eſſe puells,
151 427 628 465 Suppoſuit pedibus talia ſigna meis.
266 460 766 497 euerentiam in atrimonio requiri. 7.
119 492 756 527 Cum furit in Venerem, pelagi ſe in littore ſiſtit
154 528 705 564 Vipera, & ab ſtomacho dira venena vomit.
120 561 636 598 Murenamq; ciens, ingentia ſibila tollit;
150 594 611 628 At ſubito amplexus appetit illa viri.
118 619 762 657 Maxima debetur thalamo reuerentia; conimx
152 661 671 697 Alternum debet coniugi & obſequium.
367 697 632 727 In fidem vxoriam. Mo.
119 730 671 764 Eece puella, viro quæ dextra iungitur. ecce
154 761 638 792 Vt ſedet; vt catulus luſitat ante pedes.
121 793 780 829 Mæc fidei eſt ſpecies: Veneris quam ſi educat ardo
155 828 665 857 Malorum in læuâ non male ramus erit.
122 860 727 893 Poma etenim Veneris ſunt. ſic Scheneida vicit
156 895 667 931 Hippomenes:petiit ſic Galathea virum.
275 929 735 962 In ſæcunditatem ſibi ipſi damnoſam. .
123 961 719 997 Iudibrium pueris lapides iacientibus, hos me
159 997 618 1030 In triuio poſuit ruſtica cura nucem.
125 1026 677 1066 Quæ lacerisramis perſtrictoq; ardua libro,
161 1064 661 1096 Certatim fundis per latus omne petor.
128 1093 709 1130 Quid ſterili poſſet contingere turpius?eheu,
160 1128 619 1158 Infelix, fructus in mea damna fero.
380 1161 635 1196 Nupta ntagioſo. t.
125 1193 647 1229 Dii meliora piisMexenticur age ſic me
