911 1326
353 8 598 48 ALCIATI.
109 64 679 100 Compellas?emptus quod tibi dote gener,
77 100 699 134 Gallica, quem ſcabies dira & mentagra perurit:
111 132 711 168 Hoc eſt quidnam aliud (dic mihi ſæue pater)
81 166 736 201 Corpora corporibus, quàm iungere mortua viuis,
115 200 615 234 Efferaq́; Hetruſci facta nouare ducis?
313 234 617 267 Senex puellam amans. 83.
83 265 720 301 Dum Sophocles (quamuis affectâ ætate) puellam
118 299 634 334 A quæſtu Archippen ad ſua vota trahit,
87 332 636 366 Alicit & pretio:tulit ægrè inſana iuuentus
122 368 678 401 Ob zelum, & tali carmine vtrunque notat:
65 397 725 435 Noctua vt in tumulis, fuper vtq́; cadauera bubo,
121 432 680 468 Talis apud Sophoclem noſtra puella ſedet.
292 467 646 493 Cauendum à meretricibs. 84.
86 499 670 534 Sole ſatæ Circes tam magna potentia fertur,
119 533 666 568 Verterit vt multos in noua monſtra viros.
84 564 744 600 Teſtis equûm domitor Picus, tum Scylla biformis,
118 599 652 635 Atque Ithaci, poſtquam vina bibere ſues.
79 634 640 660 Indicat illuſtri meretricem nomine Circe:
116 665 681 702 Et rationem animi perdere, quiſquis amat.
297 702 633 729 In amatores meretritum. 85.
78 735 609 770 Villoſæ indutus piſcator tegmina capræ,
114 768 563 802 Addidit vt capiti corna bina fuo:
75 798 712 834 Fallit amatorem ſtans ſummo in littore ſargum,
111 836 675 870 In laqueos fimiles quem gregis ardor agit
80 869 687 904 Capra refert ſcortum;ſimilis fit ſargus amanti;
112 902 639 936 Qui miſer obſcœno captus amore perit.
327 938 606 969 Tumulus meretricis. 86.
82 966 775 1004 Ouis tumulus?cuia vrna? Ephyrææ eſt Laidos? ah non
114 1004 615 1037 Erubuit tantum perdere Parca decus?
83 1036 708 1067 Nulla fuit tum forma; illam iam carpſerat ætas:
110 1070 656 1103 Iam ſpeculum Veneri cauta dicarat anus.
77 1102 695 1137 Quid ſcalptus ſibi vult aries, quem parte leæna
111 1136 663 1170 Vnguibus apprehenſum poſteriore tenet?
77 1170 716 1202 Non aliter captos quòd & ipſa teneret amantes.
112 1203 652 1241 Vis gregis eſt aries, clune tenetur aman.
789 1231 866 1270 i
