945 1358
299 26 582 69 ATI.
775 45 831 82 s
73 77 543 112 Immites fructus ficus acerba parit,
50 113 760 149 Quos corui comedunt, quos deuorat improba cornix,
79 147 636 181 Qui nihil humanæ commoditatis habent.
1 178 684 214 Sic fatuorum opibus paraſiti, & ſcorta fruuntut.
82 213 498 246 Et nullâ iuſtos vtilitate iuuant.
332 247 499 277 Sirnes. ys.
1 267 683 313 Abſque alis volucres, & cruribus abſque puellas,
29 313 696 347 Roſtro abſque & piſces, qui tamen ore canant;
2 343 673 380 Quis putet eſſe vllos?iungi hæc natura negauit:
92 380 574 413 Sirenes fieri ſed potuiſſe docent.
1 412 689 449 Illicium eſt mulier;, quæ in piſcem deſinit atrum,
87 446 679 480 Plurima quod ſecum monſtra libido vehit.
50 479 636 521 Adſpectu, verbis, animicandore trahuntur,
52 513 592 546 Parthenope, Ligiâ, Leucoſiaq; viri.
49 546 674 580 Has Muſæ explumant, has æque illudit Vlyſſes:
23 580 659 616 Scilicet eſt doctis cum meretrice nihil.
276 614 530 645 Ocni effgigie 4.
45 645 643 680 Impiger haud ceſſat funem contexere ſparto,
80 680 587 713 Humidaque artifici iungere fila manu.
876 690 942 748 I
6 713 688 746 Sed quantum multis vix torquet ſtrenuus horis,
80 746 617 779 Protinus ignaui ventris aſella vorat.
43 779 641 814 Fœmina, iners animal, facili congeſta marito,
73 814 666 846 Lucra rapit, mundum prodigit inque ſuum.
287 847 546 876 In ſtatuam amori. 5.
46 877 658 914 Quis ſit Amor plures olim cecinere poëtæ,
80 913 588 947 Eius qui vario nomine geſta ferunt.
49 945 762 979 Conuenit hoc; quod veſte caret, quod corpore paruus,
83 979 600 1012 Tela alasq; ferens, lumina nulla tenet:
48 1012 716 1046 Hæc ora hic habitus q; Dei eſt. ſed dicerec tantos
84 1045 517 1074 Silicet in vates; falſa ſubeſſe reor.
34 1078 693 1111 Ec cur nudus agat? Diuo quaſi pallia deſint,
37 1110 595 1145 Qui cunctas domiti poſſidet orbis opes.
1 1144 686 1183 Aut qui, quæſo, niues Boreamque euadere nudu
74 1178 611 1211 Alpinum potuit, ſtrictaque prata gelu?
1 1204 676 1250 Si puer eſt, puerumne vocas qui Neſtora vincitt
713 1235 851 1267 A
570 1247 670 1277 C
