905 1335
325 17 561 42 ANDRE
69 22 163 51 3
77 61 642 95 Fax vbi tritis?vbi pennæ?tres vnde corollas
98 96 728 128 Fert manus?nde aliam tempora cincta gerunt?
78 128 837 162 Haud mihi vulgari cſt, hoſpes, cum Cypride quicquamq
113 162 617 195 Vlla voluptatis nos neque forma tulit:
79 195 673 227 Sed puris hominum ſuccendo mentibus ignes
114 228 626 262 Diſciplinæ; animos aſtraq; ad alta traho.
79 262 607 296 Quattuor eq; ipſa texo virtute corollas,
114 295 731 333 Quarum quæ Sophiæ eſt, tempora prima tegit.
304 330 609 361 In obliuionem paia. te4.
81 361 641 394 Iam dudum miſsâ patriâ, oblitusq; tuorum,
117 395 639 428 Quos tibi ſeu ſanguis, ſiue parauit amor,
81 427 760 461 Romam habitas; nec cura domum ſubit vlla reuerti;
115 461 599 493 Nternæ tantum te capit vrbis honos.
81 494 653 526 Sic Ithacûm præmiſſa manus, dulcedine loti
115 528 676 561 Liquerat & patriam, liquerat atque ducem.
277 561 651 595 Qu ſupanos, nihiladnos. ios.
83 593 725 630 Caucaſeâ æternum pendens in rupe Prometheu,
116 628 608 661 Diripitur ſacri præpetis vngue iecur:
81 660 672 695 Et nollet feciſſe hominem, figulosq; peroſus,
115 695 629 726 Accenſam rapto damnat ab igne facem.
82 729 636 760 Roduntur variis prudentum pectora curis,
118 760 643 796 Qui cœli affectant ſcire, Deûmque vices.
334 795 551 827 In Aſtrologos. o6.
83 827 628 860 Icare per ſuperos qui raptus & aëra, donec
118 861 669 895 In mate precipitem cæra liquata daret,
85 894 690 927 Nunc te cæra cadem, feruensq; exuſcitat igns.
118 928 630 961 Exemplo vt doceas dogmata certa tuo.
83 962 702 994 Aſtrologus caueat qicquam predicere; preceps
119 994 682 1026 Nam cadet impoſtor, dum ſuper aſtra volat.
246 1029 667 1061 uialta contemplantur, cadut. to.
84 1053 669 1093 Dum turdos viſco, pedicâ dum fallit alaudas,
119 1094 694 1126 Et iatta altiuolam figit harundo gruem
85 1125 766 1161 Dipſada non prudens auceps pede perculit: vltrix
120 1158 592 1190 lla mai, eiiſſum virus ab ore iacit.
85 1189 640 1233 Sic obit, cxtento qui ſidera teſpicit arcui
777 1233 868 1260 Secu-
