897 1333
308 41 558 69 ALCATI.
78 81 548 118 Securus fati, quod iacet ante pedes.
313 120 538 141 In temerarios.oo.
50 149 626 184 Adſpicis aurigam currus Phaetonta paterni
86 183 606 217 lgniuomos auſum flectere ſolis equos.
50 216 645 251 Maxima qui poſtquam terris incendia ſparſit;
88 250 586 284 Eſt temere infeſſo lapſus ab axe mifer.
54 284 590 317 Sic pleriq; rotis Fortunæ ad ſidera Reges
91 318 576 350 Euecti, ambitio quos iuuenilis agit;
50 349 722 383 Poſt magnam humani generis clademq; ſuamquo.
88 384 688 418 Cunctorum pœnas denique dant ſcelerum.
234 418 634 449 In eos qui audet ſupra vires. Io9.
50 450 674 484 Dum dormii, dulci recreat dum corpora ſomno
90 484 666 516 Sub piceâ, & clauamcæteraq; arma tenet;
55 517 623 550 Alciden ygmæa manus proſternere letho
94 549 642 581 Poſſe putat, vires non bene docta ſuas.
57 582 686 616 Excitus ipſe, velut pulices, ſic proterit hoſtem;
94 616 566 649 Et ſæui implicitum pelle leonis agit.
344 652 523 677 Temeriias. Ito.
59 682 727 716 In præceps rapitur, fruſtra quoque tendit habenas
103 717 622 750 Auriga; effreni quem vehit oris equus.
61 749 746 783 Haud facile huic credas, ratio quem nulla gubernat,
96 783 570 816 Et temere proprio ducitur arbitrio.
207 812 717 850 Sua prodigenti, on credenda aliena. ir.
63 850 705 883 Colchidos in gremio nidum quid congeris?eheu
99 883 671 915 Neſcia, cur pullos tam mal credis, auis?
67 915 640 950 Dira parens Medea ſuos ſæuiſſima natos
98 950 576 982 Perdidit; & ſperas parcat vt illa tuis?
331 983 629 1015 Doloſu in ſuos. ir.
71 1017 598 1051 Altilis allectator anas, & eærula pennis,
99 1050 597 1080 Adſueta ad dominos ire redire ſuos;
67 1084 685 1118 Congeneres cernens volitare per aëra turmas
97 1117 631 1152 Garrit; in illarum ſe recipitq; gregem;
66 1150 631 1180 Prætenſa incautas donec ſub retia ducat.
100 1183 631 1219 Obſtrepitant captæ, conſcia at ipſa ſilet.
68 1217 631 1252 Peiſida cognato ſe ſanguine polluit ales,
800 1238 874 1268 d-
