909 1326
334 10 567 35 ANDRE
110 52 457 82 oſa aliis, exitioſa ſuis.
303 88 603 119 Cenſiliarii Principum. i.
76 119 690 152 eoum genitos, & magnum fertur Achillem
111 153 529 177 In ſtabulis Chiron erudiiſſe ſuis.
77 187 721 218 Bemiferum doctorem, & ſemiuirum centaurum,
108 220 598 253 Aſſideat quiſquis regibus, eſſe decer.
76 252 695 286 Et fera, dum violat ſocios, dum proterit hoſtes:
110 287 717 322 Eſtq; homo, dum ſimulat ſe populo eſſe piums.
304 322 663 353 In victoriam dolo partam. 4.
76 353 683 386 Aiacis tumulum lachrymis ego perluo Virtus,
112 387 612 413 Heu miſera albentes dilacerata comas.
61 420 657 452 Silicet hoc reſtabat adhuc, vt iudice Græto
108 452 587 486 Vinceret; & cauſſa ſtet potiore dolus.
239 487 644 518 In damnum fibiipſi parantem. r.
76 517 716 552 Capra, lupum non ſponte meo nune vbere lact
110 552 625 586 Quod male paſtoris prouida cura iubet.
74 583 694 618 Ereuerit illeſimul, mea me poſt vbera paſcet,
110 619 588 652 Improbitas nullo flectitur obſequio.
267 654 614 685 In receptatores ſicariorum. is.
76 682 736 718 Latronum furumque manus tibi ſcæua per vrbem
110 719 606 752 It comes; & diris cincta cohors gladiis.
75 750 703 786 Atque ita te mentis generoſum, prodige, cenſe,
110 786 624 817 Qubd tua complureis allicit olla malos.
75 816 734 852 n nouus Actæon;quipoſtquàm cornua ſumpi
109 852 583 886 In prædam canibus ſededit ipſe ſuis.
286 886 606 918 In diuites publico malo. I.
65 918 640 954 Anguillas quiſquis captat, ſi limpida verrat
83 953 606 986 Flumina, ſi illimes auſit adire lacus;
78 986 717 1019 aſſus erit, ludetq; operam:multum excitet erg
112 1020 638 1052 Si cretæ, & vitreas palmula turbet aquas,
76 1051 667 1085 Diues erit. Sic iis res publica turbida lucro et,
112 1087 552 1120 Qui pace, arctati legibus, eſuriunt.
192 1119 733 1152 Opulentia yranni, pauperts ſubiectorum.
77 1151 678 1185 umani quod ſplen eſt corporis, in populi re
111 1182 583 1215 Hoc Cæſar fiſcum dixerat eſſe ſuum.
777 1220 855 1255 pl
