904 1335
343 37 573 62 ANDRE
114 77 602 113 Nec percuſſori mutua damna facit:
79 112 588 144 Sic pleriq; ſinunt veros elabier hoſteis;
112 147 653 179 Et quos nulla grauat noxia, dente petunt.
229 178 699 212 Par culpa, delinquent & ſuaſoris. s.
76 212 644 245 Præconem lituo perflantem claſſica, victrix
112 246 668 279 Captiuum in tetro carcere turba tenet.
77 278 694 318 Queis ille excuſat:quod nec ſit ſtrenu armis,
103 312 540 337 Vllius aut ſæuo læſerit enſe latus.
78 345 654 380 Huic illi:quin ipſe magis timidiſſime peecas,
110 380 577 413 Qui clangore alios æris in arma cies.
220 414 667 445 Aminimis quoque timcndum. 6.
74 444 698 478 Bella gerit ſcarabæus, & hoſtem prouocat vltro;
110 478 576 510 Robore & inferior, conſilio ſuperat.
72 511 746 545 Nam plumis aquilæ clàm ſe, neque cognitus, abdit,
108 545 661 578 Hoſtilem vt nidum ſumma per aſtra petat:
74 578 716 611 Ouaq; confodiens, prohibet ſpem creſcere prolis;
107 611 654 644 Hocque modo illatum dedecus vltus abit.
237 646 617 677 Vel poſt mortem formidoloſi. i7.
75 678 659 711 Ctera muteſcent, coriumq; ſilebit ouillum,
106 712 615 743 Si confecta lupi tympana pells ſonent.
73 744 735 775 Hanc membrana ouium ſic exhorreſcit, vt hoſtem,
105 778 637 811 Exanimis quanuis, non ferat exanimem.
73 811 652 845 Sic cute detractâ Ciſchas in tympana verſus.
99 846 567 879 Bohemos potuit vincere pontifices,
320 879 553 909 Iſta vindicta. is.
69 911 685 946 Dum reſidet Cyclops ſinuoſi in faucibus antri,
107 946 660 978 Hæc ſecum teneras concinit inter oues.
68 978 655 1013 Paſcite vos herbas: ſociis ego paſcar Achiuis,
105 1012 634 1046 Poſtremumq; Vtin viſcera noſtra ferent.
70 1044 667 1078 Audiit hæc Ithacus, Cyclopaq; lumine caſſum
103 1078 657 1112 Reddidit: En pœnas vt ſuus auctor habet?
355 1114 545 1143 Iuſta vltio. Iro.
70 1142 695 1178 Raptabat volucres captum pede coruus in auras
105 1176 579 1210 Scorpion, audaci præmia parta gulæ.
71 1205 634 1244 Aſt ille infuſo ſenſim per membra veeno
744 1247 855 1281 Rapto-
