900 1336
326 40 580 64 ATI
75 85 665 120 Raporem in Stygias compulit vltor aquas.
43 118 551 152 Oriſu res dignalaliis qui fata parabat,
88 152 570 186 Ipſe perit; propriis ſuccubuitq; dolis.
309 187 548 218 Inanis impetus. .
59 218 754 252 Lunarem noctuvt ſpeculumcanis inſpicit orbem
96 252 626 284 Seque videns, alium credit ineſſe canem,
58 285 630 319 Et latrat:ſed fruſtra agitur vox irrita ventis,
91 318 543 351 Et peragit curſus ſurda Diana ſuos.
313 351 548 385 In detractores. r.
58 385 651 418 Audent flagriferi matulæ, ſtupidiq; magiſtri
91 418 589 451 Bilem in me imputi pectoris euomere.
59 451 784 485 Quid faciam?reddamne vices? ſed nonne cicadam
64 485 650 518 Ala vna obſtreperam corripuiſſe ferar?
54 517 719 551 Quid prodeſt muſcas operoſis pellere labris?
86 551 658 585 Negligere eſt ſatius, perdere quod nequeas.
280 585 558 617 mulatio impar. .
49 617 700 654 Altiuolam miluus comitatur degener Harpiyam,
82 651 585 684 Et prædæ partem ſæpe cadentis habet.
46 683 663 717 Mullum proſequitur qui ſpretas ſargus ab illo,
82 718 634 750 Præteritasq; auidus deuorat ore dapes.
50 750 748 783 Sic mecum Oenocrates agit: at deſerta ſtudentum
83 783 594 817 Vtitur hoc lippo curia tanquam oculo.
283 817 551 852 In deſciſcentes. ;.
49 849 636 885 Quod fine egregios turpi maculaueris orſus,
78 884 655 917 I noxamque tuum verteris officium,
44 916 629 949 Feciſti, quod capra, ſui mulctraria lactis
78 950 657 984 Cum ferit, & proprias calceprofundit opes.
324 984 534 1016 Imparilitas. 4.
44 1015 680 1046 Vt ſublime olans tenuem ſecat aëre Falco,
80 1049 677 1082 Vt paſcuntur humi Graculus, Anſer, Anas:
40 1080 728 1115 Sic ſummum ſcandit ſuper æthera Pindarus ingens,
75 1115 637 1148 Sic ſcit humi tantum ſerpere Bacchilydes.
221 1148 659 1180 Fortuna virtutem ſuperaus. Is.
32 1179 603 1213 Cæſareo poſtquam ſuperatus milite, vidit
75 1213 603 1245 Ciuili vndantem ſanguine Pharſaliam;
756 1234 848 1270 Iam-
504 1249 621 1289 C5
