890 1335
236 16 557 63 ALCCATD
44 70 493 104 ela manu. talis pingitur inuidia.
351 107 497 137 Ira. i.
40 137 573 174 Alcæam veteres caudam dixere Leonis,
75 166 622 203 lle grauesſ.
45 198 586 234 Lutea cum ſurgit bilis, crude atro
77 237 579 266 Felle dolor, furias excitat indomitas.
308 271 522 303 Ficta religio. I42.
52 302 621 335 Regali reſdens meretrix pulcherrima ſell
83 337 648 371 Purpureo inſignem geſtat honore peplu
53 371 634 403 Omnibus & latices pleno e cratere propinat:
86 403 565 429 At circum cubitans ebria turba iacet.
50 434 685 469 Sie Babylona notant; quæ gentes illice form.
82 469 498 503 Et fictâ ſtolidas relligione capit.
161 504 680 537 Sapienia humana fmlitia apud Denm. 4.
50 534 820 571 Quid dicam? qunam hoc compellam nominemouſtu
79 569 650 603 Biforme:quod non eſt homo, nec eſt Draco?
49 602 713 637 Sed ſine vir pedibus, ſummis ſine partibus anguis,
80 637 677 670 Vir anguipes dic, & homiceps anguis poteſt.
47 671 743 704 Anguem pedit homo, hominem eructauit & angui.
79 702 638 732 Nec finis hominis eſt, initium nec eſt fer
43 736 604 771 Sic olim Cecrops doctis regnauit Athenis,
81 771 554 803 Sic & Gigantes terra mater protulit.
43 802 663 838 Iæc vafrum ſpecies, ſed relligione carentem
74 837 586 871 Terrena tantum quique curet,indicat.
309 873 491 900 In nothos. I44.
45 902 629 937 erculeos ſpurii ſemper celebretis honores:
76 937 562 970 Nam veſtri princeps ordinis ille fuit.
28 969 688 1003 Nec prius eſſe Deus potvit,quam ſugeret infans
77 1004 616 1037 Lac, ſibi quod fraudis neſcia Iuno dabat.
198 1038 628 1070 Mertem, non formam pollre. r.
42 1068 538 1103 Hngreſſa vulpes In choragi pergulam,
37 1102 618 1136 Pabre expolitum inuenit humanum capu
41 1135 528 1169 Sic eleganter fabricatum, vt ſpiritus
41 1168 477 1203 Solum deeſſet, cæteris viuiſceret.
34 1200 525 1242 Id illa cum ſumpfiſſet in manusit:
756 1234 827 1277 os
