<PcGts xmlns="http://schema.primaresearch.org/PAGE/gts/pagecontent/2017-07-15" xmlns:xsi="http://www.w3.org/2001/XMLSchema-instance" xsi:schemaLocation="http://schema.primaresearch.org/PAGE/gts/pagecontent/2017-07-15 http://schema.primaresearch.org/PAGE/gts/pagecontent/2017-07-15/pagecontent.xsd"><Metadata><Creator>User123</Creator><Created>2020-04-25T21:20:14</Created><LastChange>2020-04-25T21:20:14</LastChange></Metadata><Page imageFilename="0071.png" imageHeight="1335" imageWidth="890"><TextRegion id="r0" type="paragraph"><Coords points="1,1 888,1 888,1333 1,1333"/><TextLine id="r0_l001"><Coords points="557,16 426,16 425,36 420,40 402,41 380,41 361,39 359,37 357,16 251,16 236,18 236,63 557,63"/><TextEquiv index="1"><Unicode>ALCCATD</Unicode></TextEquiv></TextLine><TextLine id="r0_l002"><Coords points="732,28 732,60 888,60 888,28"/><TextEquiv index="1"><Unicode></Unicode></TextEquiv></TextLine><TextLine id="r0_l003"><Coords points="1,70 1,104 493,104 493,70"/><TextEquiv index="1"><Unicode>ela manu. talis pingitur inuidia.</Unicode></TextEquiv></TextLine><TextLine id="r0_l004"><Coords points="351,107 351,137 497,137 497,107"/><TextEquiv index="1"><Unicode>Ira. i.</Unicode></TextEquiv></TextLine><TextLine id="r0_l005"><Coords points="487,170 573,170 573,137 40,137 40,170 446,170 453,174 480,174"/><TextEquiv index="1"><Unicode>Alcæam veteres caudam dixere Leonis,</Unicode></TextEquiv></TextLine><TextLine id="r0_l006"><Coords points="477,166 477,203 622,203 622,166"/><TextEquiv index="1"><Unicode>lle grauesſ.</Unicode></TextEquiv></TextLine><TextLine id="r0_l007"><Coords points="455,197 455,177 446,171 104,170 79,171 79,203 443,203"/><TextEquiv index="1"><Unicode>Quâ ſtimulante iras concipi</Unicode></TextEquiv></TextLine><TextLine id="r0_l008"><Coords points="586,204 502,205 489,204 477,198 455,198 443,204 207,203 90,206 45,205 45,234 586,234"/><TextEquiv index="1"><Unicode>Lutea cum ſurgit bilis, crude atro</Unicode></TextEquiv></TextLine><TextLine id="r0_l009"><Coords points="77,237 77,266 621,266 621,237"/><TextEquiv index="1"><Unicode>Felle dolor, furias excitat indomitas.</Unicode></TextEquiv></TextLine><TextLine id="r0_l010"><Coords points="308,271 308,303 522,303 522,271"/><TextEquiv index="1"><Unicode>Ficta religio. I42.</Unicode></TextEquiv></TextLine><TextLine id="r0_l011"><Coords points="621,302 409,304 320,304 253,302 52,302 52,335 621,335"/><TextEquiv index="1"><Unicode>Regali reſdens meretrix pulcherrima ſell</Unicode></TextEquiv></TextLine><TextLine id="r0_l012"><Coords points="83,337 83,371 648,371 648,337"/><TextEquiv index="1"><Unicode>Purpureo inſignem geſtat honore peplu</Unicode></TextEquiv></TextLine><TextLine id="r0_l013"><Coords points="53,371 53,403 634,403 634,371"/><TextEquiv index="1"><Unicode>Omnibus &amp; latices pleno e cratere propinat:</Unicode></TextEquiv></TextLine><TextLine id="r0_l014"><Coords points="86,403 86,429 565,429 565,403"/><TextEquiv index="1"><Unicode>At circum cubitans ebria turba iacet.</Unicode></TextEquiv></TextLine><TextLine id="r0_l015"><Coords points="685,434 599,434 585,436 399,438 164,437 50,435 50,467 157,467 223,469 685,469"/><TextEquiv index="1"><Unicode>Sie Babylona notant; quæ gentes illice form.</Unicode></TextEquiv></TextLine><TextLine id="r0_l016"><Coords points="498,470 320,471 222,469 82,469 82,503 104,503 123,501 139,501 143,503 498,503"/><TextEquiv index="1"><Unicode>Et fictâ ſtolidas relligione capit.</Unicode></TextEquiv></TextLine><TextLine id="r0_l017"><Coords points="161,504 161,537 680,537 680,504"/><TextEquiv index="1"><Unicode>Sapienia humana fmlitia apud Denm. 4.</Unicode></TextEquiv></TextLine><TextLine id="r0_l018"><Coords points="820,534 730,534 722,538 714,539 652,539 604,537 221,536 194,537 117,536 108,534 50,534 50,569 593,569 626,571 820,571"/><TextEquiv index="1"><Unicode>Quid dicam? qunam hoc compellam nominemouſtu</Unicode></TextEquiv></TextLine><TextLine id="r0_l019"><Coords points="650,572 593,570 213,571 165,569 79,569 79,600 88,601 188,603 650,603"/><TextEquiv index="1"><Unicode>Biforme:quod non eſt homo, nec eſt Draco?</Unicode></TextEquiv></TextLine><TextLine id="r0_l020"><Coords points="757,603 755,602 715,602 695,605 314,604 303,605 49,602 49,634 219,637 371,636 720,638 727,641 733,647 757,647"/><TextEquiv index="1"><Unicode>Sed ſine vir pedibus, ſummis ſine partibus anguis,</Unicode></TextEquiv></TextLine><TextLine id="r0_l021"><Coords points="720,639 80,637 80,668 212,670 720,670"/><TextEquiv index="1"><Unicode>Vir anguipes dic, &amp; homiceps anguis poteſt.</Unicode></TextEquiv></TextLine><TextLine id="r0_l022"><Coords points="743,671 47,671 47,701 52,702 139,701 270,704 743,704"/><TextEquiv index="1"><Unicode>Anguem pedit homo, hominem eructauit &amp; angui.</Unicode></TextEquiv></TextLine><TextLine id="r0_l023"><Coords points="638,705 344,704 270,705 139,702 79,703 79,732 638,732"/><TextEquiv index="1"><Unicode>Nec finis hominis eſt, initium nec eſt fer</Unicode></TextEquiv></TextLine><TextLine id="r0_l024"><Coords points="43,736 43,771 604,771 604,736"/><TextEquiv index="1"><Unicode>Sic olim Cecrops doctis regnauit Athenis,</Unicode></TextEquiv></TextLine><TextLine id="r0_l025"><Coords points="554,771 81,771 81,801 85,802 554,803"/><TextEquiv index="1"><Unicode>Sic &amp; Gigantes terra mater protulit.</Unicode></TextEquiv></TextLine><TextLine id="r0_l026"><Coords points="703,802 611,802 604,804 477,805 352,804 252,805 211,803 43,802 43,833 60,834 148,834 293,838 391,838 483,836 703,838"/><TextEquiv index="1"><Unicode>Iæc vafrum ſpecies, ſed relligione carentem</Unicode></TextEquiv></TextLine><TextLine id="r0_l027"><Coords points="586,838 483,837 391,839 293,839 228,837 74,837 74,871 586,871"/><TextEquiv index="1"><Unicode>Terrena tantum quique curet,indicat.</Unicode></TextEquiv></TextLine><TextLine id="r0_l028"><Coords points="309,873 309,900 491,900 491,873"/><TextEquiv index="1"><Unicode>In nothos. I44.</Unicode></TextEquiv></TextLine><TextLine id="r0_l029"><Coords points="45,902 45,937 629,937 629,902"/><TextEquiv index="1"><Unicode>erculeos ſpurii ſemper celebretis honores:</Unicode></TextEquiv></TextLine><TextLine id="r0_l030"><Coords points="561,937 76,937 76,968 226,968 273,970 562,970"/><TextEquiv index="1"><Unicode>Nam veſtri princeps ordinis ille fuit.</Unicode></TextEquiv></TextLine><TextLine id="r0_l031"><Coords points="688,969 612,969 600,971 431,970 273,971 226,969 29,969 28,971 28,998 31,1003 688,1003"/><TextEquiv index="1"><Unicode>Nec prius eſſe Deus potvit,quam ſugeret infans</Unicode></TextEquiv></TextLine><TextLine id="r0_l032"><Coords points="616,1004 77,1005 77,1037 616,1037"/><TextEquiv index="1"><Unicode>Lac, ſibi quod fraudis neſcia Iuno dabat.</Unicode></TextEquiv></TextLine><TextLine id="r0_l033"><Coords points="198,1038 198,1070 628,1070 628,1038"/><TextEquiv index="1"><Unicode>Mertem, non formam pollre. r.</Unicode></TextEquiv></TextLine><TextLine id="r0_l034"><Coords points="538,1071 532,1070 405,1069 161,1070 149,1068 42,1068 42,1100 53,1101 103,1103 538,1103"/><TextEquiv index="1"><Unicode>Hngreſſa vulpes In choragi pergulam,</Unicode></TextEquiv></TextLine><TextLine id="r0_l035"><Coords points="618,1102 603,1102 594,1105 164,1104 154,1105 37,1102 37,1133 47,1134 80,1134 97,1136 618,1136"/><TextEquiv index="1"><Unicode>Pabre expolitum inuenit humanum capu</Unicode></TextEquiv></TextLine><TextLine id="r0_l036"><Coords points="528,1137 278,1136 133,1138 97,1137 80,1135 41,1135 41,1166 101,1169 528,1169"/><TextEquiv index="1"><Unicode>Sic eleganter fabricatum, vt ſpiritus</Unicode></TextEquiv></TextLine><TextLine id="r0_l037"><Coords points="304,1201 477,1202 477,1169 145,1171 101,1170 80,1168 41,1168 41,1198 75,1198 102,1202 140,1203 242,1203"/><TextEquiv index="1"><Unicode>Solum deeſſet, cæteris viuiſceret.</Unicode></TextEquiv></TextLine><TextLine id="r0_l038"><Coords points="566,1203 564,1203 561,1200 535,1200 526,1203 304,1202 242,1204 140,1204 102,1203 87,1200 34,1200 34,1242 566,1242"/><TextEquiv index="1"><Unicode>Id illa cum ſumpfiſſet in manusit:</Unicode></TextEquiv></TextLine><TextLine id="r0_l039"><Coords points="756,1234 756,1277 827,1277 827,1234"/><TextEquiv index="1"><Unicode>os</Unicode></TextEquiv></TextLine><TextLine id="r0_l040"><Coords points="856,1306 856,1333 888,1333 888,1306"/><TextEquiv index="1"><Unicode></Unicode></TextEquiv></TextLine></TextRegion></Page></PcGts>