910 1335
368 34 607 60 ANDRE
133 76 759 112 Hoc quale caput eſt, ſed cerebrum non habet
260 112 658 143 Submoendam igroartiam. I.
100 142 847 179 Quod monſtrum id? Sphinx eſt. cur candida virginis om,
132 178 659 211 Et volucrum pennas leonis habet?
99 209 705 243 Hanc faciem aſſumpſit reh ignorantia:tanti
134 244 624 277 Scilicet eſt triplex cauſa & origo mali.
99 275 801 311 Sunt quos ingenium leue, ſunt quos blanda voluptas,
136 311 679 344 Sunt & quos faciunt corda ſuperba rudes.
100 341 750 378 At quibus eſt notum, quid Delphica littera poſſit;
136 376 636 411 Præcipitis monſtri guttura dira ſecant.
100 401 859 445 Namque vir ipſe, bipesq;, tripesq; & quadrupes idem et,
134 442 668 477 Primaq; prudentis laurea, noſſe virum.
354 489 574 523 OiAi. I7.
103 528 730 567 Qud nimitm tua forma tibi Narciſſe placebat.
137 564 652 595 In florem, & noti eſt verſa ſtuporis olus.
100 596 694 632 Ingenii eſt marcor, cladesq; Philautia; doctos
138 631 660 665 Quæ peſſum plures datq; deditq; viros:
104 664 852 699 Qui veterum abiectâ methodo, noua dogmata quærunt.
136 697 614 732 Nilq; ſuas præter tradere phantaſias.
363 745 578 777 Impudenia. s.
103 775 703 810 ube tenus mulier, ſuccincta latrantibus infnà
139 811 685 845 Monſtrorum catulis, Scylla biformis erat.
108 845 676 878 Monſtra putantur auarities, audacia, raptus:
141 878 653 912 At Scylla eſt, nullus cui ſit in ore pudor.
307 912 632 944 Non ti, ſed religioni. I.
105 943 601 979 Iſidis effigiem tardus geſtabat aſellus.
139 977 649 1012 Pando verenda dorſo habens myſteria.
109 1009 724 1047 Obuius ergo Deam quiſquis reuerenter adorat
142 1045 622 1079 Piasq; genibus concipit flexis preces.
108 1078 667 1110 Aſt aſinus tantum ptæſtari credit honorem
145 1110 680 1143 Sibi, & intumeſcit admodùm ſuperbiens:
103 1142 682 1176 Donec eum flagris compeſcens dixit Agaſo:
144 1176 679 1209 Non os Deus tu Aſelle ſed Deum vehis.
286 1211 629 1251 In ilsaudata laudantes. It.
789 1247 885 1280 Ingea-
