889 1325
261 4 550 52 ACATI.
12 58 596 94 Ingentes Galatm ſemermi milite turmas.
55 93 607 127 Spem præter trepidus fuderat Antiochus,
23 127 620 160 Lucarum cum ſæua boum vis dira proboſcis,
60 160 640 193 Tum primùm hoſtiles corripuiſſet equos:
30 194 663 228 Ergo trophæa locans Elephantis imagine pinxit,
40 227 525 260 Inſuper & ſociis: Occideramus ait,
26 259 559 293 Bellua ſeruaſſet ni nos fœdiſſima barrus:
38 291 570 330 Vt ſuperaſſe iuuat, fic ſuperaſſe pudet.
342 331 465 360 Pax. .
37 358 680 394 Turrigeris humeris, dentis quoq; Barrus ebumi,
38 393 563 428 Qui ſuperare ferox Martia bella ſolet,
39 426 671 461 Suppoſuit nunc colla iugo, ſtimuliſq; ſubactus,
73 460 562 494 Cæſareos currus ad pia templa vehit.
38 492 627 529 Vel fera cognoſcit concordes vndiq; gentes:
38 527 540 560 Proiectiſq; armis muniapacis obit.
317 563 566 595 Ex belo pa. 5a.
36 593 694 630 En galea, intrepidus quam miles geſſerat; & quæ
69 629 541 661 Sæpius hoſtili ſparſa cruore fuit;
34 656 651 697 Partâ pace, apibus tenuis conceſſit in vſum
69 696 596 729 Alueoli; atq, fauos grataq; mella gerit.
34 728 708 763 Arma procul iaceant: fas ſit tunc ſumere bellum;
69 762 593 799 Quando aliter pacis non potes arte frui.
256 796 551 830 Ex pace vberts. I.
36 829 626 862 Grandibus ex ſpieis tenues contexecorollas,
70 863 610 897 Quas circum alterno palmite vitis eat.
42 896 722 929 His comptæ Halciones tranquilli in marmoris vnda
73 929 607 962 Nidifcant, pullos inuolucreſq; fouent.
40 962 693 995 Lætus erit Cereri, Baccho quoque fertilis annus
76 996 488 1030 quorei ſi rex alitis inſtar erit.
271 1028 577 1061 Reſpublica liberata. r.
19 1061 549 1095 Cæſaris exitio, ceu libertate receptâ,
72 1095 581 1124 Hæc ducibus Brutis cuſa moneta fuit.
34 1129 661 1162 Enculi in pimis, queis piieus inſuper adſtat,
70 1161 606 1198 Qc mifla manu ſeruitia accipiunt.
239 1196 614 1236 Inſtatuam Bacchi. Iss
701 1231 826 1260 aacue
