916 1338
356 32 592 60 ANDREÆ
79 39 190 67 4
83 77 657 112 Bacche pater: quis te mortali lumine nouit
119 112 663 145 Et doctâ effinxit quis tua membra manu?
83 144 668 177 Praxilites, qui me rapientem Gnoſida vidit
119 179 690 213 Atque illo pinxit tempore qualis eram.
84 212 671 246 Cur iuuenis, teneraq; etiam lanugine vernat
116 244 679 279 Barba, queas Pylium cum ſuperare ſenemt
83 278 644 312 Muneribus quandoq; meis ſi parcere diſces
118 312 584 346 Iunior, & forti pectore ſemper eris.
84 343 741 378 Tympana non manibus, capiti non cornua deſunt.
119 378 631 411 Quos, niſi dementes talia ſigna decent,
76 411 679 445 Hoc doceo, noſtro quod abuſus munere ſumit
119 444 630 476 Cornua, & inſanus mollia ſiſtra quatit.
76 478 767 515 Quid vult ille color membris pene igneus? omen
115 511 564 544 Abſit, an humanis vreris ipſe focis?
75 545 786 580 Cum Semeles de ventre parens me fulmine traxit
117 579 687 613 Igniuomo, infectum ſulphute merſit aquis.
75 612 695 647 Hinc ſapit is, liquidis qui nos bene diluit vndis;
114 646 598 680 Qui non ardenti torret ab igue iecur,
74 678 685 713 Sed nunc me doceas, quei vis miſcerier? & qu
115 712 594 745 Te ſanus tutum prendere lege queat.
77 744 748 783 Quadrantem addat aquæ, calicem ſumſiſſe Falerni
117 779 662 812 Qui cupit: hoc ſumi pocula more uuat,
78 813 675 847 Stes intra heminas:nam qui procedere tendit
117 845 620 874 Vltrà, alacer, ſed mox ebrius, inde furit.
77 878 749 913 es dura hæc nimium: ſunt pendula guttura, dulce
102 913 681 948 Tu fluis. heu facil commoda nulla cadunt.
352 948 528 980 Auaritia. .
66 977 699 1006 Heu miſer in mediis ſitiens ſtat Tantalus vndi,
117 1012 661 1048 Et poma eſuriens proxima, habere nequit,
78 1047 590 1072 Nomine mutato de te id dicetur, auare
119 1075 735 1114 Qui, quaſi non habeas non frueris quod habe
353 1118 536 1141 In auaros. I57.
74 1145 627 1178 Septitius populos inter ditiſſimus omnes,
74 1177 670 1213 Arua ſenex nullus quo magis ampla tenet,
82 1208 703 1245 Defraudans genumq; ſuum, menſafq; parata,
813 1242 863 1269 Nil
