901 1332
291 12 555 41 AL C ATI.
59 55 533 90 Nilpræter betas, duraq; rapa vorat.
22 89 745 123 Cui ſimilem dicam hunc, inopem quem copia toddit?
67 122 602 156 Anne aſino? ſic eſt: inſtar hic eius habet.
32 156 626 196 Namq; aſinus dorſo pretioſa opſonia geſtat,
56 191 582 224 Seq; rubo, aut dura carice pauper alit.
152 223 692 256 In auaros, quibus melior conditio ab etra-
323 258 525 289 neu offerrur. is.
32 289 609 325 Delphini inſidens vada cærula ſulcat Arion,
53 323 596 358 Hocq; aures mulcet, frænat & ora ſono.
37 357 788 392 Quam ſit auari hominis, non tam mens dia ferarum e
77 390 602 425 Quiq; viris rapimur, piſcibus eripimur.
312 426 486 452 Im aulics. I5.
31 458 596 491 Vana Palatinos quos educat aula clientes,
69 491 588 523 Dicitur auratis nectere compedibus.
303 527 519 557 In Paraſitor. o.
33 557 624 592 Quos tibi donamus, fluuiales accipe cancro
62 592 571 617 Munera nueniunt moribus iſta tuis.
25 625 588 659 His oculis vigiles, & forfice plurimus ordo
63 656 663 691 Chelarum armatus, maximaq; aluus adeſt.
24 691 663 731 Sic tibi propenſus ſtat pingui abdomine vente,
60 725 553 759 Perniceſq; pedes, ſpiculaq; apta pedi.
14 757 644 792 Cum vagus in triuiis, menſæq; ſedilibus errass
59 791 591 824 Inq; alios mordax ſcommata falſa iacis.
149 824 667 858 Parua culina impar duobus ganeonibus. ,
23 859 664 891 In modicis nihil eſt quod quis lucretur:& vnum
58 892 577 932 Arbuſtum geminos non alit erythacos.
327 927 525 958 Aliud. or.
24 957 599 991 In tenui ſpes nulla lucri eſt: vnoq; reſidunt
56 992 545 1032 Arbuſto geminæ non bene ficedulæ.
227 1027 517 1054 n adulatores. ts.
1 1052 684 1091 Semper hiat, ſemper tenuem quâ veſcitur auram
54 1093 440 1125 Reciprocat Chamæleon;
17 1122 579 1158 Et mutat faciem, varios ſumitq; colores;
57 1158 492 1188 Præter rnbrum, vel candidum.
1 1188 583 1233 Sic & adulator populari veſcitur aurâ
698 1220 812 1256 an;
