892 1331
353 5 595 29 ANDRE.
77 8 124 35 4
116 46 444 80 Hianſq; cuncta deuorat:
83 80 616 114 Et ſolum mores imitatur principis atros;
112 113 404 148 Albi & pudici neſcius.
342 148 587 177 Diues indoctus. i64.
79 181 745 215 Tranat aquas reſidens precioſo in vellere Phrixus,
111 214 705 250 Et flauam impauidus per mare ſcandit ouem.
77 248 711 282 Ecquid id eſt? vir ſenſu hebeti, ſed diuite gaâ;
111 282 680 316 Coniugis, aut ſerui quem regit arbitrium.
382 318 523 350 Gula. Ios.
77 348 645 382 Curculione gruis tumidâ vir pingitur aluo,
111 382 706 414 Qui Laron aut manibus geſtat Onocratalum,
75 414 609 447 Talis forma fuit Dionyſi, & talis Apici,
107 448 600 483 Et gula quos celebres delicioſa facit.
285 482 633 515 In garulum & guloſum. i.
72 515 704 555 Voce boat toruâ, prælargo eſt gutture, roſtrum
106 549 578 582 Inſtar habet naſi multiforiſq; tubæ.
70 582 701 618 Deformem rabulam ventri addictumq;, gulæq;
107 616 616 648 Signabit, volucer cum truo pictus erit.
313 650 600 682 Captiuus ob gulam. 67.
69 680 715 722 Regnatorq; penus, menſæque arroſor herilis
107 716 630 742 Oſtrea mus ſummis vidit hiulca Iabris.
69 749 810 784 Queis teneram apponens barbam, falſa oſſa momordit:
104 783 634 815 Aſt ea clauſerunt tacta repente domum;
71 816 695 849 Deprenſum & tetro tenuerunt carcere furem,
105 850 661 882 Semet in obſcurum qui dederat tumulum.
359 885 547 914 In ſordids. rt.
68 916 690 952 Quæ roſtro clyſtere velut ſibi proluit aluum
102 950 527 983 Ibis, Niliacis cognita littoribus,
70 983 738 1017 Tranſiit opprobrij in nomen; quo Publius hoftem
106 1017 610 1052 Naſo ſuum appellat, Battiadeſq; ſuum.
382 1053 528 1084 Ignaui. Iy.
66 1083 616 1118 Ignaui ardeolam ſtellatum effingere ſerui
102 1116 610 1150 Et ſtudia, & mores fabula priſca fuit.
69 1148 735 1186 Quæ famulum aſteriam volucris ſumpſiſſe fguram
101 1181 637 1219 lt commenta: fides ſit penes hiſtoricos,
753 1212 857 1256 Dege-
