908 1334
256 33 582 69 ALCATI.
809 57 842 80 4
44 84 663 119 Degener hic, veluti qui ceuet in aëre falco et,
51 119 570 161 Dictus ab antiquis vatibus, ardelio.
346 155 521 186 Deidia. o.
45 182 642 221 Deſidet in medio Eſſæus ſpeculator ad aſtra,
89 218 629 253 Subtus & accenſam contegit igne facem.
35 252 567 285 Segnities, ſpecie recti, velatacucullo;
89 285 550 316 Non ſe, non alios vtilitate iuuat.
260 321 591 352 Deſidiam abiiciendam. r.
48 348 817 421 e: a-
36 418 647 454 Surge igitur, duroq; manus adſueſce labori;
84 452 623 488 Det tibi dimenſos craſtina vt hora cibos,
226 487 661 520 In deſicientes. a.
44 518 673 552 Parua velut limax ſpreto remora impete venti,
86 552 591 589 Remorumq; ratem ſiſtere ſola poteſt:
46 584 712 624 Sic quoſdam ingenio, & virtute ad ſydera vectos,
81 618 605 651 Detinet in medio tramite cauſſa leuis:
44 651 697 684 Anxia lis veluti eſt: vel qui meretricius ardor,
81 685 536 717 Egregiis iuuenes ſeuocat à ſtudiis.
240 721 618 751 Cbliuio pupertati parens. I7.
48 750 644 782 Cum Iupus eſuriens mandit ceruarius eſcam,
81 783 627 820 Præq; fame captum deuorat hinnuleum;
44 816 587 848 Reſpiciat ſi forte alio, vel lumina vertat,
49 848 685 884 Præſentem oblitus quem tenet vngue cibum,
51 883 683 918 Quæritat incertam tanta eſt obliuio prædam.
82 917 559 951 Qui ſua neglxit, ſtulte aliena petit.
331 952 507 982 Fatuitas. I4.
47 982 610 1018 Miaris noſtro qubd carmine diceris Otus,
44 1016 638 1048 Sit vetus à proauis cum tibi nomen Otho.
48 1049 715 1083 Aurita eſt, ſimiles, & habet ceu noctua plumas,
80 1083 641 1116 Saltantemq; auceps mancipat aptus auem.
44 1115 677 1149 Hinc fatuos, captu & faciles, nos dicimus otos:
79 1149 683 1188 Hoc tibi conueniens tu quoque nomen habe.
273 1184 574 1213 In ſubitum terrorem. 75.
42 1213 597 1256 Efuſo cernens fugientes agmine turmas;
532 1250 585 1287 D
