905 1328
311 2 575 27 ANDRE
108 47 656 83 Quis mea nunc inflat cornua? Faunus ait.
355 83 542 107 Gtulitas. 1.
78 113 688 149 Quid matutinos, Progne, mihi garrula ſomnos
111 148 665 181 Rumpis? & obſtrepero Daulias ore canis?
76 181 704 214 Dignus epops Tereus; qui maluit enſe putare,
72 214 708 248 Quam linguam immodicam ſtirpitus eruere.
320 249 549 281 Mledicentia. t.
80 280 740 313 Archilochi tumulo inſculptas de marmore veſps
102 313 606 350 Eſſe ferunt, linguæ certa ſigilla malæ.
380 348 560 378 Veſtertiiio. s.
80 379 710 413 Adſumpſiſſe ſuum volucri ex Me eide nomen,
115 412 686 443 Socraticum autores Chœrophoonta ferunt.
86 445 596 474 Fuſca viro facies, & ſtridens vocula;tali
114 479 692 511 Hunc hominem potuit commaculare nota.
355 514 522 540 Aliud. o.
80 544 744 579 Veſpere quæ tantum volitat, quæ iumine luſca efir.
117 579 676 613 Quæ cum alas geſtet, cætera muris habet,
84 612 713 644 Ad res diuerſas trahitur. mala nomina primùm
118 645 655 679 Signat; quæ latitant, iudiciumq; timent.
82 678 741 711 Inde & philoſophos, qui dum cœleſtia quærnt,
120 711 580 744 Caligant oculis, falſaq; ſola vident.
86 744 770 779 Tandem & verſutos, cum clàm ſectentur vtrunque
118 778 629 813 Acquirunt neutrâ qui ſibi parte fidem.
337 813 583 843 In faudulerros. 6o.
84 845 637 877 Parua lacerta, atris ſtellatus corpora guttis
121 878 654 912 Stellio, qui latebras, & caua buſta colit,
84 911 644 945 Hnuidiæ, prauiq; doli fert ſymbola pictus:
119 945 686 976 Heu nimium nuribus cognita xelotypis.
86 976 718 1011 Nam turpi obtegitur faciem lentigine quiſquis,
123 1011 648 1045 Sit quibus immerſus Stellio, vina bibat.
86 1045 673 1078 Einc vindicta frequens deceptâ pellice vino,
122 1078 685 1110 Quàm formæ amiſſo flore relinquit amans.
383 1111 569 1144 Impoibile. ri.
85 1141 730 1178 Abluis .thiopem quid fruſtra? ah deſine. noctis
118 1174 625 1210 luſtrare nigra nemo potest tenbras.
780 1209 864 1249 Mas
