894 1325
312 40 560 66 ANDREÆ
257 85 632 119 Semper præto ifrtunia. .
70 118 577 153 Ludebant parili tres olim ætate puellæ
108 152 651 186 Sortibus; ad Stygias quæ prior iret aqua
70 186 563 215 Aſt cui iactato male ceſſerat alea talo,
69 217 548 253 Ridebat, ſortis cæca puella ſuæ:
71 253 702 285 Cum ſubito icta caput labente eſt mortua tectae
105 286 529 313 Soluit & audacis debita fata ioci.
69 319 685 349 Rebus in aduerſis mala ſors non fallitur: aſt in
101 353 670 385 Fauſtis, nec precibus, nec locus eſt manui.
222 387 660 419 Remedia in arduo: mala in prono. ts.
66 417 612 452 E.theriis poſtquàm deiecit ſedibus Aten
101 452 679 486 Iuppiter; heu vexat quàm mala noxa viros
66 484 640 518 Euolat hæc pedibus celer, & pernicibus alis,
101 518 545 550 Intactumq; nihil caſibus eſſe ſinit.
65 552 766 586 Ergo Lithæ, proles Iouis, hanc comitantur euntem
102 585 539 618 Sarturæ quicquid fecerit illa mali.
66 617 646 652 Sed quia ſegnipedes, luſcæ, laſſæq; ſenectâ,
101 652 603 685 Nil niſi poſt longo tempore reſtituunt.
292 685 583 717 Obnoxis ifirmitas. I.
64 719 650 753 Piſciculos Orata rapit medio xquore Sardas
99 752 665 786 Ni fugiant pauidæ, ſumma mariſq; petant.
64 785 640 818 Aſt ibi ſunt Mergis Fuliciſq; voracibus eſca:
100 819 598 852 Eheu intuta manens vndiq; debilitasl
339 854 535 884 Nil reliqui. o.
65 885 731 919 cilicet hoc deerat, poſt tot mala denique, noſtris
96 919 673 952 Locuſtæ vt raperent, quicquid ineſſet, agris?
64 953 688 985 Vidimus innumeras Euro duce tendere turmas;
96 985 628 1020 Qualia non Atylæ, caſtraue erxis erant.
63 1017 718 1050 æ fœnum, milium, farra omnia conſumpſerunt:
99 1052 661 1085 Spes & in anguſto eſt: ſtant niſi vota ſuper.
280 1088 586 1114 In vitam humanam. II.
63 1117 708 1145 Plus ſolito humanæ nunc defle incommoda vitæ,
100 1150 565 1185 Heraclite: ſcatetpluribus illa malis.
63 1181 673 1213 Tu rurſus; ſi quando aliàs, extolle cachinnum
96 1215 613 1251 Democrite; illa magis ludicra facta fuit.
733 1252 847 1289 Intere
