<?xml version="1.0" encoding="UTF-8" standalone="no"?><PcGts xmlns="http://schema.primaresearch.org/PAGE/gts/pagecontent/2019-07-15" xmlns:xsi="http://www.w3.org/2001/XMLSchema-instance" xsi:schemaLocation="http://schema.primaresearch.org/PAGE/gts/pagecontent/2019-07-15 http://schema.primaresearch.org/PAGE/gts/pagecontent/2019-07-15/pagecontent.xsd"><Metadata><Creator/><Created>2022-04-10T14:09:50</Created><LastChange>1970-01-01T00:00:00</LastChange><Comments/></Metadata><Page imageFilename="0081.png" imageHeight="1334" imageWidth="897"><TextRegion id="r1" orientation="0.0" type="paragraph"><Coords points="1,1 895,1 895,1332 1,1332"/><TextLine id="l1"><Coords points="582,2 327,2 327,38 582,38"/><TextEquiv><Unicode/></TextEquiv><TextEquiv index="1"><Unicode>ALCATI.</Unicode></TextEquiv></TextLine><TextLine id="l2"><Coords points="725,51 74,51 66,55 59,55 59,88 522,88 623,86 725,86"/><TextEquiv><Unicode/></TextEquiv><TextEquiv index="1"><Unicode>Interea hæc cernens meditor; qua deniq; tecum</Unicode></TextEquiv></TextLine><TextLine id="l3"><Coords points="601,120 705,120 705,87 522,89 277,88 234,90 94,89 94,122 532,122"/><TextEquiv><Unicode/></TextEquiv><TextEquiv index="1"><Unicode>Fine fleam, aut tecum quomodo ſplene iocer.</Unicode></TextEquiv></TextLine><TextLine id="l4"><Coords points="660,152 660,122 317,122 229,124 229,154 563,154"/><TextEquiv><Unicode/></TextEquiv><TextEquiv index="1"><Unicode>re quændq; redimenda ſalus. vpr.</Unicode></TextEquiv></TextLine><TextLine id="l5"><Coords points="718,154 343,154 256,156 178,156 171,154 60,154 60,188 626,186 638,186 646,188 718,188"/><TextEquiv><Unicode/></TextEquiv><TextEquiv index="1"><Unicode>Et pedibus ſegnis, tumidâ &amp; propendulus aluo,</Unicode></TextEquiv></TextLine><TextLine id="l6"><Coords points="598,220 598,188 333,188 272,190 99,190 99,221 273,222"/><TextEquiv><Unicode/></TextEquiv><TextEquiv index="1"><Unicode>Hae tamen inſidias effugit arte fiber:</Unicode></TextEquiv></TextLine><TextLine id="l7"><Coords points="614,221 273,223 65,222 65,255 614,255"/><TextEquiv><Unicode/></TextEquiv><TextEquiv index="1"><Unicode>Mordicus ipſe ſibi medicata virilia vellit,</Unicode></TextEquiv></TextLine><TextLine id="l8"><Coords points="573,287 573,255 306,255 101,257 101,288 356,289"/><TextEquiv><Unicode/></TextEquiv><TextEquiv index="1"><Unicode>Atque abicit, ſeſe gnarus ob illa peti.</Unicode></TextEquiv></TextLine><TextLine id="l9"><Coords points="658,287 356,290 186,289 131,290 52,287 52,320 658,320"/><TextEquiv><Unicode/></TextEquiv><TextEquiv index="1"><Unicode>Huius ab exemplo, diſces non parcere rebus,</Unicode></TextEquiv></TextLine><TextLine id="l10"><Coords points="98,321 98,353 623,353 623,321"/><TextEquiv><Unicode/></TextEquiv><TextEquiv index="1"><Unicode>Et vitam vt redimas, hoſtibus æra dare.</Unicode></TextEquiv></TextLine><TextLine id="l11"><Coords points="295,355 295,385 590,385 590,355"/><TextEquiv><Unicode/></TextEquiv><TextEquiv index="1"><Unicode>De mortao damore. iis.</Unicode></TextEquiv></TextLine><TextLine id="l12"><Coords points="61,388 61,422 696,422 696,388"/><TextEquiv><Unicode/></TextEquiv><TextEquiv index="1"><Unicode>Errabat ſocio mors iuncta Cupidine: ſecum</Unicode></TextEquiv></TextLine><TextLine id="l13"><Coords points="287,455 696,454 695,423 92,424 92,457 182,457"/><TextEquiv><Unicode/></TextEquiv><TextEquiv index="1"><Unicode>Mors pharetras; paruus tela gerebat Amor.</Unicode></TextEquiv></TextLine><TextLine id="l14"><Coords points="689,489 689,456 287,456 183,457 141,459 59,457 59,490 271,490 309,488 617,490"/><TextEquiv><Unicode/></TextEquiv><TextEquiv index="1"><Unicode>Diuertere ſimul, ſimul vnà &amp; nocte cubârunt</Unicode></TextEquiv></TextLine><TextLine id="l15"><Coords points="665,490 521,491 309,489 271,491 164,492 93,491 93,523 665,523"/><TextEquiv><Unicode/></TextEquiv><TextEquiv index="1"><Unicode>Cæcus Amor, Mors hoc tempore cæca fuit.</Unicode></TextEquiv></TextLine><TextLine id="l16"><Coords points="720,522 688,524 606,525 355,523 61,525 61,556 720,556"/><TextEquiv><Unicode/></TextEquiv><TextEquiv index="1"><Unicode>Alter enim alterius mal prouida ſpicula ſumpſit:</Unicode></TextEquiv></TextLine><TextLine id="l17"><Coords points="555,558 241,557 99,558 99,590 555,590"/><TextEquiv><Unicode/></TextEquiv><TextEquiv index="1"><Unicode>Mors aurata tenet: oſſea tela puer.</Unicode></TextEquiv></TextLine><TextLine id="l18"><Coords points="687,586 679,585 615,584 605,590 599,591 366,590 124,592 60,590 60,623 687,623"/><TextEquiv><Unicode/></TextEquiv><TextEquiv index="1"><Unicode>Debuit inde ſenex qui nunc Acheronticus eſſe;</Unicode></TextEquiv></TextLine><TextLine id="l19"><Coords points="597,624 376,623 92,625 92,655 597,655"/><TextEquiv><Unicode/></TextEquiv><TextEquiv index="1"><Unicode>Ecce amat, &amp; capiti forea ſerta parat.</Unicode></TextEquiv></TextLine><TextLine id="l20"><Coords points="660,658 58,658 58,689 626,689 660,690"/><TextEquiv><Unicode/></TextEquiv><TextEquiv index="1"><Unicode>Aſt ego mutato quia Amor me perculit arcu.</Unicode></TextEquiv></TextLine><TextLine id="l21"><Coords points="606,690 493,691 380,689 305,691 94,691 94,718 606,718"/><TextEquiv><Unicode/></TextEquiv><TextEquiv index="1"><Unicode>Deficio, iniiciunt &amp; mihi fata manum.</Unicode></TextEquiv></TextLine><TextLine id="l22"><Coords points="661,723 55,723 55,755 161,757 340,757 384,755 661,757"/><TextEquiv><Unicode/></TextEquiv><TextEquiv index="1"><Unicode>Parce puer, Mors ſigna tenens victricia, parce;</Unicode></TextEquiv></TextLine><TextLine id="l23"><Coords points="686,758 525,758 484,756 384,756 340,758 227,757 161,758 89,756 89,789 686,789"/><TextEquiv><Unicode/></TextEquiv><TextEquiv index="1"><Unicode>Fac ego amem: ſubeat fac Acheronta ſenex.</Unicode></TextEquiv></TextLine><TextLine id="l24"><Coords points="212,791 212,823 637,823 637,791"/><TextEquiv><Unicode/></TextEquiv><TextEquiv index="1"><Unicode>In formoſam fatoprareptam. to.</Unicode></TextEquiv></TextLine><TextLine id="l25"><Coords points="55,823 55,857 720,857 720,823"/><TextEquiv><Unicode/></TextEquiv><TextEquiv index="1"><Unicode>Cur puerum mors auſa dolis es carpere Amorem?</Unicode></TextEquiv></TextLine><TextLine id="l26"><Coords points="216,890 471,890 558,892 668,892 668,858 600,859 475,857 75,857 75,895 209,895"/><TextEquiv><Unicode/></TextEquiv><TextEquiv index="1"><Unicode>Tela tua vt iaceret; dum propria eſſe putat?</Unicode></TextEquiv></TextLine><TextLine id="l27"><Coords points="619,894 274,894 274,922 619,924"/><TextEquiv><Unicode/></TextEquiv><TextEquiv index="1"><Unicode>In mortem præproperam. Is.</Unicode></TextEquiv></TextLine><TextLine id="l28"><Coords points="634,925 222,923 210,919 62,919 62,958 123,956 634,958"/><TextEquiv><Unicode/></TextEquiv><TextEquiv index="1"><Unicode>Qui teneras formâ allexit, torſitq; puellas,</Unicode></TextEquiv></TextLine><TextLine id="l29"><Coords points="636,983 636,971 635,967 632,964 624,960 349,957 93,958 93,989 628,989"/><TextEquiv><Unicode/></TextEquiv><TextEquiv index="1"><Unicode>Pulchrior, &amp; totâ nobilis vrbe puer,</Unicode></TextEquiv></TextLine><TextLine id="l30"><Coords points="689,990 626,990 620,992 551,993 423,990 63,990 63,1023 689,1024"/><TextEquiv><Unicode/></TextEquiv><TextEquiv index="1"><Unicode>Occidit ante diem, nulli mage flendus, Areſti,</Unicode></TextEquiv></TextLine><TextLine id="l31"><Coords points="271,1056 669,1057 669,1026 604,1024 97,1024 97,1057 157,1058"/><TextEquiv><Unicode/></TextEquiv><TextEquiv index="1"><Unicode>Quàm tibi, cui caſto iunctus amore fuit.</Unicode></TextEquiv></TextLine><TextLine id="l32"><Coords points="659,1058 271,1057 124,1059 64,1057 64,1089 659,1089"/><TextEquiv><Unicode/></TextEquiv><TextEquiv index="1"><Unicode>Ergo illi tumulum tanti monumenta doloris</Unicode></TextEquiv></TextLine><TextLine id="l33"><Coords points="624,1123 624,1091 97,1091 97,1123 230,1124 341,1122 556,1124"/><TextEquiv><Unicode/></TextEquiv><TextEquiv index="1"><Unicode>Adſtruis: &amp; querulis vocibus aſtra feris.</Unicode></TextEquiv></TextLine><TextLine id="l34"><Coords points="706,1123 556,1125 296,1123 230,1125 121,1125 59,1123 59,1156 237,1157 357,1155 421,1157 706,1157"/><TextEquiv><Unicode/></TextEquiv><TextEquiv index="1"><Unicode>Me ſine abis dilecte? neque amplius ibimus vnà</Unicode></TextEquiv></TextLine><TextLine id="l35"><Coords points="616,1157 421,1158 320,1156 237,1158 93,1158 44,1156 44,1188 616,1189"/><TextEquiv><Unicode/></TextEquiv><TextEquiv index="1"><Unicode>Nec mecum in ſtudiis cia grata teres?</Unicode></TextEquiv></TextLine><TextLine id="l36"><Coords points="533,1226 541,1224 604,1225 628,1226 638,1228 638,1190 92,1191 57,1189 57,1229 440,1229"/><TextEquiv><Unicode/></TextEquiv><TextEquiv index="1"><Unicode>Sed te terra teget, ſed fati, Gorgonis ora.</Unicode></TextEquiv></TextLine><TextLine id="l37"><Coords points="777,1220 777,1248 855,1248 855,1220"/><TextEquiv><Unicode/></TextEquiv><TextEquiv index="1"><Unicode>Des</Unicode></TextEquiv></TextLine><TextEquiv><Unicode/></TextEquiv></TextRegion></Page></PcGts>