897 1334
327 2 631 38 ALCATI.
821 16 871 46 t
59 51 780 88 Interea hæc cernens meditor; qua deniq; tecum
94 87 705 122 Fine fleam, aut tecum quomodo ſplene iocer.
229 122 660 154 re quændq; redimenda ſalus. vpr.
60 154 718 188 Et pedibus ſegnis, tumidâ & propendulus aluo,
99 188 598 222 Hae tamen inſidias effugit arte fiber:
65 221 614 255 Mordicus ipſe ſibi medicata virilia vellit,
101 255 573 289 Atque abicit, ſeſe gnarus ob illa peti.
52 287 658 320 Huius ab exemplo, diſces non parcere rebus,
98 321 623 353 Et vitam vt redimas, hoſtibus æra dare.
295 355 590 385 De mortao damore. iis.
61 388 746 422 Errabat ſocio mors iuncta Cupidine: ſecum
92 423 721 457 Mors pharetras; paruus tela gerebat Amor.
59 456 689 490 Diuertere ſimul, ſimul vnà & nocte cubârunt
93 489 665 523 Cæcus Amor, Mors hoc tempore cæca fuit.
61 522 720 556 Alter enim alterius mal prouida ſpicula ſumpſit:
99 557 555 590 Mors aurata tenet: oſſea tela puer.
60 584 687 623 Debuit inde ſenex qui nunc Acheronticus eſſe;
92 623 597 655 Ecce amat, & capiti forea ſerta parat.
58 658 705 696 Aſt ego mutato quia Amor me perculit arcu.
94 689 606 718 Deficio, iniiciunt & mihi fata manum.
55 723 661 757 Parce puer, Mors ſigna tenens victricia, parce;
89 756 686 789 Fac ego amem: ſubeat fac Acheronta ſenex.
212 791 637 823 In formoſam fatoprareptam. to.
55 823 720 857 Cur puerum mors auſa dolis es carpere Amorem?
75 857 668 895 Tela tua vt iaceret; dum propria eſſe putat?
274 894 619 924 In mortem præproperam. Is.
62 919 634 958 Qui teneras formâ allexit, torſitq; puellas,
93 957 636 989 Pulchrior, & totâ nobilis vrbe puer,
63 990 689 1024 Occidit ante diem, nulli mage flendus, Areſti,
97 1024 669 1058 Quàm tibi, cui caſto iunctus amore fuit.
64 1057 659 1089 Ergo illi tumulum tanti monumenta doloris
97 1091 624 1124 Adſtruis: & querulis vocibus aſtra feris.
59 1123 706 1157 Me ſine abis dilecte? neque amplius ibimus vnà
44 1156 616 1189 Nec mecum in ſtudiis cia grata teres?
57 1189 638 1229 Sed te terra teget, ſed fati, Gorgonis ora.
777 1220 855 1248 Des
506 1227 628 1264 D
