890 1334
299 9 598 52 ALEANDRI.
62 58 727 97 Verim his pectinibus, cum Sol caput exerit vndis,
98 96 598 129 Pecte puer roſeas, pecte puella comas.
58 130 726 164 At duplex ſpeculorum vſus, nam ſiquid in illis
96 164 554 198 Apparet veſtri corporis egregium,
59 197 820 229 Reddere dignam animam formâ hac contendite contra i
97 231 678 264 Turpe quid in facie eſt? corrigat hoc anima.
63 264 704 298 Non opus heu monitis foret his, ſi viueret ille
98 297 655 330 Quieum ſpes veſtra eſt, ſpesq; ſepulta mea.
64 330 657 365 Fata mihi geminos rapuerunt ſæua parentes:
103 364 626 397 Addita mors veſtri eſt, tertia tela, patris.
67 397 735 432 Qui quoniam perijt, vos nunc mihi ſitis vterque.
102 431 538 464 Illi quod, dones viueret, ipſe fui
65 456 672 499 Nunc ego retribuam natis, quod iure parenti
101 497 637 529 Debueram: vellem reddere poſſe tribus.
65 530 755 565 At precor hoc ſaltem mihi dent pia Numina, gratum
99 564 562 599 Officium veſtri manibus eſſe patris.
363 703 537 733 Epithalamion.
55 732 743 794 DVRRV EESSam læta ſinus Thitonia coniux
104 766 651 799 Extulerat, roſeoq; diem patefecerat ortu,
60 800 705 833 Cæruleum tremulo percurrens lumine pontum;
63 833 677 866 Qui cupido ſua vota viro, deſponſaq; dudum
65 867 658 900 Comnubia, optatosq; toros, & gaudia ferrat:
67 900 682 933 Cum dulces patris amplexus, cum mœnia caræ
66 933 682 966 Parthenopes, notasq; excedens linqueret arce
68 966 630 998 Sfortiadæ iuueni donanda Aragonia virgo.
66 1000 613 1032 Ipſe leui pater aduolitans per cerula curru
69 1031 711 1065 Neptunus, lat vndiſonum ſubſtrauerat æquor
62 1065 590 1099 Infidiq; minas pelagi: nec gratior vndis
64 1097 601 1132 Temperies, cœlove quies demiſſa ſereno
63 1131 581 1166 Adfui, aut aliâs ſpirarunt lenius auræ.
60 1164 686 1200 Hic ſtudijs, varioq; adenſu lecta iuuentus,
55 1198 704 1233 Frondenouâ redimita comas, myrtoq; virenti,
773 1231 846 1255 Dum
