<PcGts xmlns="http://schema.primaresearch.org/PAGE/gts/pagecontent/2017-07-15" xmlns:xsi="http://www.w3.org/2001/XMLSchema-instance" xsi:schemaLocation="http://schema.primaresearch.org/PAGE/gts/pagecontent/2017-07-15 http://schema.primaresearch.org/PAGE/gts/pagecontent/2017-07-15/pagecontent.xsd"><Metadata><Creator>User123</Creator><Created>2020-04-25T21:20:14</Created><LastChange>2020-04-25T21:20:14</LastChange></Metadata><Page imageFilename="0085.png" imageHeight="1334" imageWidth="890"><TextRegion id="r0" type="paragraph"><Coords points="1,1 888,1 888,1332 1,1332"/><TextLine id="r0_l001"><Coords points="237,9 237,52 598,52 598,9"/><TextEquiv index="1"><Unicode>ALEANDRI.</Unicode></TextEquiv></TextLine><TextLine id="r0_l002"><Coords points="812,29 812,59 845,59 845,29"/><TextEquiv index="1"><Unicode></Unicode></TextEquiv></TextLine><TextLine id="r0_l003"><Coords points="727,58 649,58 581,60 469,58 62,58 62,93 126,94 182,97 727,97"/><TextEquiv index="1"><Unicode>Verim his pectinibus, cum Sol caput exerit vndis,</Unicode></TextEquiv></TextLine><TextLine id="r0_l004"><Coords points="598,98 182,98 154,96 98,96 98,129 598,129"/><TextEquiv index="1"><Unicode>Pecte puer roſeas, pecte puella comas.</Unicode></TextEquiv></TextLine><TextLine id="r0_l005"><Coords points="58,130 58,164 726,164 726,130"/><TextEquiv index="1"><Unicode>At duplex ſpeculorum vſus, nam ſiquid in illis</Unicode></TextEquiv></TextLine><TextLine id="r0_l006"><Coords points="554,197 554,165 96,164 96,195 102,196 502,198"/><TextEquiv index="1"><Unicode>Apparet veſtri corporis egregium,</Unicode></TextEquiv></TextLine><TextLine id="r0_l007"><Coords points="820,197 607,197 502,199 59,197 59,227 76,228 820,229"/><TextEquiv index="1"><Unicode>Reddere dignam animam formâ hac contendite contra i</Unicode></TextEquiv></TextLine><TextLine id="r0_l008"><Coords points="678,233 427,231 97,231 97,262 203,264 678,264"/><TextEquiv index="1"><Unicode>Turpe quid in facie eſt? corrigat hoc anima.</Unicode></TextEquiv></TextLine><TextLine id="r0_l009"><Coords points="704,267 692,266 589,265 310,266 202,264 63,264 63,295 87,294 298,298 704,298"/><TextEquiv index="1"><Unicode>Non opus heu monitis foret his, ſi viueret ille</Unicode></TextEquiv></TextLine><TextLine id="r0_l010"><Coords points="655,300 608,300 577,298 298,299 229,297 98,297 98,329 655,330"/><TextEquiv index="1"><Unicode>Quieum ſpes veſtra eſt, ſpesq; ſepulta mea.</Unicode></TextEquiv></TextLine><TextLine id="r0_l011"><Coords points="517,363 657,364 657,332 323,333 275,331 64,330 64,363 176,362 394,365"/><TextEquiv index="1"><Unicode>Fata mihi geminos rapuerunt ſæua parentes:</Unicode></TextEquiv></TextLine><TextLine id="r0_l012"><Coords points="626,365 517,364 353,366 294,364 103,364 103,396 626,397"/><TextEquiv index="1"><Unicode>Addita mors veſtri eſt, tertia tela, patris.</Unicode></TextEquiv></TextLine><TextLine id="r0_l013"><Coords points="735,397 472,398 437,400 336,400 253,397 67,397 67,432 99,432 147,429 246,430 275,432 735,432"/><TextEquiv index="1"><Unicode>Qui quoniam perijt, vos nunc mihi ſitis vterque.</Unicode></TextEquiv></TextLine><TextLine id="r0_l014"><Coords points="538,432 275,433 246,431 120,431 102,432 102,462 283,464 538,464"/><TextEquiv index="1"><Unicode>Illi quod, dones viueret, ipſe fui</Unicode></TextEquiv></TextLine><TextLine id="r0_l015"><Coords points="712,456 613,458 603,464 597,465 497,465 460,467 394,467 282,464 123,464 65,462 65,494 176,497 347,497 414,499 712,499"/><TextEquiv index="1"><Unicode>Nunc ego retribuam natis, quod iure parenti</Unicode></TextEquiv></TextLine><TextLine id="r0_l016"><Coords points="684,500 674,499 414,500 347,498 101,497 101,529 684,530"/><TextEquiv index="1"><Unicode>Debueram: vellem reddere poſſe tribus.</Unicode></TextEquiv></TextLine><TextLine id="r0_l017"><Coords points="755,530 691,530 684,532 653,533 65,530 65,562 121,561 163,563 266,563 325,565 755,565"/><TextEquiv index="1"><Unicode>At precor hoc ſaltem mihi dent pia Numina, gratum</Unicode></TextEquiv></TextLine><TextLine id="r0_l018"><Coords points="99,564 99,599 562,599 562,564"/><TextEquiv index="1"><Unicode>Officium veſtri manibus eſſe patris.</Unicode></TextEquiv></TextLine><TextLine id="r0_l019"><Coords points="436,643 317,643 317,660 436,660"/><TextEquiv index="1"><Unicode>TT</Unicode></TextEquiv></TextLine><TextLine id="r0_l020"><Coords points="760,661 549,662 540,658 536,654 467,653 456,653 449,659 441,661 358,660 310,661 301,659 291,652 281,652 280,641 216,641 215,643 210,644 164,645 155,653 147,656 142,656 142,676 760,676"/><TextEquiv index="1"><Unicode>AB I S AM LI.</Unicode></TextEquiv></TextLine><TextLine id="r0_l021"><Coords points="749,660 749,643 550,643 550,661 737,661"/><TextEquiv index="1"><Unicode></Unicode></TextEquiv></TextLine><TextLine id="r0_l022"><Coords points="363,701 363,733 537,733 537,701"/><TextEquiv index="1"><Unicode>Epithalamion.</Unicode></TextEquiv></TextLine><TextLine id="r0_l023"><Coords points="743,733 66,733 66,767 93,765 207,765 273,767 743,767"/><TextEquiv index="1"><Unicode>DVRRV EESSam læta ſinus Thitonia coniux</Unicode></TextEquiv></TextLine><TextLine id="r0_l024"><Coords points="651,768 353,767 273,768 207,766 93,766 63,769 63,795 77,797 127,799 651,799"/><TextEquiv index="1"><Unicode>Extulerat, roſeoq; diem patefecerat ortu,</Unicode></TextEquiv></TextLine><TextLine id="r0_l025"><Coords points="705,801 642,802 523,800 60,800 60,832 73,833 705,833"/><TextEquiv index="1"><Unicode>Cæruleum tremulo percurrens lumine pontum;</Unicode></TextEquiv></TextLine><TextLine id="r0_l026"><Coords points="676,835 470,833 63,833 63,866 677,866"/><TextEquiv index="1"><Unicode>Qui cupido ſua vota viro, deſponſaq; dudum</Unicode></TextEquiv></TextLine><TextLine id="r0_l027"><Coords points="658,899 658,868 65,867 65,899 605,900"/><TextEquiv index="1"><Unicode>Comnubia, optatosq; toros, &amp; gaudia ferrat:</Unicode></TextEquiv></TextLine><TextLine id="r0_l028"><Coords points="682,932 682,900 67,900 67,931 139,933 609,933"/><TextEquiv index="1"><Unicode>Cum dulces patris amplexus, cum mœnia caræ</Unicode></TextEquiv></TextLine><TextLine id="r0_l029"><Coords points="682,933 66,933 66,964 78,965 682,966"/><TextEquiv index="1"><Unicode>Parthenopes, notasq; excedens linqueret arce</Unicode></TextEquiv></TextLine><TextLine id="r0_l030"><Coords points="630,967 514,968 394,966 160,968 117,966 68,966 68,996 85,998 630,998"/><TextEquiv index="1"><Unicode>Sfortiadæ iuueni donanda Aragonia virgo.</Unicode></TextEquiv></TextLine><TextLine id="r0_l031"><Coords points="613,1001 66,1000 66,1031 613,1032"/><TextEquiv index="1"><Unicode>Ipſe leui pater aduolitans per cerula curru</Unicode></TextEquiv></TextLine><TextLine id="r0_l032"><Coords points="711,1031 678,1031 672,1033 442,1032 224,1034 122,1034 69,1032 69,1063 74,1064 711,1065"/><TextEquiv index="1"><Unicode>Neptunus, lat vndiſonum ſubſtrauerat æquor</Unicode></TextEquiv></TextLine><TextLine id="r0_l033"><Coords points="437,1097 590,1098 590,1066 127,1067 100,1065 62,1065 62,1096 118,1099 384,1099"/><TextEquiv index="1"><Unicode>Infidiq; minas pelagi: nec gratior vndis</Unicode></TextEquiv></TextLine><TextLine id="r0_l034"><Coords points="416,1130 601,1131 601,1099 437,1098 384,1100 140,1101 64,1097 64,1131 377,1132"/><TextEquiv index="1"><Unicode>Temperies, cœlove quies demiſſa ſereno</Unicode></TextEquiv></TextLine><TextLine id="r0_l035"><Coords points="393,1165 426,1163 581,1164 581,1132 416,1131 377,1133 283,1132 237,1134 131,1134 63,1132 63,1163 110,1163 127,1165 164,1166 311,1166"/><TextEquiv index="1"><Unicode>Adfui, aut aliâs ſpirarunt lenius auræ.</Unicode></TextEquiv></TextLine><TextLine id="r0_l036"><Coords points="272,1198 374,1197 686,1198 686,1164 426,1164 393,1166 311,1167 164,1167 127,1166 110,1164 60,1164 60,1196 151,1200 238,1200"/><TextEquiv index="1"><Unicode>Hic ſtudijs, varioq; adenſu lecta iuuentus,</Unicode></TextEquiv></TextLine><TextLine id="r0_l037"><Coords points="711,1228 732,1228 732,1198 374,1198 272,1199 238,1201 151,1201 126,1199 55,1198 55,1233 521,1233 526,1230 648,1231 667,1233 704,1233"/><TextEquiv index="1"><Unicode>Frondenouâ redimita comas, myrtoq; virenti,</Unicode></TextEquiv></TextLine><TextLine id="r0_l038"><Coords points="773,1231 773,1255 846,1255 846,1231"/><TextEquiv index="1"><Unicode>Dum</Unicode></TextEquiv></TextLine><TextLine id="r0_l039"><Coords points="532,1234 532,1261 608,1261 608,1234"/><TextEquiv index="1"><Unicode>D</Unicode></TextEquiv></TextLine></TextRegion></Page></PcGts>