898 1335
322 41 689 66 GABRIEIS
85 45 116 65 2
87 83 645 118 Inſlrueret, varijs ſpectanda coloribus Iris,
88 118 658 151 Ambroſiæq; manus ſucco perfuſa nitentes,
86 151 664 184 Adſtarentq; ſuis incinctæ veſtibus Horæ:
89 184 678 217 Cum paſſim cæli per lumina læta ſrequentes
87 218 715 252 Cælicolæ obſtreperent, ac toto teddita Olympo
84 252 606 277 Frater lo, coniux & io, vox vna ſonaret.
85 284 786 320 Dicite Hymen Hymenæe Hymen, ter dicite Nymphæ.
86 318 598 351 Opatriæ o ſæcli decus Heroina; iugales
85 351 631 383 Iam te ſub leges vocat & ſua iura maritus.
83 384 719 417 At nos æquales, quibus idem ad flumina curſus
82 417 706 449 Et certamen idem forum, ſtudiumq; decentes
83 450 702 478 Inſtaurare choros, noſtri iam ad munera luci
81 482 668 518 Mane reuertemur; iam te ſine munera nobis
80 518 759 551 Illa quidem placitnra minus. namq; alta relictæ
81 551 749 584 Per nemora, vt querulis vitulæ mugitibus inſtant,.
81 585 757 618 Et gemitu matrem implorant, quæ montibus altis.
80 618 613 643 Errauit, viridi aut conualle oblita reſedit
79 650 717 683 Mollia prata ſecuta, nouos aut forte hymæneos:
81 684 638 718 Cara tui ſic nos memores abitura relinquis
77 718 661 751 Æternum, dulcisq; animis hærebis imago;
80 749 657 779 Te noſtri recinent luſus, te noſtra ſonabunt
80 783 675 817 Carmina, te thyaſi, puima tibi munera noſtra
78 817 675 851 Pendebunt ſuaue halantes de more corollæ:
72 851 727 883 Prima tibi vnguenta, & patrios fundemus odos
68 884 634 917 Vmbroſam ſub loton; opaco vertice lotos
78 918 606 952 Sebethi patris ad ripas ſpectanda virebit.
79 950 765 985 Quodq; oculo properante aliquis properante carinà
77 985 728 1017 Præteriens legat, hoc ſignabit littera carmen,
78 1018 692 1052 Grandior inciſum teneris quod præferat arbos,
76 1052 741 1085 Corticibus: Cole me, Iſabella ego regia Lotos.
75 1085 612 1117 Hæc ita nos: at tu Diuis egreſſa ſecundis,
74 1115 560 1150 Ibis in amplexus cari exoptata mariti
78 1149 603 1182 Qui robuſta tuo circundet brachia collo,
76 1182 643 1217 Vgineaq; ſinum ronâ mox ſoluere pergat,
72 1213 700 1251 Iæcundam exercens otata prols iuuentam:
774 1256 861 1287 de
