891 1330
264 23 546 61 ALTILII.
46 63 595 101 Inde tuos mo iam matri miſſura nepotes
43 101 700 134 In gremium, formoſa decor queis matris ab ore
46 134 648 168 Miſceat ora. maremq; ſerant à patre vigorem.
47 167 749 200 Dicite Hmen Hymenæe Hmen, ter dicite Nymphæ.
50 201 595 235 Sed te iam placidis ſpirat tes flatibus auræ
49 235 670 268 Pacatumq; vocat nautis properantibus æquor;
43 269 662 302 Inerepat & ſummâ rector de puppe morantem.
50 301 653 334 Ingredere optatasq; vias pee ſuſcipe læto:
55 333 619 368 Oſcula germanumq; pios age deſere ſlerus:
56 367 707 400 Te quoque lacrymulas virgo iam mitrere temps.
52 399 644 433 Abſtergent tibi ſingultus mox gaudia tautos,
53 434 672 467 Gaudia, quæ lacrmis aliter teſtere profuſis.
46 466 752 501 Dicite Hymen Hymenæe Hmen, ter dicite Nymphæ.
47 501 706 534 Iam dextro claſſem tetigit pede: iam procul alta
47 534 591 568 Conſpicitur virgo in puppi, lætiq; receptâ
44 567 674 601 Clamorem tollunt nautæ, iam vincula ſoluunt,
42 601 718 636 Iam pontem, funemq; legunt; cauaq; æta coruſe.
35 635 672 668 Igne tonant, crebrisq; laceſſunt ictibus auras,
38 667 630 701 Ac validis diſploſa ſonoribus aëra compient,
37 700 650 732 Egreſſæ bona ſigna rati, & ſoluentibus omen.
37 733 672 767 Talis ad Æmonium frenato piſce maritum
34 767 687 799 ectaThetis, leuis aut ſedit cum Cypria conchâ.
34 801 770 840 Dicite Hymen Hymenæe Hmen, ter dicite Nymphæ.
36 833 638 867 Prouehitur ſedam pelago ratis, actaq; remis
35 867 595 901 Littora deſeruit: dubios iam lintea viſus
36 900 671 935 Paulatim, flentesq; oculos fublata relinquunt.
36 933 758 967 Nos quoque ox, nos ipſa animi mens deſerit omnis;
33 965 619 1000 Infractiq; labant gelido ſib pectore ſenſus.
34 1000 705 1035 Quod ſupereſt votis te virgo, & mente ſequemur.
30 1032 558 1067 Ergo ſeu pat rio digreſſam littore curuo
27 1066 594 1101 Exeipiet Caieta ſinu, ſeu te Anxuris arces
21 1100 658 1133 Citceosq; lacus iuxta, & Tiberina legentem
21 1132 641 1165 Oſtia. nec fidum nautis mare, remige dextro
18 1166 647 1193 Flectentem facili adnitens tranſmiſerit aura
13 1198 668 1239 Puppis. & Hercnleos inuiſeret hoſpita portus:
771 1235 833 1261 Siue
