919 1333
214 22 694 49 HIER.AMALTHEI.
325 151 584 175 Ad Pium IV P. M.
39 191 739 252 VCIDVSille Aries, fuluo cui tergus amictu,
95 225 681 258 Cui geminum cornu cælo ſcintillat ab alto,
54 258 636 291 Hact enus intonſo tulit aurea vellera dorſo,
55 291 692 325 Nec ſpolijs vnquam ſplendentibus exuit armos.
56 325 776 359 At poſtquam tenuere PVMCapitolia, poſtquam
55 359 665 391 Voce PIVMingenti montis reſpondit imago
55 391 695 426 Quo Latium exultet, quo Rege ſuperbiat orbis,
52 425 608 457 Diuinæ quæ penſa trahunt fatalia Parcæ
51 458 665 492 Cælituum monitus & grandia iuſſa ſequutæ
43 491 619 524 Fulgentes ſecuere iubas, ſecuere beatum
49 525 703 560 Vellus, & aurato viduarunt tegmine dorſum.
47 559 634 592 Nec, mora nobilibus penſis, ac diuite lanâ
45 592 657 626 Centum inuoluentes operoſis orbibus orbes
41 627 647 660 Fatalem cinxere colum, digitisq; micantem.
40 660 761 693 Dum redigunt in fila globum, nent longius æuum;
42 693 602 724 Nent fortunatos inuicti Principis annos,
39 726 690 760 Et ſeram numeroſa trahunt per luſtra ſenectam.
35 760 692 792 Dumq; agilem celeri totquent vertigine fuſum,
41 792 644 825 Stamina purpureis ſcintillant morſa labellis,
42 825 631 859 Tortaq; lucentes iaculantur penſa fauillas;
42 858 621 892 Et cireum inſolito cælum fulgore coruſcat.
45 892 693 924 At Lacheſis, cui ſcire datum eſt arcana Deorum,
46 924 567 959 Teſtatur pretios, PIo ſub rege reuerti
46 958 622 993 Sæcula, qui Latium belli formidine ſoluat,
43 992 668 1020 Et ferrum effrenos, & cladem vertat in Indos.
47 1025 681 1058 Salue ingens pietate, hetos Dijs æmule ſalue ,
44 1058 574 1092 Limina qui nitidi reſeras argentea cæli,
41 1092 543 1125 Et caligantis ſauces occludis Auerni.
42 1125 651 1158 Te duce cana Fides Solymas vexilla per oras,
41 1158 728 1194 Trans Gangem attollet, trans diuitis arua Canopi.
33 1191 692 1225 Iam video obiitis trepidum dare terga pharctris
726 1230 839 1260 Regnu-
