883 1337
314 9 673 35 HIERONYMI
96 12 127 33 S6
88 48 730 84 Regnutorem Aſiæ, & Scythicis ſe ſe abdere siluis.
77 84 734 116 Non illum fugientem hyemes. non inuia montis
92 118 741 150 Fragmina, non rupti pontes, non flumina ſiſtunt:
94 151 678 183 Sed pernicis equi ſtimulans calcaribus armos
90 184 689 215 Fertur in ocultas per inhoſpita luſtra latebras:
90 218 645 251 Dum Syrios Italo compleri milite campos,
89 250 718 283 Dum trabibus cingi circumſpicit Helleſpontum.
91 284 682 318 Sentit, & irato te fulmine pone ſequentem.
90 318 617 351 Oſeptem gaudete arces, gaudete Latinæ
89 351 705 385 Naiades, Etruſci colitis quæ Tibridis amnem
88 383 568 416 Vrbibus Eois, totoq; oriente ſubacto
84 416 641 444 Victrices Romanæ acies ad veſtra redibunt
85 450 669 483 Littora, & antiqui Latio reddentur honores.
79 483 652 518 O quæ, magne Heros, O quæ felicia ſurgent
84 517 696 551 Tempora, cum gemino creti ſub cardine reges,
84 551 683 584 Et qu Sol rutilum ponto caput exerit, & quâ
83 583 617 616 Lenis in optatæ gremio ſe Tethyos abdit,
81 617 695 651 Ad Tiberim vnanimes, ad caſta altaria current,
81 651 712 682 Vt ſacrum accipiant ſupremo in vertice rorem,
66 683 585 717 Et ſubmiſſa tuis affigant oſcula plantis.
81 717 716 743 Tum mihi fatalem ſi nondum e vertice crinem
79 750 712 783 Perſephone abſtulerit, fidibus mea Muſa canoris
79 783 670 815 Dulcibus implebit reſonas concentibus auras
78 817 759 851 Dum canet, vt profugam reuocaris ad otia pacem;
78 851 677 883 Vt fœcunda Ceres te principe onuſta recludat
76 885 695 917 Horrea, vt immenſas concedat prodiga meſſes:
77 917 619 952 Et vacuas Liber ſitientibus impleat vrnas.
76 950 683 984 Ipſa etiam irriguos mecum ſpatiata per hortos,
77 984 613 1015 Pæonias gremio Nais tibi colliget herbas,
77 1017 662 1049 Oas formoſa Salus medicos cuſtodit in vſus.
75 1050 626 1082 At tu fragrantes ne deſpice Pæonis herbas,
76 1083 669 1116 Textilibus calathis quas porriget obuia virgo.
75 1114 638 1149 His funeſta procul pelles contagia donis,
72 1147 557 1180 Et florente diu ſoſpes potiere ſenectâ.
70 1180 715 1219 Hæc auemm hhcila eſt Dijs non incognita virgo,
780 1227 853 1261 Qu
