903 1326
324 6 624 33 AMALTHEI.
72 45 673 83 Quæ ſonitus Curetum inter per deui Cretæ
80 83 649 115 Regem aluit Superûm felicis lacte capellæ;
76 115 609 147 Cum tener in cunis ſacrâ vagiret in Idâ;
82 148 670 182 Et nunc illa eadem te pectine cantat eburno.
117 182 677 215 Sed quid ego o nentes vitalia penſa puellæ,
78 214 735 248 Adſpicio his oculis? decreſcunt ſtamina, dum vos
62 246 630 280 Aſſiduo nimium veſtitis pollice fuſum.
86 282 648 313 Nete Deæ optati paulatim Principis annos,
72 313 625 340 Et lentâ tenuate manu tam nobile vellus,
80 347 645 379 Et trahite ad ſeros hæc aurea ſæcla nepotes.
190 382 737 414 AdMaiimilianum, tene tomiæ rgem, iuc
386 419 542 448 Imperrorem.
70 448 452 481 O quæ, rotatu vecta volubili
70 481 509 513 Vſtis ab Indis ad gelidos Scythas,
109 515 577 543 Nunc blandienti, nunc minaci
86 547 499 580 Cncta ſupercilio coerces:
66 580 459 613 Ne me per altos, diuitis Antj
69 613 531 646 Regina, montes, ne per inhoſpitas
103 648 447 680 Me coge valles fabuloſam
90 679 662 714 Hinc Panacem legere, hinc Cyperum:
69 714 490 747 Et in ſalubri qui lue tabuit,
65 747 472 779 Formidoloſæ vim fugiat necis,
100 782 491 813 Audente me leges Deorumu
134 813 436 839 Pæonio violare ſucco.
68 848 493 880 O mentis expers Iapeti genus,
67 880 494 913 Mutanda nullo eſt conſilio dies,
103 913 511 947 Quam fata nobis dormiendam
134 946 507 980 Perpetuo ſtatuere ſomno.
68 979 485 1013 Fallacis ergo Pæonis ars vale;
3 1012 412 1044 Obliuioſo ſat mea torpuit
56 1041 498 1079 Fides veterno: nunccanoros
133 1080 607 1114 Tange Erato numeroſa neruos.
63 1110 543 1146 Longumq; rumpens voce ſilentium
1 1145 574 1177 Nulli ſecundum concine Piincipem
98 1177 468 1210 Seu malit armis, ſeu ſagaci
708 1207 857 1254 Con-
503 1202 598 1241 E 2
