900 1334
251 40 602 71 IERONTMI
56 81 674 120 Magne heros aſſueſce oneri iuuenilibus anni,
90 116 613 150 Longæuo imponent quod tibi fata ſeni.
207 152 503 184 Ad Heretem Stampam.
56 184 513 217 Valete aprica montium cacumina:
56 218 443 249 Valete opaca vallium cubilia:
55 250 496 283 Veſtris Iolas it procul receſſibus.
55 284 496 317 Miſelle Iola, non videbis amplius
55 318 489 351 Amata tauris prata mugientibus.
57 351 533 383 Olente calthâ, olente picta amaraco.
54 383 528 416 Miſelle Iola, non videbis amplius,
55 416 608 449 Dorſo recumbens graminum virentium,
53 449 512 481 Depræliantes cornibus iuuenculos.
56 483 574 512 Non tibi ſuſurri fluminum fonantium,
55 516 499 550 Non ſibilantes blandientur ilices,
54 550 496 575 Inire nec ſuadebit aura ſomnulos.
54 583 586 617 Abire certum eſt, & minaci in æquore
54 617 433 646 Iras videre inſanientis Africi,
52 650 542 683 Videre monſtra per fretum natantia,
54 684 533 717 Et imminentis mille lethi imagines.
52 718 502 750 Amens Iola paree, parce conqueri.
54 749 522 783 Tibi ſequendum; ſiue Nili adiuerit
53 785 499 817 Hermes latentis vltimas origines,
52 817 439 850 Inhoſpitalis ſiue ſaxa Caucaſi.
55 852 512 884 Quare valete montium cacumina:
56 884 434 917 Valete opaca vallium cubilia.
212 920 510 951 In equm Galorum Regis.
54 952 634 985 Tu, qui mobilibus volitas per inania pennis
87 985 554 1018 Nubila, & es rapidis ocyor alitibus;
54 1018 566 1050 O quanto huc illuc ſolito velocius ibis,
89 1052 619 1089 Si magni Henrici, Fama, veheris equo.
241 1087 432 1117 De Fidutiopoëtta
56 1114 558 1150 O modo me culti ſuſpiret muſa Fiduti,
89 1148 543 1183 Hæc mea fatales ſoluite penſa Deæ.
57 1177 697 1215 Soluite; nam fidibus, quem flenerit ille canoris,
89 1209 583 1254 Eſt potis æternas viuere Qlmpiadas.
738 1256 840 1284 omno
