903 1340
294 48 616 85 A AAI
288 94 376 117 Somno.
44 124 612 158 Hæc tibi Lethæis collecta papavera ripis,
82 159 591 186 Hæc annoſa tibi, Somne, falerna fero.
46 191 686 226 Tu face, nocturnos Meroë dum garrit ad ignes,
85 225 628 258 Morſaq; vibrato pollice penſa trahit:
48 257 632 291 Ebria fabellas, quas cœperit, interrumpat;
85 291 587 324 Deſerat & pigro victa ſopore colum:
48 325 667 357 Expleritq; ſuum donec nox humida curſum,
86 358 602 392 Stertat: vt Alcippes tutus amore fruar.
281 394 472 416 Ad Marianum.
45 425 642 459 Seu niueos, Mariane, ſinus, ſeu lactea nudet
78 456 598 491 Brachia, ſeu blando rideat ore Nape:
40 491 616 524 Incautos auerte oculos; ne callidus auceps
75 524 646 563 His laqueis, hac te compede nectat Amor.
275 559 418 583 Ad Gallam.
37 589 680 625 Cumprimum indueres villoſæ tegmina Lyncis,
71 624 591 658 Credideras amens, Galla, fugaſfe gelu.
35 657 680 690 Heu te non hiemis, non brumæ frigora lædunt,
70 690 590 723 Sed tuus interno frigore ſanguis hebet.
35 723 651 757 Nec potis eſt glaciem vis vlla arcere medullis,
70 757 619 790 Tam rapido cum non arceat igne Venus.
208 791 515 815 Ad Michalem Turrium
36 814 624 856 ile tibi Doris ſeruat conchylia ponto,
75 855 587 890 Mille tibi in ſilua paſcit Ianthis oues.
37 888 716 925 Vt, cim olim proceresq; inter, gentemq; togatam
76 924 578 956 Te gremio accipiet Martia Roma ſuo,
42 954 633 987 Altera Nympharum tibi vellera tondeat vni,
78 988 546 1023 Altera Sidonio murice tingat oues.
219 1025 494 1055 Epitaphium Philomelæ.
42 1054 619 1091 Lenierat Ditis querulis concentibus aures,
78 1089 650 1119 Garrula trans Lethen dum veheretur auis
38 1122 583 1154 Annueratq; illi, captus dulcedine vocis
74 1155 583 1187 acus, illicitam poſſe redire viam.
34 1187 546 1218 Et iam vitales iterum redijſſet in oras.
68 1221 609 1254 Remigium alarum ni lapis opprimeret.
771 1255 834 1278 a
