900 1338
293 33 616 58 HIERONTMI
315 77 602 109 Valerio Superehio medico.
72 107 682 143 Illa adeo formoſa Salus, quâ nulla Dearum et
109 143 525 176 Gratior Eois, gratior Heſperijs;
71 177 614 210 Mille tibi, Valeri, collegit Pæonis herbas,
107 210 643 243 Quas tepidus primo vere tulit Lephyrus:
70 243 670 279 E quibus vt rores poſſis haurire ſalubreis,
105 276 606 311 Gutta ſub impoſito ſtillat odora foco:
69 310 650 343 Et iubet, vt diſcedat edax è corpore languor.
103 346 611 378 Te pereunte vno ne medica ars pereat.
318 378 563 408 De Gall & Lycida.
67 402 697 442 Abditus in dumis Lycidas dum ſibilat; & dum
102 444 545 473 Incautas viſco fallere tentat aues;
65 477 620 510 Detexit niueas forte obuia Galla papillas;
62 510 675 544 Quæ miſero exhalantem arripuere animam.
65 542 666 581 Ne Lycidæ inſidias poſthac horrete, volucres:
98 576 536 609 Illum Galla ſuo perdidit aucupio.
369 613 526 634 Ad Iunonem.
62 643 609 677 Magna Iouis coniux, ripis ſi forte ſub altis
99 677 566 706 Seu Naucele tuis, ſiue Timaue tuis,
62 710 632 736 Videris errantem niueo candore iuuencam.
96 744 658 778 Parce: ſub hac tegitur nulla puella boue.
284 778 570 803 De Acone &Leonild.
60 810 644 844 Vt fugeret feruorem æſtus ſub ſidere Cancri,
96 844 601 877 Nudus in algenti flumine nabat Acon.
61 877 634 910 Qui ſimulac alto Leonillam in littore vidit,
93 911 610 944 Ah miſer. in gelidis ferbuit æſtus aquis.
382 944 502 973 De iiſdem.
58 976 701 1010 Lumine Acon dextro, capta eſt Leonilla ſiniſtro,
94 1012 625 1044 Et potis eſt formâ vincere vterque Deos.
59 1043 704 1077 Blande puer lumen, quod habes, concede ſorori:
93 1077 581 1104 Sic tu cæcus Amor, ſic erit illa Venus.
369 1113 514 1143 De Lycoride.
57 1142 628 1177 Fert nitido duo poma ſinu formoſa Lycoris,
93 1175 575 1212 Illa eadem nitido fert duo fraga ſinu.
58 1208 699 1245 Sunt mammæ duo poma duo ſunt fraga papillæ,
750 1248 854 1277 Poma
