898 1332
286 32 585 59 AMALTHEI.
74 72 602 109 Poma niues vincunt, fraga colore roſas.
44 103 694 144 Hæc Amor, exſugens; valeant ait vbera matris
81 141 583 178 Dulcius his manat nectar ab vberibus.
304 175 562 206 De Leonillâ, & Lydiâ.
36 208 616 247 Me lætis Leonilla oculis, me Lydia toruis
86 242 629 278 Adſpicit: hæc noctem nuntiat, illa diem.
47 276 591 311 Has Cytherea meo ſtellas præfecit amori:
85 310 610 344 Hæc meus eſt veſper; Lucifer illa meu.
369 344 497 377 De Hyellâ.
43 375 658 412 In me oculos quoties vertit meus ignis Hyella,
83 412 524 445 Suſpirat toties ignis Hyella meus.
36 442 637 479 Hinc flammæ, quas illa ſuis iaculatur ocellis,
74 477 639 513 Me redigunt, auctæ flatibus, in cinerem.
365 512 509 536 Ad eandem.
37 537 624 580 Anxia quid nitidos fletu corrumpis ocellos?
74 578 646 611 Et Pandioniam perdita quæris auem?
36 606 750 645 Non dominam effugit, nemorum colit illa receſſus,
68 643 709 682 Dum volucres doceat nomen, Hyella, tuum
307 678 557 711 De horologio puluereo.
36 708 587 747 Perſpicuus vitro puluis qui diuidit horas,
69 744 664 780 Lum vagus anguſtum ſæpe recurrit iter,
36 777 663 812 Olim erat Alcippus; qui Gallæ vt vidit ocellos
70 811 587 843 Arſit, & eſt ſubito factus ab igne cinis.
36 844 646 880 Irrequiete cinis, miſeros teſtabere amantes,
70 878 569 912 More tuo, nullâ poſſe quiete frui.
272 912 646 937 Ad Dominicum Venerium.
34 944 620 974 Plene Deo vates, atauis heroibus orte,
31 978 663 1014 Elatgita ſuum quibus eſt Venus aurea nomen,
33 1011 698 1046 Dum Tuſcæ clangore tubæ. dum fulmine linguæ
34 1043 674 1078 Irruis in pauidos, veluti facto agmine Thracas,
29 1076 609 1113 Et noua pugnantes armas in prælia Muſas,
28 1109 606 1145 Trans Solymos fines, vltra cunabula Nili,
26 1143 604 1179 Effugit extremos Aſiæ regnator ad Indos.
21 1176 597 1213 Et pernicis equi fodiens calcaribus armos
1 1209 680 1244 Fertur in occultas per inhoſpita luſtra tenebras.
732 1236 851 1273 Namq
