898 1337
337 35 615 61 CoRNELII
91 43 124 72 76
158 80 501 114 Sæcla tibi triplices ſorores.
93 112 539 149 Iam dulce nectar defluit amnibus.
92 148 531 182 Et mella ſtillant è Iouis arbore:
125 183 457 216 Iam fruge ſeſe, floribusq;
158 213 524 248 Perpetuis humus ipſa veſtit.
90 247 559 283 Huc ergo tandem, progenies Deûm
87 283 447 317 Aſtræa, cæli labere ſedibus.
122 315 538 350 Non hic Lycaon, qui nefandis
155 351 545 385 Decipiat dapibus Tonantem;
91 385 513 417 Non execratâ quæ iugulet manu
89 417 551 451 Medea partus, aut Pelopis genus;
123 448 493 482 Non arce ab altâ qui laborct
155 482 541 515 Trudere cælicolas Typhoëus.
430 519 520 540 Proteus.
86 547 658 587 Aurea Tithoni coniux ſubtraxerat vmbras,
85 583 591 620 Pronaq; puniceo velarat ſidera vultu,
89 618 600 649 Cum Sol Eoo tollens è gurgite currus
87 648 691 685 Illuſtri magnum detexit lampade mundum.
88 682 710 711 Tum ſubit Adriacis Proteus ſeſe extulit vndis,
89 716 727 754 Quem comitabatur flauos reſoluta capillos
89 746 777 786 Cymothoe, atque Hyale, niueisq; Arethuſa lacertis,
87 784 611 820 Atque aliæ vatem Nereides admirantes.
86 816 693 854 Vt ventum ad litus, paſſim hic vaccinia nigra,
88 850 724 886 Pallentesq; legunt violas, mollesq; hyacinthos:
88 882 700 914 Mox omnes circunſiſtunt, & carmina poſcunt.
87 917 709 950 In medio Proteus altum iubet æquora murmur
89 950 686 983 Ponere, & olios ſtridentia flamina ventos:
90 983 703 1022 Quo iuſſu placantur aquæ, placantur & Auſtri.
88 1017 675 1053 Ipſe autem canit, vt nutu ſuſpenderit orbem
84 1050 826 1088 Rex Superum, qualisq; hominum concrerit origo
87 1086 727 1116 Informi ex limo; nec non elementa per omne
87 1117 623 1153 Fuſa genus; cæloq; etiam labentia ſigna.
89 1151 712 1183 Tum memorat Phœbi curſus, Lunæq; meatus;
91 1183 710 1219 Quid ferat Arcturus, quid verno Pleiades ortu,
93 1216 650 1254 Quid triſtes Hyades, quid deſolatus Orion.
822 1252 869 1280 His
