886 1335
312 10 435 34 C OR
458 8 641 36 NILII
103 52 708 88 Deſpicis, & validas Neptuno oſtendere vices,
103 88 722 122 Eia age terribili Thracum pete fulmine puppes
101 122 707 155 Fulmine, quo mundi moles operoſa paueſcat;
99 155 702 188 At gentem ſceleratam imo demerge ſub Orco.
102 189 688 222 Tunc Aſiæ ingenti perculſus clade tyrannus,
100 221 721 256 Abſcindet manibus crines, atque vnguibus ora.
97 255 640 288 Mox iræ impatiens prærupto e vertice ſaxi
100 288 682 322 Seſe præcipitem demittet in æquoris vndas.
95 322 703 357 Hinc iuga ſeruitio ſoluent & Maurus, & Indus,
92 356 599 390 Fallaciſq; Dei ritus, legeſque profanas
91 389 763 422 Contemnent, genitumq; colent Virgine numen,
94 422 655 455 Et Romana ferent patrias vexilla pe vibes.
100 455 714 483 Tum Parcæ vnanimes Saturnia ſæcula reddent,
96 488 660 522 Et rurſus terrarum orbem Pax alma reuiſet:
92 522 649 555 Sponte ſuâ fœcundus ager flaueſcet ariſtis,
94 556 612 590 Sponte ſua molli ſeſe rubus induet vuâ,
96 590 668 622 Aureaq; æternum pendebunt abore poma,
96 624 615 657 Ac paſſim vario pingetur terra colore
97 657 586 689 Ilice prætereà ſtillabunt dulcia mella.
94 690 636 724 Et pecudes multo diſtendent vbera lacte,
90 724 653 757 Colludentq; lupis mediis in vallibus agnæ.
92 756 697 792 Quinetiam placidis ſternetur ſluctibus æquor.
93 790 745 823 Nec Scyllam pinus metuet, nec nauta Charybdim.
97 825 731 858 Spirabunt Lephyri tantum. quorum omnia flatu
92 858 624 891 Ridebunt, totuſq; adeo lætabiturorbis.
131 891 725 926 Quare age, ne prorſus deſint hæc otia terris,
92 924 728 959 Magnanima Heroum ſoboles, iam ſume potenti
76 958 827 992 Arma manu; teque his quamprimum accinge trophæis.
95 991 643 1024 Te Bellona ferox & te Fortuna ſequetur.
92 1023 812 1060 Quid loquar Heliadum lacrymas. mutataque membra,
91 1058 687 1092 Quidue piæ Clymenes fuſas è corde querelas,
93 1091 696 1125 Cum Phaetonta polo deiectum fulmine vidit?
91 1123 791 1159 Omnia, quæ Muſis Helicon, quaq; lfmarus Orpheo,
91 1156 707 1187 Audiit: ille canit, reſonos dant littora plauſus,
91 1189 664 1217 Donec ad occultas tedierunt Numina ſedes.
832 1226 865 1248 De
