898 1336
264 13 611 40 AMALTHEI.
315 56 533 81 De eadem victoriâ.
42 87 677 123 Pectora Threicio dum ſcinderet vngue tyrano,
76 122 562 157 Impiaq; eriperet dentibus exta Leo,
45 155 627 189 Cornua depreſſit Phœbe, curruſq; retraxit;
76 189 529 214 Ac mœſto tales edidit ore modos:
49 223 638 257 Btquis io pœnas perſoluit acerbius vnquam?
82 255 547 287 Non auidâ Tityus ſic laceratur aue.
51 289 612 322 Curita? flagitis hoc tam crudelior ille eſt,
85 323 578 358 Vulture quàm morſu durior ipſe Leo.
241 358 472 390 De Reginâ Anglia.
50 387 573 422 Quæ ſeſearbitrio Phrygii paſioris in Idâ
88 423 583 456 Auratum ob malum ſuppoſuere Deæ;
48 456 721 489 Nunc Reginam opibus, formâ & virtute decoram,
86 489 612 525 Præſtare, adſpiciunt lucidâ ab arce, ſibi
45 521 701 556 Ipſa tamen cœlo magnorum gloria Dium
82 555 622 587 Fulget, & inuicto numine reſtat honos.
40 588 521 625 At ſi connubiodigno ſe Regia virgo
78 625 615 665 Iungetur, vincet terra Britanna polum.
550 683 716 719 IE
155 698 211 715 o
153 689 720 737 . BAPT. AMAL
351 756 505 788 Lycidas..
45 786 719 827 IS deploratam in ſiis, nemormq; latebris
46 822 746 857 2 ADicemus Lycidæ Muſam; quem flumina cixcum.
44 856 595 891 Quem fleuere ſuo ſpoliati gramine colles.
48 888 697 924 Tu modo, cui patriæ aſſurgunt iam libera regna,
46 923 613 956 urcaq; æterno reuocantur ſecula mundo,
50 955 754 988 Coſme ades, & noſtris nunc primum allabere cæptis.
49 990 661 1024 Ipſe tibi Pario ponens de marmore templum
51 1022 655 1055 Gramineâ in ripâ, qua Tuſcus labitur Arnus.
51 1055 666 1090 Velocis quondam inſtituam certamina curſus:
50 1089 599 1119 Illic victor onans, & præmia debita laudi
46 1121 619 1155 Accipiet, populiſque ſuos teſtatus honores,
46 1154 650 1188 Victr ces referat Tyrrhena per oppida lauros:
41 1187 600 1225 Interea agreſtes ne dedignare Camœnas.
723 1218 826 1244 allida
