885 1335
270 16 653 45 IO.BAPTIST.
81 23 111 44 o
80 59 573 88 Pallida cedebant venienti ſidera Soli,
82 92 656 125 Cum Lycidas iuſſus terras luſtrare repoſtas,
79 125 689 159 Effudit miſeros extremo hoc carmine queſtus
79 160 633 194 Formoſi colles, & Nymphis cognita rura
80 194 693 227 Et liquidi fontes, atque addita fontibus antra,
81 226 668 262 Siluarumq; valete vmbræ; quæ dulcia nobis
79 261 590 294 Otia, quæ caros olim peperiſtis amores.
78 294 673 328 Iam me complexu eripiunt fata impia veſtro,
77 328 676 362 Vt videam iratas errantia monſtra per vndas,
79 360 685 394 Deſertoque iterem mœſtos in littore queſtus.
79 394 724 428 Qud ſi quando imâ audiſtis ſub valle canentem
78 427 733 462 Paſtorem Lycidam, teneros dum paſceret agnos;
78 461 532 486 Idem ſi tenui vobis alluſit auenâ:
78 495 691 527 Hoc ſaltem viridi ſignatum in cortice carmen,
79 528 661 561 Suſpenſamq; ſacrâ lauro defendite auenam;
79 562 704 596 Quam non vlla dies ſuperet, non vlla vetuſtas.
78 597 658 629 Hine ego ad ignotos ſaltus, & vaſta Pyrenes
77 629 744 666 Rura vocor quis enim tanto caruiſſe receſſu,
77 662 619 696 Et ſe ſe dubiis committere fluctibus vltrò
80 697 725 729 Crederet ah miſerum Lycidam? feliciaq; arua
75 729 612 763 Deſerere, & notis cogor decedere ſiluis.
77 763 640 798 Ipſe igitur pecudes alio ſub ſole requiram:
76 798 661 831 Externaſq; petam diuerſa per æquora terras.
77 829 736 856 Nec mihi ram blando decurrens murmure riuus
75 865 695 898 Herbarum in gremio ſuadebit carpere ſomnos:
76 899 708 932 Nec teneris poſt hac incidam Amaryllidis ignes
75 932 785 966 Arboribus, quam mille greges comitantur euntem:
78 965 726 999 Quæ mecum inter oues, atque inter opaca ſalicta
78 1000 538 1033 Suerat odoratis intexere lilia ſertis,
75 1032 667 1064 Aut defeſſa leui componere membra ſopore.
74 1066 673 1101 Ah dolor, & patriæ fines, & commoda curis
74 1100 755 1133 Parta ineis, emperq; virentia prata relinquame
80 1131 672 1167 Scilicet vt ſurdis iactem lamenta procellis,
77 1163 628 1203 Et patrias medio uſpirem in gurgite ſedes.
78 1195 607 1234 M non e.cipiet htlo margine i
744 1224 854 1261 Non
