896 1333
306 33 601 59 AMALTHEI.
33 79 659 113 on ſalientis aquæ gelidâ fub rupe ſufurrus,
51 113 651 139 Non dorſo nemoris ſolabitur aura iacentem.
55 146 625 180 Spirabant dulces ephyri, ſpirantibus illis
56 180 689 213 Cantabam, quo ſole pyrum, quo ſidere vitem
58 214 661 247 Inererem, & ceitis mandarem ſemina ſulcis.
60 247 673 281 Vos veris comites auræ, Diuûmque miniſtræ:
43 280 661 314 Qandoquidem cœlo infertis mortalia vota:
63 314 719 348 Vos placidæ ſalueteauræ; mecumque, per æquot
49 348 662 380 Atque per inſuetos mecum decurrite campos.
48 379 736 414 Huc gemitum, & noſtras referetis ſæpe querelas
63 414 654 447 Quasfois accipiat madidis Amaryllis ocellis,
60 447 540 474 Enoſtri deſiderio crudelius ardens.
46 480 650 514 O mihi ſi veteres recolens Amaryllis amore
45 514 604 547 Illacrymet, ſi ſollicito ſuſpiria corde
58 548 659 581 Ducat, Et inſanis reuocet me triſtis ab vndis:
44 579 651 614 Forſitan indignos terræque mariſq; labores,
47 614 723 647 Hinc tandem querar: & vacuo reſupinus in antro
56 646 613 679 Te fugiente die, te decedentibus aſtris
55 679 754 714 Tunc Amarylli canam. ſed iam his diuellor ab agris.
50 713 645 747 Rura valete iterum: ſic vobis mella geniſtæ,
55 747 635 783 Sic inarata graues tellus effundat ariſtas;
55 779 693 823 Pabulaq; vt longoondent ſub ſole iuuenci.
57 813 648 847 Eriguâ ſic nocte nouis ros veſtiat herbis.
59 847 646 880 Aurea mala prius ſterili naſcentur in alno,
63 881 662 913 Atque inculta ferent mites dumeta racemos,
64 913 698 946 Quam veſtri curam abiiciam. tamen altera rura
64 947 640 980 Ipſe colam, audaci permenſus cærula pinu.
65 980 683 1014 Ergo & oues cuſtode alio per pinguia prata
65 1012 760 1048 Errabunt, paſtæque ſimul caua in antra redibunti
68 1047 711 1081 Tu vero ſpes fida gregis, quæ nam arua pererres
66 1079 616 1115 Infel aries? quis te in conualle reductâ
66 1113 694 1146 Nunc molli viol, croceis nunc foribus ornet?
66 1146 669 1181 Gramineoſque toros viridi de ceſpide ponati
59 1179 667 1213 At vos o lauri, quarum fragrante ſub vmbrâ
59 1212 683 1254 Et noſtra inſolitis caluerunt pectora flammis,
805 1241 864 1271 N
