900 1334
270 31 635 69 O..BAAPTIST.
61 51 97 70 I
62 83 687 119 Noſtraq: Mænalios meditata eſt fiſtula cantus;
65 119 654 152 Sic ver aſiduum foueat, neu ſrigora lædant,
62 152 678 185 Neue vnquam læto rami ſpolientur honore.
61 185 650 217 Ipſi etiam auratis aſſurgant cornibus amnes
62 217 812 251 Supra Indum, & Gangm: lacrymis quos ſæpe profuſis
61 252 725 285 Auximus, & noſtio late ſuccendimus igneA,
61 286 728 319 Cum me ad delicias formoſa Amarylli vocares.
61 318 663 353 Nunc vero, quoniam ſuperi tot gaudia nobis
60 353 563 383 Inuidere, trucis tentare pericula ponti;
60 384 606 418 Et Pyrenæo conidere vertice certum eſt.
374 422 487 443 Acon. 2.
62 452 631 484 O qui Dictæi ſtatuat me in vertice montis,
60 484 621 517 Aut fortunatos rymanthi ſiſtat ad amnes
59 518 679 552 Vt ſaturis panacem caiahis, vt molle cyperum,
57 552 773 586 Dictamumque legam, & fragrantia germina myrrhæ,
58 585 654 618 Et releuem infirmos artus languentis Hyellæ.
56 617 725 652 Illa quidem vix ægram animam ſuſtentat anhelo
59 652 640 685 Pectore, & indignis ſingultibus interrumpit;
59 686 629 718 Nec vis vlla poteſt ſæuum lenire dolorem.
56 719 782 754 Illam etiam lacrymantem etiam ſua fata querentem
59 753 586 784 Stellarum vigiles ignes, & primus Eous,
57 784 625 816 E Sol Heſperias vidit deuexus ad vndas.
59 819 643 853 Sol pater, æteino cœlum qui lumine luſtras,
57 853 647 886 Et quæcunq; parit tellus vegetaſq; foeſque.
58 886 690 918 Adfer opem, & mæſtam auxilio ſolare puellam:
57 919 683 953 Iam tibi Acon teneras vicina ad flumina lauros
58 953 676 986 Inſeret; atq; vt nil vnquam ſurgentibus obſtet
57 986 732 1020 Frondibus, auertet glaciem, & defendet ab æſtu.
64 1019 650 1053 Has tibi Acon. at ſi macies, ſi pallor Hyellam
58 1053 652 1085 Liquerit, & niueos decorarit purpura vultus,
55 1084 611 1119 Ipſa ſeret, cum ver nitidis ſe floribus ornat,
60 1116 622 1151 Ipſa ſeret mites cûim ſtringit vinitor vuas.
62 1147 650 1184 Scilicet, & vitidi in ripa, quà ſe hoſpita denſis
62 1181 528 1216 E tendit ramis arbos, altaria ponet,
42 1212 689 1253 Semper flore nouo, ſemper quæ veſtiat herbis.
774 1256 850 1284 Il
