894 1332
309 44 607 69 AMALTHEI
62 87 548 121 Ilic agreſtnmchorus, & vicinia ruris
64 120 698 154 Sacra feret, ſupplex que tuos cantabit honores;
64 155 676 188 Sraueris vt quondam iratis Pythona ſagittis,
64 188 560 213 Iinxeris & fœdo victricia tela cruore.
49 219 646 255 Miile tibi aëria pendebunt ſpicula quercu,
56 255 603 288 Mille arcus, atq; apta ſuo venabula ferro.
63 289 693 321 At vos, quæ nemora, & rorantia fontibus antra
66 321 585 354 Incolitis Nymphæ, veſtras ſi ſæpius aras
61 355 620 387 Vcrbena, primiſq; roſis donauit Hyella,
60 387 631 421 Et dedit aurcolis inſignia ſerta corymbis,
60 420 595 453 Vos ferte Eoos ditantia cinnama lucos,
55 454 702 488 Felicemq; Arabum meſſem, Aſſyrioſq; liquores.
55 487 698 520 Vos ægram refouete, & triſtes peſlite morbos.
52 521 666 557 En virgo, exanimis virgo tabeſcit; & ille,
51 555 582 587 Ille decor roſeo iam iam defloruit ore.
35 588 680 623 Qualis purpureus ſecreta in valle hyacinthus,
51 623 665 656 Quem mater tellus aluit, gremioq; receptum
48 655 564 688 Eduxit largo rore, & felicibus auris,
50 688 665 720 Si cœli inuaſit vitium, aut immaior Auſter,.
46 721 592 756 Paulatim læto formæ ſpoliatus honore
44 755 658 783 Deficit; & moriens arentibus incubat herbis.
45 788 664 821 Nunc etiam inſuetos teſtantur rura dolores,
44 821 588 856 Et deſolatis ſqualeſcunt pabula campis:
45 856 604 890 Pio viola mediis horret paliurus in agris;
49 889 619 923 Candidaq; inflexoceciderunt lilia thyrſo;
50 923 595 956 E nulla iriiguas pingunt vaccinia ripas;
52 955 649 990 Et deſunt nemori frondes, & gramina pratis.
50 987 673 1023 Fons quoque deſiliens prærupti tramite cliui
53 1022 686 1055 Contraxit liquidas nunc terræ in viſcera venant
52 1052 573 1088 Et deſiderio formoſæ accenſus Hyellæ,
51 1084 556 1120 Vix fertur tenui per leuia ſaxa ſuſurro.
46 1118 725 1154 Abde caput miſerande, & fractâ turbidus vrn
32 1150 604 1186 Muſcoſo occultare ſitu, cæciſq; latebris:
43 1184 655 1221 Non eſt quæ vitreis tecum colludat in vndis.
38 1217 709 1255 bde caput miſerandecauoq; incluſus in antro:
594 1257 677 1279 F 2
797 1258 847 1281 E t
