896 1333
306 17 623 43 AA 2
67 59 643 103 Eigoades, & tenuis luſus ne deſpice Muſæ.
69 95 600 129 Nam fortunati moles vbi celſa Tridenti
69 127 710 164 Tollitur, hæc vacuas Corydon iactabat ad autas.
68 163 581 201 Felices auræ, quæ ciicum roſcida culta,
67 193 684 231 Mollibus incinctæ ephyris, & vere perenn,
69 230 611 261 .ternos alitis flores, & amœna vireta:
68 262 622 299 Vobis Idaliâ e myrto, ac Peneide fronde
70 295 617 332 Conſtituit lucum, viridiq; ceſpite ponit
70 327 720 368 Septem aras Corydon muſcoſi fontis ad vndam:
68 362 637 399 Vos lenite æſtus, atque alludente ſuſurro
64 395 595 429 Mulcete ardentis radiantia lumina ſolis.
66 426 681 469 Sic mnquam veſtros obſcurent nubila curſus;
62 464 633 503 Sic tellus vobis, ſic vobis rideat æquor.
60 496 695 530 Iam ſiluas mea Niſa colit, iam cincta pharetram
59 530 672 564 Audet obire nemus, celereſq; auertere damas;
59 564 717 602 Nec timet ingentem clamore impellere ceruum.
51 598 565 631 Inuideo vobis auræ: adſpiratis eunti.
56 631 678 670 Illa petit montes, & inhoſpita luſtra peragrat
54 664 619 701 Venatrix arcu inſi gnis, leuibuſq; ſagittis.
55 698 618 730 Et ſiue aeriæ luſtrat ltera ardua rupis,
55 731 641 766 Seu vaftos nemorum ſaltus indagine cingit,
54 766 598 798 Vos fidæ comites eſtis, ſociæq; laborum.
54 800 654 831 Audax heu nimiuml ſolos errare per agros,
54 831 664 868 Et ſumma intonſi ſuperare cacumina montis
56 863 756 897 Haud tutum eſt. hic toruus aper conſurgit in armos;
58 897 672 929 Multa hic monſtra acuit rabies, & dira cupido.
57 929 662 967 Multæ hic inſidiæ. non eſt Dea neſcia fraudis,
62 959 730 1001 Quæ violas, Siculaq; legens noua ſerta ſub Ætnâ,
62 996 669 1034 Infelix rapta eſt horrentes Ditis in mbras;
63 1031 580 1062 Infelix timuit manes, & triſtia regna;
65 1065 636 1094 Infelix late ardentes exhorruit amnes.
64 1096 781 1134 Tu quoque, ſæue Aquilo, per deuiarura vagantem
61 1129 681 1166 Arripuiſti auidis complexibus Orithyiam.
62 1161 714 1200 Sæue Aquilo, hinc auerte dolos, &flamina pons.
62 1195 597 1240 Vos vero tenues animæ, rorantibus alis
814 1223 851 1247 t
611 1228 729 1253 F
