894 1333
274 19 622 45 IST.
65 22 102 42 Is
70 63 657 97 Et cœlo regnate, & iniquum arcete calorem.
69 97 665 130 Inuito vobis auræ: vos carmine blando
70 130 599 162 Detinet, & roſeis exceptat Niſa papillis,
69 162 774 203 Aut gremio herbarum, aut vacuo proiecta ſub antro.
52 197 601 223 Illic & noſtros ſecum meditatur amores.
69 228 681 264 Adſurgunt ſiluæ, & tacito ſtant gutture circum
68 264 638 292 Intentæ volucres, & curſus flumina ſiſtunt,
70 298 692 331 Dum canit, arridet pleno tum lumine cœlum,
69 332 599 364 Nunc intertexto vacinia pingit acantho.
70 365 659 397 Nunc gaudet niueis cultum variare liguftris,
68 397 666 431 Nunc etiam gracili calathos detexere hibiſco.
67 431 641 463 Quod ſi languentes ſomno declinat ocellos,
64 464 610 497 Paulatim rapido feſlam refouetis ab æſtu
63 497 589 529 Et læto ambroſios motu ſpiratis odores.
65 531 521 564 Inuideo vobis auræ: luſtratis opaca
56 563 624 597 Siluarum hoſpitia incuſtoditoſq; receſſus:
66 598 611 632 Et noſtis, quo Niſa iugo. qua valle reſidat.
65 631 576 664 Illa quidem duris ſe ſe venatibus aptat,
66 665 582 698 Cm matutino perfundit gramina rore
60 697 705 732 Lucifer, atque auium reſonant concentibus agri.
60 732 622 764 Sed prius, inflexo quam lucos terteat arcu,
58 765 544 798 Atbutes aries euinctus cornua ſertis
58 797 786 832 Florentem ad cythſum, atque ad pabula nota vocatur.
58 832 551 859 Fortunate aries, te non felicior alter;
58 860 666 898 Non qui per tumidas aurato tergore Phryxum
57 898 687 933 Vexit aquas, & nunc formoſa intermicat aſtra.
59 932 669 960 Te virides hederæ, te mollis amaracus ornat.
57 965 588 998 Et modo laſciuo detondes paſcua morſu
57 998 624 1032 Aſſuatus campis; placidi modo ſibila venti
56 1032 594 1065 Excipis, & pulſæ miraris murmura ſyluæ.
58 1064 582 1099 O, ego ſi poſſem niueo tua vellera dorſo
55 1096 657 1129 Induere, & petulæ prætendere cornua fronti:
58 1127 671 1164 Cum ie nocte domum prædis onerata cruentis
58 1159 631 1196 Niſa refert, & te conſueta ad ſepta reducitl
55 1192 662 1234 Tunc mihi porrigeret ferrugineos hyacinthos,
732 1234 853 1260 Riden-
