886 1321
324 5 623 35 AMALTHEI.
839 7 869 31 y
79 45 671 82 identesq; crocos: tunc oſcula dulcla furtim
84 82 645 116 Virgineis ferrem manibus: lætusq; petulco
77 114 745 152 Proſequerer curſu properantem ad tecta puellam.
85 150 634 183 At vs magno natæ Ioue, vos ego multa
87 183 703 215 Sæpe prece, & vario venerabor munere florum,
86 216 582 250 Felices Auræ, quæ circum roſcida culta
79 250 661 284 Mollibus incinctæ Lephyris, & vere perenni
87 284 598 310 ternos alitis flores, & amœna vireta.
335 320 566 346 Sarnus. IIII.
78 349 653 384 Has inter ſalices, acua proiectus in vmbrâ,
78 384 662 417 Dum placidæ ſpirant auræ, pronisq; ſuſurrat
75 417 712 450 Flumen aquis, miſeros Sarni meditabor amores:
83 451 702 484 Vtq; ſuo lacrymans de nomine feceritamnem.
72 484 676 518 Has inter ſalices referam proiectus in vmbra.
79 517 676 552 Tu mihi; ſeu veteres miraris Tibridis atces,
77 552 648 584 Seuiam Pauſilypi læt:s in collibus erras,
64 585 650 618 Annue, Mænalia im non aſpernatus auenam:
71 618 650 652 Ipſe tibiniſi fata vetent incognita menſus
66 652 706 686 Æquora, & optata quondam tellure potitus,
75 686 723 720 Tercentum Hadriaco deducam e littore puppes,
62 718 679 750 Certantes curſu puppes; oſtroq; decorus
73 752 728 785 Victori pretium ſtatuam, & noumunera ponam
76 785 722 819 Stans celſo in ſcopulo, ac notas procul æreciebo.
64 818 737 852 Nunc vero, Ceruine, humilem ne deſpice muſam.
77 852 708 886 Nanq; olim gelido feſſus ſucceſſerat antro
80 884 656 919 Sarnus, & argutis complebat faxa querelis,
72 918 621 952 Lyriopem fruſtrà per deuia rura ſecutus;
78 952 728 988 Lyriopem, quâ nec melior, quæ lecteret arcus,
82 985 648 1018 Nec fuit intacta preſtantior altera formâ.
78 1018 768 1048 Viderat hanc male ſanus amans ſub valle iacentem,
79 1049 705 1086 Vt forte accliuis gremio conſederat herbæ;
81 1083 696 1120 Viderat, & ſubitum defecta per oſſa futorem
72 1118 679 1152 Corripiens, tacitoq; dolos in pectore verſans,
81 1150 642 1183 Explorabat iter, facilesq; ad furta latebras.
70 1184 672 1221 Illa vbi ſe viſam agnouit, iam conſcia fraudis
753 1211 878 1248 -
547 1219 689 1250 F4
