<?xml version="1.0" encoding="UTF-8" standalone="no"?><PcGts xmlns="http://schema.primaresearch.org/PAGE/gts/pagecontent/2019-07-15" xmlns:xsi="http://www.w3.org/2001/XMLSchema-instance" xsi:schemaLocation="http://schema.primaresearch.org/PAGE/gts/pagecontent/2019-07-15 http://schema.primaresearch.org/PAGE/gts/pagecontent/2019-07-15/pagecontent.xsd"><Metadata><Creator/><Created>2022-04-11T06:03:37</Created><LastChange>1970-01-01T00:00:00</LastChange><Comments/></Metadata><Page imageFilename="0115.png" imageHeight="1321" imageWidth="886"><TextRegion id="r1" orientation="0.0" type="paragraph"><Coords points="1,1 884,1 884,1319 1,1319"/><TextLine id="l1"><Coords points="324,5 324,35 623,35 623,5"/><TextEquiv><Unicode/></TextEquiv><TextEquiv index="1"><Unicode>AMALTHEI.</Unicode></TextEquiv></TextLine><TextLine id="l2"><Coords points="671,45 79,45 79,81 176,82 308,80 409,82 671,82"/><TextEquiv><Unicode/></TextEquiv><TextEquiv index="1"><Unicode>identesq; crocos: tunc oſcula dulcla furtim</Unicode></TextEquiv></TextLine><TextLine id="l3"><Coords points="305,114 645,115 645,83 84,82 84,113 140,116 173,116"/><TextEquiv><Unicode/></TextEquiv><TextEquiv index="1"><Unicode>Virgineis ferrem manibus: lætusq; petulco</Unicode></TextEquiv></TextLine><TextLine id="l4"><Coords points="745,114 699,114 687,116 305,115 173,117 140,117 77,114 77,148 660,149 695,150 699,152 745,152"/><TextEquiv><Unicode/></TextEquiv><TextEquiv index="1"><Unicode>Proſequerer curſu properantem ad tecta puellam.</Unicode></TextEquiv></TextLine><TextLine id="l5"><Coords points="85,150 85,183 634,183 634,150"/><TextEquiv><Unicode/></TextEquiv><TextEquiv index="1"><Unicode>At vs magno natæ Ioue, vos ego multa</Unicode></TextEquiv></TextLine><TextLine id="l6"><Coords points="87,183 87,215 703,215 703,183"/><TextEquiv><Unicode/></TextEquiv><TextEquiv index="1"><Unicode>Sæpe prece, &amp; vario venerabor munere florum,</Unicode></TextEquiv></TextLine><TextLine id="l7"><Coords points="86,216 86,250 582,250 582,216"/><TextEquiv><Unicode/></TextEquiv><TextEquiv index="1"><Unicode>Felices Auræ, quæ circum roſcida culta</Unicode></TextEquiv></TextLine><TextLine id="l8"><Coords points="79,250 79,284 661,284 661,250"/><TextEquiv><Unicode/></TextEquiv><TextEquiv index="1"><Unicode>Mollibus incinctæ Lephyris, &amp; vere perenni</Unicode></TextEquiv></TextLine><TextLine id="l9"><Coords points="87,284 87,310 598,310 598,284"/><TextEquiv><Unicode/></TextEquiv><TextEquiv index="1"><Unicode>ternos alitis flores, &amp; amœna vireta.</Unicode></TextEquiv></TextLine><TextLine id="l10"><Coords points="335,320 335,346 566,346 566,320"/><TextEquiv><Unicode/></TextEquiv><TextEquiv index="1"><Unicode>Sarnus. IIII.</Unicode></TextEquiv></TextLine><TextLine id="l11"><Coords points="653,349 560,349 553,351 451,350 343,352 282,351 278,349 78,349 78,381 148,383 317,384 653,384"/><TextEquiv><Unicode/></TextEquiv><TextEquiv index="1"><Unicode>Has inter ſalices, acua proiectus in vmbrâ,</Unicode></TextEquiv></TextLine><TextLine id="l12"><Coords points="662,385 78,384 78,413 105,415 161,417 662,417"/><TextEquiv><Unicode/></TextEquiv><TextEquiv index="1"><Unicode>Dum placidæ ſpirant auræ, pronisq; ſuſurrat</Unicode></TextEquiv></TextLine><TextLine id="l13"><Coords points="712,418 206,419 160,417 75,417 75,448 93,449 712,450"/><TextEquiv><Unicode/></TextEquiv><TextEquiv index="1"><Unicode>Flumen aquis, miſeros Sarni meditabor amores:</Unicode></TextEquiv></TextLine><TextLine id="l14"><Coords points="702,451 83,451 83,482 97,483 702,484"/><TextEquiv><Unicode/></TextEquiv><TextEquiv index="1"><Unicode>Vtq; ſuo lacrymans de nomine feceritamnem.</Unicode></TextEquiv></TextLine><TextLine id="l15"><Coords points="676,486 672,485 428,486 72,484 72,514 81,515 207,518 676,518"/><TextEquiv><Unicode/></TextEquiv><TextEquiv index="1"><Unicode>Has inter ſalices referam proiectus in vmbra.</Unicode></TextEquiv></TextLine><TextLine id="l16"><Coords points="658,519 286,518 207,519 152,517 79,517 79,551 655,551 655,519"/><TextEquiv><Unicode/></TextEquiv><TextEquiv index="1"><Unicode>Tu mihi; ſeu veteres miraris Tibridis atces,</Unicode></TextEquiv></TextLine><TextLine id="l17"><Coords points="610,553 489,552 77,552 77,584 611,584"/><TextEquiv><Unicode/></TextEquiv><TextEquiv index="1"><Unicode>Seuiam Pauſilypi læt:s in collibus erras,</Unicode></TextEquiv></TextLine><TextLine id="l18"><Coords points="64,585 64,618 650,618 650,586 611,586 611,585"/><TextEquiv><Unicode/></TextEquiv><TextEquiv index="1"><Unicode>Annue, Mænalia im non aſpernatus auenam:</Unicode></TextEquiv></TextLine><TextLine id="l19"><Coords points="71,618 71,652 650,652 650,618"/><TextEquiv><Unicode/></TextEquiv><TextEquiv index="1"><Unicode>Ipſe tibiniſi fata vetent incognita menſus</Unicode></TextEquiv></TextLine><TextLine id="l20"><Coords points="66,652 66,686 706,686 706,652"/><TextEquiv><Unicode/></TextEquiv><TextEquiv index="1"><Unicode>Æquora, &amp; optata quondam tellure potitus,</Unicode></TextEquiv></TextLine><TextLine id="l21"><Coords points="723,686 75,686 75,717 81,718 300,719 479,717 723,720"/><TextEquiv><Unicode/></TextEquiv><TextEquiv index="1"><Unicode>Tercentum Hadriaco deducam e littore puppes,</Unicode></TextEquiv></TextLine><TextLine id="l22"><Coords points="679,748 679,723 674,721 659,720 415,718 300,720 163,720 62,718 62,750 675,750"/><TextEquiv><Unicode/></TextEquiv><TextEquiv index="1"><Unicode>Certantes curſu puppes; oſtroq; decorus</Unicode></TextEquiv></TextLine><TextLine id="l23"><Coords points="73,752 73,785 728,785 728,752"/><TextEquiv><Unicode/></TextEquiv><TextEquiv index="1"><Unicode>Victori pretium ſtatuam, &amp; noumunera ponam</Unicode></TextEquiv></TextLine><TextLine id="l24"><Coords points="722,818 722,786 449,785 391,787 232,786 130,787 76,785 76,817 104,817 127,819 614,819"/><TextEquiv><Unicode/></TextEquiv><TextEquiv index="1"><Unicode>Stans celſo in ſcopulo, ac notas procul æreciebo.</Unicode></TextEquiv></TextLine><TextLine id="l25"><Coords points="737,819 127,820 104,818 64,818 64,851 737,852"/><TextEquiv><Unicode/></TextEquiv><TextEquiv index="1"><Unicode>Nunc vero, Ceruine, humilem ne deſpice muſam.</Unicode></TextEquiv></TextLine><TextLine id="l26"><Coords points="707,853 435,852 194,854 77,852 77,883 90,884 214,886 708,886"/><TextEquiv><Unicode/></TextEquiv><TextEquiv index="1"><Unicode>Nanq; olim gelido feſſus ſucceſſerat antro</Unicode></TextEquiv></TextLine><TextLine id="l27"><Coords points="656,886 214,887 120,886 80,884 80,917 185,919 656,919"/><TextEquiv><Unicode/></TextEquiv><TextEquiv index="1"><Unicode>Sarnus, &amp; argutis complebat faxa querelis,</Unicode></TextEquiv></TextLine><TextLine id="l28"><Coords points="621,920 185,920 72,918 72,949 84,950 164,952 621,952"/><TextEquiv><Unicode/></TextEquiv><TextEquiv index="1"><Unicode>Lyriopem fruſtrà per deuia rura ſecutus;</Unicode></TextEquiv></TextLine><TextLine id="l29"><Coords points="728,952 605,954 78,952 78,982 119,982 192,986 457,986 671,984 677,988 728,988"/><TextEquiv><Unicode/></TextEquiv><TextEquiv index="1"><Unicode>Lyriopem, quâ nec melior, quæ lecteret arcus,</Unicode></TextEquiv></TextLine><TextLine id="l30"><Coords points="648,985 457,987 192,987 169,985 82,985 82,1013 111,1014 123,1016 155,1016 185,1018 648,1018"/><TextEquiv><Unicode/></TextEquiv><TextEquiv index="1"><Unicode>Nec fuit intacta preſtantior altera formâ.</Unicode></TextEquiv></TextLine><TextLine id="l31"><Coords points="768,1018 669,1018 608,1020 472,1019 382,1021 225,1020 184,1018 78,1018 78,1046 104,1046 122,1048 768,1048"/><TextEquiv><Unicode/></TextEquiv><TextEquiv index="1"><Unicode>Viderat hanc male ſanus amans ſub valle iacentem,</Unicode></TextEquiv></TextLine><TextLine id="l32"><Coords points="661,1052 243,1054 130,1049 79,1049 79,1078 105,1079 115,1081 216,1083 246,1086 360,1086 393,1084 584,1084 661,1085"/><TextEquiv><Unicode/></TextEquiv><TextEquiv index="1"><Unicode>Vt forte accliuis gremio conſederat herbæ;</Unicode></TextEquiv></TextLine><TextLine id="l33"><Coords points="475,1116 636,1117 696,1119 695,1088 661,1088 661,1086 584,1085 393,1085 360,1087 246,1087 216,1084 182,1083 81,1083 81,1113 198,1118 357,1120"/><TextEquiv><Unicode/></TextEquiv><TextEquiv index="1"><Unicode>Viderat, &amp; ſubitum defecta per oſſa futorem</Unicode></TextEquiv></TextLine><TextLine id="l34"><Coords points="453,1149 597,1149 679,1151 679,1120 636,1118 442,1118 357,1121 299,1121 197,1118 72,1118 72,1146 229,1152 399,1152"/><TextEquiv><Unicode/></TextEquiv><TextEquiv index="1"><Unicode>Corripiens, tacitoq; dolos in pectore verſans,</Unicode></TextEquiv></TextLine><TextLine id="l35"><Coords points="642,1151 453,1150 399,1153 229,1153 191,1152 175,1150 81,1150 81,1183 642,1183"/><TextEquiv><Unicode/></TextEquiv><TextEquiv index="1"><Unicode>Explorabat iter, facilesq; ad furta latebras.</Unicode></TextEquiv></TextLine><TextLine id="l36"><Coords points="544,1215 561,1214 634,1214 652,1215 660,1219 672,1219 672,1184 474,1184 355,1187 271,1187 220,1186 195,1184 117,1184 105,1186 70,1186 70,1221 536,1221"/><TextEquiv><Unicode/></TextEquiv><TextEquiv index="1"><Unicode>Illa vbi ſe viſam agnouit, iam conſcia fraudis</Unicode></TextEquiv></TextLine><TextLine id="l37"><Coords points="753,1211 753,1248 878,1248 878,1211"/><TextEquiv><Unicode/></TextEquiv><TextEquiv index="1"><Unicode>-</Unicode></TextEquiv></TextLine><TextEquiv><Unicode/></TextEquiv></TextRegion></Page></PcGts>