899 1338
265 19 671 45 IO.BAPTIS
76 62 612 96 Erubuit, totosq; repente expalluit artus.
78 96 673 130 Atque exoſa virum, & volucri pernicior Euro
77 129 673 163 Præruptos ſuperat montes, & inhoſpita luſtra.
77 163 789 197 At Sarnus, quanquam & ſenio genuaægra labant, &
77 196 569 232 Diffugiens virgo ſaltus euaſerat altos,
77 232 664 266 Lyriopen tamen inſequitur, ſpe captus inani.
77 264 705 301 Quem poſtquam inualido ſenſit confidere curſu
77 299 541 333 Aeriis aſſuetaiugis, & credita certæ
79 331 768 365 Nympha fugæ, ſummâ e ſpeculâ ſe oſtentat amanti:
78 365 633 399 Brachiaque enudat puro candore recentes
77 397 628 433 Exceſſura niues, qus nec violauerit æſtus.
76 433 607 465 Interea impatiens exuritur acrius heros:
79 466 613 499 Ac veluti arentes ſi quando decidit ignis
79 499 707 532 In ſtipulas, rapidæ creſcunt per pabula flammæ,
75 533 615 566 Non aliter maiora ſenex incendia paſcit.
81 565 672 599 Quid faciat? ſentit grauius caluiſſe medullas,
76 598 665 625 Et defeſſa nouo fuccumbere membra labori.
78 631 659 668 Quid faciat? duræ ſuperanda cacumina rupis
76 666 662 700 Proſpicit; accenſoque trahens ſuſpiria corde,
76 699 601 733 Incuſat deſerta loci; quo candida virgo,
75 732 639 766 Et ſperata vocant ſolatia. tum furit amens,
75 764 699 799 Affectatque viam, & curſu nemora auia tranſit.
73 800 710 835 Iamque alacripropior Nymphæ ſuſpirat, & eheu
77 835 694 870 Gaudia nequicquam viſus ſperare, quid, inquit,
74 869 695 903 Ocyor effugias: neque enim indulſiſſe precanti
75 902 659 935 Te modo pæniteat, cui ſit mea forma pudori.
73 936 758 973 Me quoqueſi quid id eſt Nerei pulcherrima proles
73 970 681 1004 Deperit Eurynome, quæ largo nectaris hauſtu,
74 1005 605 1038 Et latis pelagi campis donaret amantem.
73 1037 665 1071 Illa tamen fugitura, ſenem ridebat anhelum:
73 1070 679 1104 Dum ſe proripiens, ſtudioque intenta ferarum
75 1102 644 1136 Quæſiuit ſocias obſcuro tramite Nymphas.
73 1134 680 1171 Verùm vbi deceptos cognouit Sarnus amores,
74 1165 630 1204 Infelix quid enim tanto ſupereſſe dolori?
74 1198 763 1238 Ingentemque dedit gemitum, & diuertit ad antrum,
740 1241 860 1277 Vaſm
44 1295 75 1316 2
