917 1329
263 3 622 42 AMAATHEI.
55 56 839 90 Vaſtum immane antrum, clauſumq; horrentibus vmbris.
58 90 581 123 Illic ſollicito cautes plangore replebat,
60 124 662 157 Lyriopen cum ſe magno Sol gurgite tollit,.
62 157 691 191 Lyriopen ſub nocte querens atque irrita vota.
63 191 640 222 Ah quoties lamenta leues iactauit ad auras,
65 222 760 258 Quid lucem moror inuiſam? quin vita querentem
64 257 652 290 Deſeris? & tantos mauis abrumpere luctus?
65 290 606 325 Ah quoties læto ſpoliati gramine colles,
63 324 647 358 Conualles que cauæ, circumq; ſonantia ſaxa,
61 358 701 392 Et volucres vario geminarunt gutture queſtus:
57 391 582 417 Ilum Naiades raucis fleuere ſub vndis:
56 425 649 460 Illum etiam mœſtos deplorauere per agros
56 460 684 493 Exanimes Nymphæ, deſolatumque vlulatu
55 492 711 526 Impleuere nemus:viduataque frondibus arbos
51 526 593 560 Aruit, & nullæ ſiluas coluere Napææ,
52 559 699 593 Mox exhauſta ſenis conſumptaque lumina fletu
51 593 718 627 In fontes lacrymaruabeunt tum corpore t
49 627 647 662 Liquitur& vaſto tandem diffunditur antro:
50 660 727 695 Et vada iam placido percurrit flumine Sarnus.
379 696 495 722 Silii.s.
50 727 544 760 Præuius Eoo fulgebat Lucifer ortu:
51 761 563 789 Et matutinâ reſonabant alite ſiluæ,
55 793 754 828 Cum nondum orta dies incerta crepuſcula cæi
51 827 723 862 Paulatim ſoluit, magnoque gurgite tollens
55 862 683 896 Phœbus equos iam iam pallentia ſidera condit.
58 893 724 929 Tum primum ecce Silis liquidis ſe ſe extulit vndis
58 930 657 963 Imgentes humeros glauco velatus amictu,
61 963 680 994 Centum cui vitreis famulantur Naiades vrnis:
61 995 648 1029 Pars violam, & vario texunt vaccinia cultu,
63 1028 741 1062 Candidaq; ambroſio perfundunt membra liquor
63 1061 616 1089 Pars etiam aurato deducunt ſtamine fila,
62 1093 608 1130 Aut ſaturant Tyrio Mileſia vellera ſueco,
61 1127 740 1162 Cymodoce, Xanthoque Thoeq;, & cærula Drymo
61 1160 730 1196 Atq; Ephyre, atq; Hyale, flauisq; Arethuſa capillis.
60 1194 706 1236 Inter quas experta nouos Galatea hymenæos
786 1224 849 1253 Eal-
532 1229 656 1268 Fs
