1002 1380
282 40 621 73 ALTHEI.
808 52 841 73 9I
4 84 706 121 Perfide quidſolam deſerto in littore amantem
5 118 548 156 Liquiſti?nec te morituræ fata puellæ,
5 152 655 189 Nec te conſcia mens, nec te periuria terrent?
5 184 672 223 Flecte ratem male grate hoſpes; da lintea retro.
4 224 683 257 Nonne vides puppim inuito cortendere ponto,
12 256 664 290 Nec tantum perferre nefas? & coniugis eheu
3 290 691 323 Ad mœſtas q; preces, atque ad pia verba reflecti?
50 322 713 356 Illa quidem male grate hoſpes teà morte redemit:
3 356 559 387 Illa tibi primos etiam donauit amores.
2 389 637 423 Flecte ratem, cupit inſuetis obiecta periclis,
5 422 697 457 Per freta cæca ſequi fugientem, & brachia tendit
46 457 765 491 Credita iam iam vndis, vaſtumq; ingreſſa profundum.
47 490 697 523 Tum quercus Dodona tuas, Phœboque ſacratam
38 522 660 557 Ortygiam, Nilique refert ſemptemplicis ortus.
44 558 733 590 Te quoque, cui Venetum imperium debetur,aperto
43 590 616 623 Deducit pelago: tibi ſubijcit vltima Thules
41 623 649 656 Littora, & Oceani magnas promittit habenas.
39 656 626 689 Macte animo Federice, tibi Neptunia regna,
40 687 757 725 Et quæcunque oriens Iuſtrat, quæcunque cadens Sol,
32 724 590 757 Parebunt; orbisque æternâ pace quieſcet.
39 757 610 785 Te duce, caſta Fides cum fecerit otia terris,
36 790 581 824 Aurea reſtituent concordes ſecula Parcæ:
35 824 585 857 Et præceps toto fugiet Diſcordiâ mundo.
35 857 615 888 Sponte ſuâ tum perpetuâ flaueſcct ariſtâ
33 890 645 924 Campus, & Hyblæo ſudabunt melle geniſtæ:
32 924 628 957 Atque impune lupis audax miſcebitur agna.
31 956 548 989 Ipſæ nectareo diſtendent lacte capellæ
28 990 591 1023 Vbera; & in mediis florebunt lilia dumis.
30 1023 519 1058 Ipſe rubus paſſim miti ſe veſtiet vua;
35 1056 644 1091 Aſſyriæque ſalix pingueſcet germinemrrhæ.
33 1089 616 1122 Tum vero placido ſternentur cærula fluctu,
25 1122 658 1157 Nec pelago abruptas horrebit nauta procellas,
29 1155 550 1187 Cyaneas etiam cautes, Scyllæaque ſaa
1 1189 609 1221 Percurrent tuto volitantes remige puppes.
19 1221 598 1256 Felices tali rerum ſubprincipe gentest
