888 1332
298 2 366 28 IO.
395 5 656 36 BAPTIST.
94 5 139 25 9
96 36 697 86 Tque adeo felix taato pro munere princeps.
96 75 783 122 Quid caſum Phaetontis, & horrida vincula narrem-
94 108 802 152 Andromedes? Thamyrim ve, ſuo qui orbatus honore
94 140 688 182 Muſarum quondam vltrices cognouerit iras?
90 175 791 222 Omnia, quæ Hadriacis Proteus cantarat in antris,
87 208 681 254 Forte vt Carpathio ceſſiſſet ab æquore vates.
84 240 731 290 Ille canit: plauſum ingeminant lætæ vndiq; ripæ,
87 274 646 318 Vicinumq; nemus; donec ſe fluminis alueo
82 308 661 353 Condidit, & pronos curſus emiſit aquarum.
440 353 504 374 Iolas.
86 374 537 413 Sic te perenni picta flore gramina,
83 410 563 444 Et vmbra denſis explicata frondibus
82 443 548 476 Leuent, beate paſtor; vt nec horrida
82 477 619 514 Hyems virentium arborum lædat comas,
81 510 496 540 Nec prata lætis exuat coloribus.
80 542 565 582 Prata illa regnis præferenda;quæ tibi
79 576 544 617 Tantum quietis, otiique ſugge unt.
76 607 502 644 Felix Iola, grata ruris commoda
79 642 504 675 Semper tueris, ſeu colis ſcatentia
77 674 504 715 Vireta riuis, ſiue ſub cauo ſpecu
74 706 537 744 Proiectus, & curis ſolutus omnibus
75 743 612 782 Canis, quod ipſa circum imago conſonet,
74 775 550 812 Et alta reddant montium cacumina.
73 808 555 850 Felix Iola, nunc tibi fons languidum
72 839 569 883 Affert ſoporem blandiente murmure:
72 876 564 912 Nunc dulci amore ſaucius, tuos nouis
71 909 469 950 Incidis ignes populis:& ſtipite
70 941 550 979 Creſcente dulcior ſimul creſcit calor.
69 977 596 1019 Tecum in reductâ valle grex depaſcitur
70 1010 626 1052 Quantumque longis ſolibus carpunt oue,
66 1042 529 1085 Breui reſurgit nocte. tecum Veſpere
66 1073 554 1118 Surgente, notis clauditur præſepibus:
64 1105 544 1152 Aſtrisq; iam cadentibus, cum paſcua
63 1139 551 1184 Lento madeſcunt rore, proſilit pecus
62 1169 552 1214 Molles ad herbas. hic tibi tunc alitum
770 1232 845 1257 Com-
