<PcGts xmlns="http://schema.primaresearch.org/PAGE/gts/pagecontent/2017-07-15" xmlns:xsi="http://www.w3.org/2001/XMLSchema-instance" xsi:schemaLocation="http://schema.primaresearch.org/PAGE/gts/pagecontent/2017-07-15 http://schema.primaresearch.org/PAGE/gts/pagecontent/2017-07-15/pagecontent.xsd"><Metadata><Creator>User123</Creator><Created>2020-04-25T21:20:15</Created><LastChange>2020-04-25T21:20:15</LastChange></Metadata><Page imageFilename="0121.png" imageHeight="1336" imageWidth="911"><TextRegion id="r0" type="paragraph"><Coords points="1,1 909,1 909,1334 1,1334"/><TextLine id="r0_l001"><Coords points="587,35 580,35 572,43 564,47 467,48 417,47 411,44 411,34 282,34 282,58 587,58"/><TextEquiv index="1"><Unicode>A A .</Unicode></TextEquiv></TextLine><TextLine id="r0_l002"><Coords points="790,37 790,63 833,63 833,37"/><TextEquiv index="1"><Unicode>a</Unicode></TextEquiv></TextLine><TextLine id="r0_l003"><Coords points="268,110 537,110 537,76 26,76 26,113 171,113"/><TextEquiv index="1"><Unicode>Congratulantur cantus; hic felicibus</Unicode></TextEquiv></TextLine><TextLine id="r0_l004"><Coords points="532,111 268,111 232,113 172,113 117,115 33,115 33,146 188,146 256,144 522,144 525,146 532,146"/><TextEquiv index="1"><Unicode>Adſpirat auris obſtrepens Fauonius.</Unicode></TextEquiv></TextLine><TextLine id="r0_l005"><Coords points="462,177 462,145 256,145 47,149 47,178 380,178"/><TextEquiv index="1"><Unicode>At tu beate paſtor, iſto munere</Unicode></TextEquiv></TextLine><TextLine id="r0_l006"><Coords points="509,178 271,179 203,181 50,180 50,207 509,207"/><TextEquiv index="1"><Unicode>Diu fruare, nec nemus, nec florida</Unicode></TextEquiv></TextLine><TextLine id="r0_l007"><Coords points="43,211 43,246 497,246 497,211"/><TextEquiv index="1"><Unicode>Offendat arua frigus acre:ſed tibi</Unicode></TextEquiv></TextLine><TextLine id="r0_l008"><Coords points="42,246 42,280 491,280 491,246"/><TextEquiv index="1"><Unicode>ternoaperti vere floreant agri.</Unicode></TextEquiv></TextLine><TextLine id="r0_l009"><Coords points="237,280 237,304 546,304 546,280"/><TextEquiv index="1"><Unicode>Ad Ludouicum Dulcium.</Unicode></TextEquiv></TextLine><TextLine id="r0_l010"><Coords points="661,345 661,310 574,310 504,312 308,311 272,313 187,313 179,310 50,310 50,346 470,346"/><TextEquiv index="1"><Unicode>Hic tibi florentes, Dulci, terra explicat herbas;</Unicode></TextEquiv></TextLine><TextLine id="r0_l011"><Coords points="631,346 220,346 162,348 89,348 89,378 93,379 631,379"/><TextEquiv index="1"><Unicode>Blanditur que leui murmure riuus aquæ.</Unicode></TextEquiv></TextLine><TextLine id="r0_l012"><Coords points="650,380 55,379 55,412 580,412 588,413 597,419 650,419"/><TextEquiv index="1"><Unicode>Te Lephyri inuitant, &amp; ſuauis ſpiritus auræ;</Unicode></TextEquiv></TextLine><TextLine id="r0_l013"><Coords points="530,445 530,413 161,414 106,412 92,413 92,446 521,446"/><TextEquiv index="1"><Unicode>Et ſilua argutis obſtrepit alitibus.</Unicode></TextEquiv></TextLine><TextLine id="r0_l014"><Coords points="675,446 44,446 44,478 675,478"/><TextEquiv index="1"><Unicode>O vtinam vmbroſo mecum proiectus in antre</Unicode></TextEquiv></TextLine><TextLine id="r0_l015"><Coords points="95,479 95,512 638,512 638,479"/><TextEquiv index="1"><Unicode>Conſuetis caneres Thytſin arundinibus.</Unicode></TextEquiv></TextLine><TextLine id="r0_l016"><Coords points="659,513 297,513 185,515 57,513 57,546 659,546"/><TextEquiv index="1"><Unicode>Iam tua vicinæ ſequerentur carmina quercus;</Unicode></TextEquiv></TextLine><TextLine id="r0_l017"><Coords points="621,548 72,546 72,579 621,579"/><TextEquiv index="1"><Unicode>Duceret, &amp; faciles cantus Hamadryadas.</Unicode></TextEquiv></TextLine><TextLine id="r0_l018"><Coords points="636,612 666,613 666,582 647,580 99,581 46,579 46,614 217,614"/><TextEquiv index="1"><Unicode>Et rapidos vltro retinerent flumina curſus,</Unicode></TextEquiv></TextLine><TextLine id="r0_l019"><Coords points="645,646 645,615 94,616 94,645 102,647 372,647"/><TextEquiv index="1"><Unicode>Altaq; ventorum murmura conciderent.</Unicode></TextEquiv></TextLine><TextLine id="r0_l020"><Coords points="650,647 45,647 45,679 651,679"/><TextEquiv index="1"><Unicode>Ille autem blandæ captus dulcedine vocis,</Unicode></TextEquiv></TextLine><TextLine id="r0_l021"><Coords points="541,681 530,680 93,681 93,713 541,713"/><TextEquiv index="1"><Unicode>Afferret pleno roſcida mala finu.</Unicode></TextEquiv></TextLine><TextLine id="r0_l022"><Coords points="710,711 592,711 588,713 578,714 43,715 43,746 710,746"/><TextEquiv index="1"><Unicode>Aut pauidum hinnuleum per deuia rura ſecutus,</Unicode></TextEquiv></TextLine><TextLine id="r0_l023"><Coords points="94,747 94,773 581,773 581,747"/><TextEquiv index="1"><Unicode>Donaret caro non leue munus hero.</Unicode></TextEquiv></TextLine><TextLine id="r0_l024"><Coords points="59,781 59,807 656,807 656,781"/><TextEquiv index="1"><Unicode>Tum veſtros in amore animos mirata Neæra</Unicode></TextEquiv></TextLine><TextLine id="r0_l025"><Coords points="95,815 95,847 564,847 564,815"/><TextEquiv index="1"><Unicode>Poneret immitti pectore duritiem.</Unicode></TextEquiv></TextLine><TextLine id="r0_l026"><Coords points="57,848 57,881 792,881 792,848"/><TextEquiv index="1"><Unicode>Forſan; &amp; ad tenerum amplexun reuocaret amante;</Unicode></TextEquiv></TextLine><TextLine id="r0_l027"><Coords points="93,881 93,915 555,915 555,881"/><TextEquiv index="1"><Unicode>Et cuperet veſtras vincere delicias.</Unicode></TextEquiv></TextLine><TextLine id="r0_l028"><Coords points="575,915 59,915 59,949 575,949"/><TextEquiv index="1"><Unicode>Ipſa mihi niueis ornaret ſerta liguſtris:</Unicode></TextEquiv></TextLine><TextLine id="r0_l029"><Coords points="556,950 183,949 92,950 92,981 556,981"/><TextEquiv index="1"><Unicode>Et peteret multis oſcula blanditiis,</Unicode></TextEquiv></TextLine><TextLine id="r0_l030"><Coords points="600,1015 600,983 270,982 178,984 59,983 59,1015 236,1016"/><TextEquiv index="1"><Unicode>Interea gremio formoſæ virginis hærens</Unicode></TextEquiv></TextLine><TextLine id="r0_l031"><Coords points="651,1016 92,1016 92,1048 651,1048"/><TextEquiv index="1"><Unicode>Poſſem etiam magnum ſollicitare Iouem.</Unicode></TextEquiv></TextLine><TextLine id="r0_l032"><Coords points="644,1051 62,1050 62,1083 644,1083"/><TextEquiv index="1"><Unicode>Nunc vero indignas cogor iactare querelas,</Unicode></TextEquiv></TextLine><TextLine id="r0_l033"><Coords points="608,1083 92,1084 92,1109 608,1109"/><TextEquiv index="1"><Unicode>Montibus ac ſurdis dicere verba notis:</Unicode></TextEquiv></TextLine><TextLine id="r0_l034"><Coords points="692,1115 238,1118 146,1118 63,1116 63,1149 558,1149 674,1147 692,1149"/><TextEquiv index="1"><Unicode>Quales æquoreæ deſerto in littore queſtus</Unicode></TextEquiv></TextLine><TextLine id="r0_l035"><Coords points="629,1149 451,1149 379,1151 98,1150 98,1179 629,1179"/><TextEquiv index="1"><Unicode>Halciones fundunt, aut moriturus olor.</Unicode></TextEquiv></TextLine><TextLine id="r0_l036"><Coords points="655,1182 433,1184 50,1182 50,1215 80,1214 232,1216 655,1216"/><TextEquiv index="1"><Unicode>Nec poſſunt lacrymæ duram lenire puellam:</Unicode></TextEquiv></TextLine><TextLine id="r0_l037"><Coords points="630,1216 336,1218 258,1218 231,1216 97,1216 97,1251 630,1251"/><TextEquiv index="1"><Unicode>Nec noſtra aduerſos flectere vota Deos.</Unicode></TextEquiv></TextLine><TextLine id="r0_l038"><Coords points="794,1250 794,1276 853,1276 853,1250"/><TextEquiv index="1"><Unicode>os</Unicode></TextEquiv></TextLine></TextRegion></Page></PcGts>