911 1336
282 34 587 58 A A .
26 76 537 113 Congratulantur cantus; hic felicibus
33 111 532 146 Adſpirat auris obſtrepens Fauonius.
47 145 462 178 At tu beate paſtor, iſto munere
50 178 509 207 Diu fruare, nec nemus, nec florida
43 211 497 246 Offendat arua frigus acre:ſed tibi
42 246 491 280 ternoaperti vere floreant agri.
237 280 546 304 Ad Ludouicum Dulcium.
50 310 661 346 Hic tibi florentes, Dulci, terra explicat herbas;
89 346 631 379 Blanditur que leui murmure riuus aquæ.
55 379 650 419 Te Lephyri inuitant, & ſuauis ſpiritus auræ;
92 412 530 446 Et ſilua argutis obſtrepit alitibus.
44 446 675 478 O vtinam vmbroſo mecum proiectus in antre
95 479 638 512 Conſuetis caneres Thytſin arundinibus.
57 513 659 546 Iam tua vicinæ ſequerentur carmina quercus;
72 546 621 579 Duceret, & faciles cantus Hamadryadas.
46 579 666 614 Et rapidos vltro retinerent flumina curſus,
94 615 645 647 Altaq; ventorum murmura conciderent.
45 647 651 679 Ille autem blandæ captus dulcedine vocis,
93 680 541 713 Afferret pleno roſcida mala finu.
43 711 710 746 Aut pauidum hinnuleum per deuia rura ſecutus,
94 747 581 773 Donaret caro non leue munus hero.
59 781 656 807 Tum veſtros in amore animos mirata Neæra
95 815 564 847 Poneret immitti pectore duritiem.
57 848 792 881 Forſan; & ad tenerum amplexun reuocaret amante;
93 881 555 915 Et cuperet veſtras vincere delicias.
59 915 575 949 Ipſa mihi niueis ornaret ſerta liguſtris:
92 949 556 981 Et peteret multis oſcula blanditiis,
59 982 600 1016 Interea gremio formoſæ virginis hærens
92 1016 651 1048 Poſſem etiam magnum ſollicitare Iouem.
62 1050 644 1083 Nunc vero indignas cogor iactare querelas,
92 1083 608 1109 Montibus ac ſurdis dicere verba notis:
63 1115 641 1149 Quales æquoreæ deſerto in littore queſtus
98 1149 629 1179 Halciones fundunt, aut moriturus olor.
50 1182 655 1216 Nec poſſunt lacrymæ duram lenire puellam:
97 1216 630 1251 Nec noſtra aduerſos flectere vota Deos.
794 1250 853 1276 os
