893 1331
279 38 671 63 IST
60 78 700 114 Vos teſtes nemorum ſaltus, vos flumina, quæq;
118 113 573 146 Audiſtis gemitus ſidera ſpe meos,
82 146 712 178 Cum me Sol roſeo lacrymantem vidit ab ortu,
116 179 606 212 Vidit & Heſperio proximus Oceano.
80 210 641 247 Felix, qui lento decerpens pabula morſu
115 248 617 281 Occultum gaudet taurus adire nemus.
79 281 647 315 Illum proſequitur ſecreta cubilia quarens-
112 315 577 346 Bucula, & optatis detinet illecebris.
81 348 662 378 Siue latus niueum molli reclinat in vmbrâ,,
112 381 599 414 Et frigus denſis captat ab arboribus:
81 413 679 447 Seu prærupta petit iuga, ſiluarumque receſſus,
112 448 576 480 Agnoſcit latebras læta iuuenca ſuas.
77 480 759 515 Ah quoties, querulis dum implet mugitibus agros,
110 514 659 545 Illa etiam e ſummis rupibus ingemuit:
76 547 599 574 Et viſa eſt deſiderio tabeſcere amantis:
111 581 560 613 Triſtis, & in nudâ procubuit ſilice.
74 615 626 648 At crudelis Amor, curâme torquet inani,.
99 648 617 681 Exercetque nouas in mea damna vias.
60 681 607 714 Non ego vitarim perfuſas felle ſagittas;
106 716 554 748 Eripiam tanto nec caput imperio.
71 748 618 779 Audiſtine olim Inachiæ fera fata puellæ?
105 780 651 807 Addidit heu miſeræ cornua durus Amor.
70 815 711 849 Durus Amor carâ Iſmarium pro coniuge vatem
105 849 668 881 Compulit atdentes ad Phlegetontis aquas.
70 882 633 915 Ibat, & inſuto mulcebat carmine manes
104 914 618 949 Obſcura ingreſſus limina Perſephones.
67 947 728 981 Diuerſæ occurrunt facies, atque horrida monſtra:
102 982 606 1015 Horrida, ſed poſitis nil nocitura minis.
68 1015 650 1049 Exangues ſtupuere animæ: nec Cerberus ora
103 1050 580 1083 Extulit:& Stygii contremuere lacus.
65 1083 668 1115 Flerunt Eumenides, lacerosque Ixionis artus.
107 1115 578 1141 Suſtinuit, ſtabilis vate canente rota.
67 1148 636 1179 Tunc & inexpletis caruerunt Belides vrnis:
101 1179 557 1212 Et Tityus nullas viſcere pauit aues.
66 1208 697 1248 Defunctam vita Eurydicn miſerabilis Orpheus
746 1250 846 1282 Poſcit.
