905 1329
227 30 572 66 AMALTHEI.
56 84 514 118 Poſcit, & abrupti fœdera coniugij.
27 116 578 151 Oranti annuerant Parcæ, ac fatalia rurſus
48 152 557 186 Ducebant certis ſtamina temporihus.
27 185 562 219 lamque ſequebatur cari veſtigia coniux.
4 219 556 251 Læta viri, hac illum lege coacta ſequi:
23 252 645 285 Nec procul amnis erat, Stygias qui diuidit oras
57 285 610 318 Ferreaque horriſonis mœnia cingit aquis.
29 319 640 351 Cum ſociam reſpexit amans incautus, & eheu.
61 353 550 385 Infelicem iterum perdidit Euridicen.
26 385 619 418 Ter conatus eræt precibus retinere, ter arcto
61 419 597 453 Excipere amplexu deficientem animam.
23 453 722 481 Illa vmbris deuota Erebi, & morientia condens
61 487 598 519 Lumina, mors, inquit perdidit vna duos:
6 519 640 553 Et tenebris obtenta, leuique ſimillima vento
63 553 566 587 Traiecit volucri flumina nigra rate
27 586 589 618 Nec tamen orantem Lethæis Orphea ripis
61 621 546 653 Portitor accepit, nec noua iura dedit.
28 653 678 686 Quid faciat? raptam Eurydicen fugientibus aſtris
63 688 620 721 Semper, & Eurydicen Sole cadente vocat.
26 719 582 754 Solus inacceſſas rupes, Scythiæq; pruinas
60 753 535 787 Luſtrat, & aſſiduis fletibus ora rigat:
24 788 612 822 Crudelesq; Deos conqueſtus, & irrita dona,
60 822 581 854 Ingemit Eurydicen nocte, dieque ſuam.
24 853 801 889 Quin etiam, oum auulſum humeris caput abſtulit Hebrus,
60 888 584 921 Illi extrema quidem vox fuit Eurydice.
24 921 734 954 Quid memorem Heroas? quid cognita furta Deorum
56 954 601 989 Quos face, quos arcu perculit acer Amor.
21 988 655 1021 Ah miſer Alcides, poſt bella grauesque labores
58 1023 568 1054 Mœoniæ extimuit virgin.s imperium.
25 1054 569 1089 Et potuit toties ſimulatos ſumere vultus
59 1089 546 1122 luppiter, & fictis fallere imaginibus.
25 1122 612 1154 Quid mirum, ſi me primo ſub flore iuuentæ.
46 1154 542 1188 Cepit blanditiis pulchra Neærafuis?
25 1186 524 1220 Et docuit collo lentis hærere lacertis,.
58 1222 527 1258 Et caro inuitum auellier e gremia.
729 1260 814 1294 Quod
