890 1333
278 28 636 62 IO.BAPTIST.
75 69 652 104 Qud ſi nulla mihi placarint vota Neæram:
121 104 615 137 Atque pias ſurda verterit aure preces:
87 138 590 172 Et cupiam tantos letho finire dolores,
122 172 608 205 Ignotiſque tegar mortuus aggeribus:
89 204 710 230 Tu tamen æternæ mandans mea nomina famæ
109 238 674 268 Dic, Euit heu miſero dulce in amore mori.
351 274 556 305 Ad Lygdamum.
73 305 674 338 Tune igitur multâ defeſſus membra palæſtrâ
120 339 673 373 Non parces vaſtis Lygdame fluminibust
73 373 673 410 Nec te cæruleo latitantes gurgite Nymphæ,
109 405 600 437 Ne terrentdubiæ mille pericla viæ?
74 438 710 473 Ah quoties, amnein medio dum brachia iactas,
121 472 566 504 Extimui, ne cui grata rapina fores:
86 505 701 539 Aut, cum perſpicuis miraris membraſub vndis,
121 539 567 571 Arderes formæ captus amore tuæ,
80 571 662 606 Talis, vbi Myſorum agros celſa attigit Argo,
121 606 624 640 Thiodamentæum luſerat error Hylan.
86 640 643 674 Fons erat, & circum ſurgebat myrtea ſilua;
123 673 674 707 Quam ſaliens liquidis riuus alebat aquis.
86 774 710 808 Huc puer ad gelidos properabat forte liquores:
112 808 674 841 Et teneram implebat fictilis vrna manum:
87 841 692 875 Vrna manum implebat variis diſtincta figuris;
124 875 685 910 Quam quondam Alcidæ fecerat Eurycion.
88 909 595 941 Illic Gerionem triplici cælauerat auro,
122 943 686 976 Et monſtrum Nemees, & Diomedis equos
90 976 665 1010 Stabant Lernæi linguis vibrantibus angues,
124 1010 578 1043 Et terror ſiluæ ſus Erymanthe tuæ.
88 1043 608 1074 Ille autem vario texens è flore corollas,
124 1078 554 1112 Incuſtoditum ſæpe moratur iter.
91 1111 632 1143 Nunc noua formoſa decerpit lilia dextra:
125 1144 627 1176 Nunc teneris ornat ſerta papaueribus.
91 1174 680 1207 Nunc etiam placidos inuitat carmine ventos,
125 1205 624 1245 Vt leuis æſtiuum temperet aura diem.
787 1247 875 1274 Inte-
