913 1325
328 30 619 68 AMALTHEI.
808 38 860 57 9
113 72 573 105 Cæruleis Nymphg delituere vadis.
85 105 813 138 Tum pecus indomitum ſpumoſo e gurgite Proteus
122 138 627 170 Extulit, & tumidum iuſſit obie ſalum.
83 171 734 205 Tum crudelis hyems pauidas ſurrexit in almos:
121 205 676 237 Succeſſitque polo mœſta cohors Hyadum.
84 237 673 271 Meiuuat vmbroſos indagine claudere ſaltus:
124 272 551 304 Nec pudet exiguâ delituiſſe casâ.
88 303 742 336 Quid mea Mygdoniis conſurgant tecta columnis?
91 337 593 369 Aut ubeant oſtro vellera Sydonio?
85 367 598 402 Felices olim coluerunt Numina terras:
127 403 593 435 Aurcaque ætetnum ſæcula ver aluit.
82 436 655 471 Ludebant paſſim Diyades per opaca vireta:
124 470 577 503 Ludebat cupdo iuncta puella viio:
83 503 661 536 Et pariter dulces aſſuerant corpere ſomnos,
123 537 614 570 Alternoque ſimul nectere flore caput.
87 568 741 602 Tum nunquam obſcuræ cinxerunt atera nubes,
125 603 588 634 Nec Notus Aolio carcere proſiluit.
86 634 620 664 Nec ſæua ardenti ſonuere tonitrua cælo;
127 670 691 701 Nec placium armarunt ignea tela Iouem.
88 701 616 733 Scilicet opfatos præbebat ſilua receſlu:
126 733 668 767 Grataque ſepoſitas antra dabantl: tebras.
87 768 726 801 Æëreæ neque adhuc pulſabant ſidera turres:
90 801 649 832 Nec ſtabat Pario marmore fulta domus.
89 832 620 866 Ilicet auditi tonitius, cum Iuppiter arces
125 866 612 900 Vidiſſet ce. ſum to ere in aſtra caput.
91 895 769 932 Tum primum attonitæ nimbos, & fulmina gents,
127 935 667 966 Ventorumque nouas extimucrc minas.
85 966 694 1000 Quin etiam ſuperum foribus præfulſit Orion,
129 1000 606 1033 Et læuum inſolito muniit enſe latus,
94 1031 622 1065 Me vero gelidâ lucus ſi protegat vmbrâ,
130 1066 588 1098 Rura colam, votis rura petita meis.
87 1097 572 1130 Illic formoſæ vaccinia prima Neære,
121 1131 584 1162 Et vrolas pict is ipſe feram calathis.
86 1164 589 1197 Ilic ſectatus voluc es ad retia ceruos,
124 1197 615 1230 Arenti liquidos orc bibam latices.
818 1229 873 1253 Aut
611 1230 683 1255 G 2
