910 1335
239 30 624 63 IO.BAPTIST.
62 79 647 114 Aut dulces plenà decerpam ex arbore fœtus:
94 114 640 148 Aut paſcam niueum læta per arua gregem.
60 147 655 179 Dii facite extremo decorent me rura ſepulcro,
97 181 597 214 Spargat vbi rutilas mæfta Neæra roſas:
60 213 607 246 Et iriſtes demiſſa genas, demiſſa capillum,
95 247 575 272 Inſcribat tumulo iam moritura meo:
59 279 745 314 Huic ſemper nemora huic placuerunt mollia ſemper
96 314 696 349 Gramina:qui viridi nunc quoq; gaudet humo.
367 351 470 382 Daphn.
60 380 535 408 Beate fons, ocelle fontium omnium,
63 414 598 448 Qui picta multis prata floribus rigas,
61 448 576 480 Tuoque ſuauem riuulo halitum accipis,
61 480 588 513 Vndeipſe odoratis quoque affluis aquis:
59 514 503 547 Hes lacrymas ſæui doloris nuntias
58 547 639 579 Daphnis ſecundo amore tam Diis proximus,
59 579 545 609 Nunc omnium miſerrimus, libat tibi:
59 613 525 646 Vt bella Erilla, dum calore languida
60 646 472 680 Tuis refrigerat papillas vndulis,
58 679 512 712 Tuoque feſſa conquieſcit in ſinu,
58 713 656 747 Quem mi peperit, identidem luctum hauriat:
51 747 543 776 Identidem illa, illa hauriat, ſeu lucido
55 780 542 813 Fouet liquore membra, ſiue candidas
53 813 511 845 Manus, & aureas ſimul lauitcomas.
53 847 500 881 Sic dura forſan molliet præcordia;
53 880 550 917 Roburque tandem pectoris lectet ſui.
53 914 564 948 Formoſa Erilla, vos que muſcoſi ſpecus,
55 948 512 977 Et vos comantibus decoræ ramulis
54 982 475 1016 Valete lauri; quæ meis laboribus
56 1015 469 1050 Sæpeaffuiſtis, & doloris conſciæ
54 1049 477 1082 Impreſſa leui ſigna fertis cortice.
55 1079 602 1113 Veſtris in vmbris, veſtro in amplexu miſer
57 1115 558 1146 Non amplius meos amores concinam:
55 1146 478 1174 Nec ſibilantium licebit arborum
56 1178 488 1214 Captare frigus in tenaci gramine,
57 1209 486 1240 Gregsve blanda detinere fiſtula.
735 1251 835 1279 Huns
