918 1336
308 31 608 54 AMA
812 37 854 59 Io
64 74 646 108 Hunc ego diem hauriam ſupremo lumine;
63 108 520 134 Hoc intuebor vltimum ſolis iubar.
59 142 643 173 Iam iam emoritur animus mihi, & pallentia
58 175 609 210 Iam iam ora diræ imago mortis occupat.
58 208 609 242 Quare meo donate fleru, & lacrymis
46 241 505 270 Vale beate fons, ocelle fontium.
322 274 555 306 Ad animum ſuum.
62 307 774 344 Tune igitur. mi anime, ambroſiis hærere labellis
95 341 616 366 Auſus es, & tenerum ſumere baſiolum?
57 373 666 406 Me miſerum, tacitis traxiſti incendia flammis,
95 407 576 433 Illita dum dulci melle venena bibis.
34 441 694 475 Ah ne iterum male caute, iterum ne baſia quæree
91 473 743 510 Non etenim iam animus, ſed nouus ignis eris.
283 508 553 540 Celadonis anathema.
55 540 678 573 Iam remos, fragilemque tibi, Neptune, carinam
84 575 563 606 Dat Celadon toto cognitus oceano:
30 607 694 639 t ſaltem, incertis qui vitam abſumpſit in vndis,
86 640 558 675 Excipiat patrio terra ſenem gremio.
362 673 470 705 Typhoni.
53 703 719 739 Sic venerande Typhon; tua quæ complectitur oſſa,
85 739 596 771 Floreat æternis terra papaueribus:
53 772 677 805 Sic Venus Aſſyrio tumulos irroet amomo,
84 806 575 839 Atque Hyblæa tibi munera libet apis.
50 836 570 872 Ne ſacro deſit cineri poſt fata voluptas,
83 872 577 905 Neve pios manes atra fauillapremat:
48 905 628 936 Et felicem animam crepitanti riuulus vnda,
83 940 557 972 Et teneat lætis myrtus opaca comis.
46 972 603 1005 Quæq; ſuis olim potuit mulcere querelis,
87 1006 659 1038 Nunc ctiam extinctum te philomela iuuet.
260 1040 505 1072 In Philomelam.
50 1070 615 1107 Picta ſinus, auroque leues interlita pennas,
82 1105 564 1138 Fingebat vario gutture carmen auis;
48 1138 632 1172 Et dulci clamote diem, roſeamque vocabat
86 1172 566 1206 Auroram inuito coniugis e gremio:
49 1205 694 1237 Quam nunc extremo tumulidonauit honore,
