896 1335
234 36 304 62 O.
339 37 622 62 BAPTI5,
54 44 97 62 or
67 77 579 112 Et ſparſit viola, ſpaiſit Acon lacrymâ.
60 109 676 138 Forſan adhuc humili cantus meditais ab vrn,
99 148 585 179 Sed reprimit cantus inuida terra tuos.
337 179 490 204 Ad Lebiam.
65 210 655 243 Puberibus caulem foliis noua purpura tinxit
99 244 629 278 Dum mordent gelidæ culta roſcta niues.
64 278 635 304 Aduentu ille tuo ſe ſe extulit: & tibi vetnant
98 312 565 347 Frigora, dulee mei Les bia ver animi.
284 348 501 378 Ad Lysinram
67 375 656 408 Cur, ah cur teneris deiecta eſt forma labellis,
100 410 567 439 Cur roſeus niueo decidit ore color?
68 442 619 481 Siccine frigidulæ vento obriguere papillæ,
103 475 652 507 Siccine te, mea lux, dura momordit hiems?
66 509 657 544 Patce iæ, & nigro Boreas dum tubine terras
104 543 644 576 Perflat, in amplexus curre, Lycinna, meos.
70 574 670 614 At tibi, ſæue Aquilo, qui tam formoſa labella,
105 609 626 647 Quique finum potuiſti vrere lucidulum,
71 644 593 678 Et dilecta ſuos neget Orithyia lacertos.
107 677 605 715 Vrgeat & pennas tarda pruina tuæs.
331 710 492 734 Palladi & Soli
74 739 694 782 Hanc oleam formoſus Acon tibi, caſta Minerua
109 774 669 809 Ile idem hanc oleam, e tibi inſeruit.
75 808 661 845 Tu, dea, ciudeles paſtorum auerte bipennes:
110 843 586 877 Tuteneram miti Sol ale temperie.
79 870 779 918 Quod ſi vnquam domino fœcuna adoleuerit arbos,
113 909 586 944 Si cum creſcenti ſtipite creſcet Acon:
76 939 687 981 Humida non deerunt flammæ fomenta bibaci,
116 975 632 1016 Quæ proculinuitâ nocte fuget tenebras
80 1005 690 1043 Et ſi veſtra aderunt, Dii, numina; dqſcet Apelle
115 1045 537 1074 Ille tuas artes, ille minerua tuas.
353 1078 532 1107 Ad Luciferum.
89 1109 686 1145 Quid properas ingrate meos læſurus amor,
114 1143 586 1174 Et nitido reuocas, Lucifer, ore diem?
88 1176 603 1209 Non ego decepto violaui fœdere diuos,
124 1209 604 1247 Nec Venerem ſacris diripui ex adytis.
781 1240 861 1274 Ah ne
