896 1333
289 19 626 46 IO.BAPTIST.
72 33 118 56 Io4
73 63 683 97 Et nunc barbaricas pelago ſubmergere puppes.
75 95 684 130 Nuno inuiſam aciem rapidis inceſſere flammis,
75 128 689 168 Aut pugnare monu, mediisq; inſidere tranſtris
76 161 683 195 neadum, & Venetæ defendere robora pubis.
76 196 622 232 Pars autem clypeis venientes excipit ictus,
76 232 622 266 Aut ſtipata leui circumuolat agmina gyro:
76 260 698 299 Non ſecus, ac rigui ſi quando ad ſtagna Cayſtri
76 295 782 334 Candentes liquido glomerantur in æthere cyeni,
76 329 673 367 Imbellesq; agitant volueres, & inertia cædunt
76 362 709 401 Agmina; ſanguineas zephyrus rotat aere plumas.
76 395 623 434 Cinge triumphali victricia tempora lauro.
75 427 683 460 Dux Venetum, cui clara ſuæ cognomina gentis
76 459 719 496 Dat Venus, & ſpolia ampla tuo cape debita Marti,
77 494 646 528 Seruatæ columen patriæ. tu maximus ille es,
77 528 646 567 N.quoreæ qui ptimus inis certamina pugnæ
77 561 735 592 Cladem Aſiæ intentans: Diui comitantur euntem,
76 594 577 632 Et curæ vigiles, & ouanti gloria plauſu.
75 625 657 665 Vltricesque rates, & ahenea mittis in hoftem
75 659 680 695 Fulmina, ſuſcepto igne cauis impulſa metallis;
77 693 657 733 Quo ſonitu tremuere vndæ, perculſaq; longe
75 724 786 762 Ambracia, & pauidæ latuere ſub æquore Nymphæ,
75 760 677 795 Et refluo trepidans Achelous inhorruit amne.
71 793 593 827 Nec te vllæ belli facies, amiſſaq; terrent
77 825 695 865 Regna. nec auectæ diuerſo ab littore prædæ.
77 858 710 894 Nec te animi vigor, & ſeris graue robur in annis
72 892 635 924 Deſerit, & fracto exuuias ex hoſte reportas,
76 926 556 966 Eq; tua prior emicuit Victoria puppi.
56 956 812 993 Tum iuuenem Imperio inſignem, quem Cæſare magno
76 992 662 1030 Progenitum virtus per grandia facta parentis
75 1024 687 1064 Euehit, & cœlum promiſſaq; ſideraonſtrant,
77 1058 655 1096 Atronitæ videre acies in prœlia verſum,
79 1090 679 1128 Quo pietas, quo laudis amor, qu gloria traxit,
77 1125 581 1160 Et belli molem regere, & virtute tueri;
80 1157 695 1190 Qualis Atlas humero ſtellantem ſuſtinet axem.
78 1192 751 1226 His quoque ab auſpiciis, tantæ pars maxima puguæ,
769 1223 849 1248 Cura-
