906 1332
286 36 669 62 IO.APTIST
87 76 776 116 Regem Aſiæ, domitum, tremefactaq; ſaxa Capharel
89 111 668 146 Scilicet hoc dudum precibus votisq; petiſti,
90 145 672 180 Sancte heros, qui ſceptra Dei ſedemq; tueris,
88 179 632 214 Idem aperis, idem cœli penetralia claudis.
88 213 609 247 Dum tu neglectà pro relligione laboras,
88 247 582 278 Et Vaticanas toties proſtratus ad aras
90 280 674 314 Sacra facis, ſanctasq; vocas in fœdera gentes;
91 311 695 347 Ilordanemq; iubes, Solymasq; repoſcere ſedes,
92 346 661 382 Atque implacaæ ſuperare Propontidis oras.
97 376 774 414 Salue operum tantorum auctor, qui Numina nobis
95 412 569 444 Concilias, & dia tuis paris otia terris.
95 442 783 474 At tibi Dux Venetum, nunc alter ab Hercule magno
97 474 821 519 Qui grauidam colubris Hydram, qui Thracia monſtra.
96 509 695 548 Exſuperas, iterumq; Acheloia cornua frangis,
99 541 803 581 Quando etiam maiora manent, ſuperanda Propontis,
100 576 675 614 Rhœtæiq; ſinus, proauitaq; regna petenda:
99 610 728 647 Iamq; tuis Rhodos, & Salamis, Naxosq; receptæ
98 643 640 676 Accedent titulist& iam concufſa tumultu
101 677 673 713 Mygdonia, & triſtes expauit Achaia pugnas.
103 712 619 746 Te celſi iuga Taygeti, te frigida Tempe
102 740 724 778 Aoniumque vocat nemus, & Permeſſides vnda,
104 776 607 810 Et tua Pieriæ teſponſant nomina ſiluæ.
105 807 661 844 Tempus erit, cum rapta ſacris ſolatia Muſis
107 841 706 877 Reſtitues, fontesq; ſuos, ſuaq; antra recludes,
108 874 709 906 Nunc dira illuuie, & ſilueſtribus obſita dumis;
105 908 691 944 Et ſua iam profugi recinent adeflumina cycni.
108 942 728 976 Hinc & ad æquoream victor prouectus Ioppem
111 973 727 1014 Antiquas Solymorum arces, & ſceptra repoſces
111 1007 695 1043 Auſoniæ lmperio, ac Romanis debita regnis;
113 1042 652 1076 Et tibi Carmeli rupes, tibi plaudet Idume,
112 1074 678 1110 Et tibi creſcentes ſurgent ad ſidera palmæ.
116 1107 664 1142 O ſacræ Libani valles, o palmifer Hermon
115 1138 682 1174 En erit, vt veſtos liceat penetrare receſſus?
110 1173 687 1208 En erit, vt Syrias.luſtrans pius hoſpes arenas
111 1204 685 1242 Clicolûm ſignata legam veſtiia platis?
792 1237 893 1264 Bethle
