889 1333
369 26 532 51 PETRI
69 71 623 106 Nec non & puræ decus inuiolabile formæ,
68 106 622 139 Et crines, nullieq; genas medicata venenis
71 138 631 173 Oſtentaret ouans, roſeoq; occurreret ore
67 171 635 206 Viſenti Idalium patri, & iuga grata tenenti.
65 206 641 238 Ergo ea, cum primum puro ſe flumine lauit,
65 238 594 271 Et circumfuſis corpus demerſit in vndis,
63 272 624 306 Vtraque Tyrrhenis defixit lumina terris:
64 306 627 339 E læta, accipiens medio de vertice Olympi
63 338 597 372 Vocesq;, plauſusq;, & feſtæ gaudia lucis;
63 372 575 404 Aligeros ad ſe cunctos accerſit Amores,
62 404 718 438 Atque ait: Ogeneroſa phalanx, cui lucidus æther
61 438 558 471 Ridet, &æterno labentia ſidera motu
61 466 723 504 Dulce canunt, choreasq; vna certo ordine ducunt,
62 504 685 537 Cui mare fluctiuagum paret, cui Dædala tellus
60 538 602 571 Fundit odoratos nonnullo ſemine flores.
63 571 613 605 Si quando dulci mortalia pectora flammâ,
60 605 656 638 Et cæco rigidas hauſiſtis vulnere mentes;
60 638 680 671 Nunc certe, ò veſtræ dulciſſima pignora matris,
61 671 690 704 Tempus adeſt, cum coniectis in corda ſagittis
59 705 638 739 Heroum, læto quolcumque alit vbere tellus
60 739 613 772 Itala, & excultis nutritGermania campis,
59 772 617 805 In cæluam laudesq; meas, nomenq; feratis.
60 805 753 846 Tempus adeſt. vos ite leues. ego protinus hinc me
58 839 597 872 Abripiens epulis adero: menſisq; paratis
58 872 613 904 Pocula Acidalio ponam ſpumantia ſucco.
59 902 710 940 Hæc Venus. & contra eſt placido ſic ore locutus
58 938 652 972 Filius, inuictum ſoli cui cura Tonante
58 972 644 1006 Vrere, & in varias rerum conuertere formas,
59 1004 752 1044 Taurumq;. pluuiumq; aurum, cycnumq; canorum.
59 1038 659 1073 O mater, totum impendi multo ante laborem
57 1071 686 1105 Hunc tibi, perpetuumq; decus, laudemq; paraui
58 1103 714 1139 Egregiam, & magnum ventura im ſecula nomen:
58 1135 714 1170 Dum iuuenem clarâ Tuſcorum ab origine regum
60 1166 629 1203 Obſeruans, ſequor aſſiduè; ſiue ille pererrat
58 1198 613 1237 Auſonia rgna alta ſuæ; ſiueille per vndas
726 1240 836 1274 quo-
