907 1331
312 16 623 62 ANGELII.
768 34 840 71 s
60 70 612 104 quoris eectus celeri rate fertur ad oras
58 105 593 139 Heſperias; latis vbi ſeſe Hiſpania campis
55 137 714 171 Explicat; & centum præſtanti corpore Nymphas,
60 170 646 205 Centum habet egregiâ natas à ſtirpe puellas,
60 204 691 238 Et formâ, atque animis ingentibus heroinas;
63 239 656 271 Diuitijs omnes, omnes & ſanguine claras.
65 270 708 305 Quarum in nulla animum dictu mirabile quiui
64 304 649 338 Flectere; nec duros longâ aſſutudine ſenſus
57 337 719 371 Mollire, ac ſæuam paulatim frangere mentem;
64 370 720 404 Et blandum iuueni tamdem perfundere amorem.
57 402 676 439 Et fateor, mea magna parens, redijſſepudebat
56 436 676 470 In Tuſcos, fruſtraq; meas conſumpſe ſagittas:
63 468 753 505 Nec iuuiſſe acri quicquam, quod tincta veneno
54 505 740 539 Tela manu iacerem, flammiq; erdentibus aptas
47 537 687 572 Multarum ex oculis in corda rigentia tedas:
53 568 832 606 Quamquam illum innumeræ, quatum celeberrima forma
59 604 650 638 Et genus illuſtre, cxpeterent noctesq; diesq;
747 611 836 655 eſt
59 638 643 669 Certatim concordetori ſibi fœdere iungi.
59 670 699 704 Ergo vbi conatus fruſtra cecidere, nec vſquam
59 704 596 737 Omnia tentanti mihi vis ita ceſſit, vt illâ
59 737 644 771 Victor ego e pugnâ victricia ſigna referrem:
57 770 734 805 Confugi ignotas quid enim ſupereſſet? ad artes.
49 803 676 838 Inſolitosq; dolos, quæqueipſa fatebere mater
57 836 740 869 Conſilia haud ſæpe euentus habuiſſe ecundos.
57 869 641 899 Vrbs erat hibernis celebris ſtationibus inter
57 904 607 936 Oppida iucundo regum delecta receſſu:
54 937 662 972 Haud procul auratis populos vbi ditat arenis,
54 969 665 1006 Et vitreas ſecm defert Tagus impiger vndas,
56 1003 740 1040 Vix dum etiam riuis, & primis amnibus auctus.
60 1036 715 1071 Hic vrbe in mediâ conſurgit ad aſtra columnis
57 1069 734 1104 Innumeris ſuffulta domus, trabibusq; ſuperbis
57 1101 664 1135 Tecta, & marmoreo conſiſtunt limine poſtes
56 1135 645 1168 rati, atque Indis ſpectanda ſedilia baccis:
57 1169 645 1202 Et multo in primis laquearia flaua metallo.
60 1202 738 1237 Centum intus thalami, centumq; tapetibus aureis
765 1241 849 1266 Stats
