897 1333
416 36 575 64 PETRI
121 77 735 111 Strata pauimenta, & gemmis diſtincta coruſcis
121 110 691 144 Hinc illinc late fplendent, ceu lumina Solis,
119 145 691 178 Aut Lunæ. liquidus nullis cum nubibus aër
120 177 774 211 Denſatur, ſudumq́; oculis patet vndique cælum.
119 211 676 242 Aſt vbi conſuerunt epulæ ſeu mane parari
121 244 735 276 Tunc, cum Sole nouo terræ luſtrantur apertæ;
120 276 715 310 Veſpere ſeu ſero cùm iam vaga ſidera fulgent,
120 310 687 344 Et paſſim è cælo denſæ incubuere tenebræ;
122 343 661 375 In quadrum ſpatioſa fluit ſublimior aula,
120 376 723 408 Quam circum Pario ducti de marmore vultus,
119 409 659 441 Auſtriadum efſigies viuas imitantia figna
119 441 684 474 Adfint, & pueri ſimul, innuptæq́; puellæ
117 474 821 508 Quarum vni cum viſa mihi puleherrima formâ eſt,
118 509 691 541 Bis ſeptem vix nata annos, occultus ocellos
120 542 627 575 Inſedi, laqueosq́; illic, & vinela paraui.
120 575 847 607 Et Medicem ſimulacra animum per cuncta ferentem
117 608 726 641 Mirantem genus egregium, formasq́; decoras;
119 641 666 674 Implicui, magnoq́; ſecluſi vulnere pectus.
118 674 718 707 Arſit amans nondum perſpectá virgine, & vnà
119 708 770 741 Suſpirans, dulcemq́; trahens è corde querelam.
120 741 735 773 O felicem (inquit) iuuenem, cui nupta marito.
118 773 692 807 Ipſa tui ſimilem certo poſt tempore prolem
117 808 657 840 Edideris, animi quæ iam virtute paternis
120 840 690 874 Certet auis, atauisq́; ſuis. nec plura locutus
118 873 624 905 Conticuit, torusq́; hæſit defixus in vno
121 907 690 939 Obtutu, dum ſe ipſe nequit explero tuendo.
119 939 886 973 Nam quid agat? neq; enim quidquam fupereſſe videbat,
119 973 752 1006 Expreſsâ cupidos quam paſcere imagine ſenſus,
120 1006 629 1039 Et ſpecie ignotæ ſeſe oblectare puellæ:
120 1039 784 1073 Tot montes, vallesq́; cauæ, tot flumina, tantum
121 1073 806 1107 Terrarumq́; marisq; æquor prohibebat amantem,
120 1105 669 1139 Quò minus & veras oces audiret, & idem
121 1137 668 1170 Redderet, inq́; ipſis ſua ſiſterer ipſa puellæ
117 1167 791 1203 Lumina luminibus, neque ab oribus ora moueret.
120 1199 667 1242 Ergo inſperato mentem iam ſaucius ictu
840 1246 895 1272 Ibi
