<PcGts xmlns="http://schema.primaresearch.org/PAGE/gts/pagecontent/2017-07-15" xmlns:xsi="http://www.w3.org/2001/XMLSchema-instance" xsi:schemaLocation="http://schema.primaresearch.org/PAGE/gts/pagecontent/2017-07-15 http://schema.primaresearch.org/PAGE/gts/pagecontent/2017-07-15/pagecontent.xsd"><Metadata><Creator>User123</Creator><Created>2020-04-25T21:20:15</Created><LastChange>2020-04-25T21:20:15</LastChange></Metadata><Page imageFilename="0142.png" imageHeight="1333" imageWidth="897"><TextRegion id="r0" type="paragraph"><Coords points="1,1 895,1 895,1331 1,1331"/><TextLine id="r0_l001"><Coords points="416,36 416,64 575,64 575,36"/><TextEquiv index="1"><Unicode>ERI</Unicode></TextEquiv></TextLine><TextLine id="r0_l002"><Coords points="117,40 117,65 195,65 195,40"/><TextEquiv index="1"><Unicode>4</Unicode></TextEquiv></TextLine><TextLine id="r0_l003"><Coords points="735,77 121,77 121,109 133,110 157,109 189,111 735,111"/><TextEquiv index="1"><Unicode>Strata pauimenta, &amp; gemmis diſtincta corſcia</Unicode></TextEquiv></TextLine><TextLine id="r0_l004"><Coords points="691,113 681,112 369,113 189,112 157,110 121,110 121,143 691,144"/><TextEquiv index="1"><Unicode>Hinc illine late fplendent, ceu lumina Solis,</Unicode></TextEquiv></TextLine><TextLine id="r0_l005"><Coords points="691,145 119,145 119,175 140,177 691,178"/><TextEquiv index="1"><Unicode>Aut Lunæ. liquidus nullis cuin uubibus aer</Unicode></TextEquiv></TextLine><TextLine id="r0_l006"><Coords points="774,182 771,182 766,177 742,177 738,179 385,178 356,179 120,177 120,209 342,211 774,211"/><TextEquiv index="1"><Unicode>Denſatur, ſudumq; oculis patet vndique cælum.</Unicode></TextEquiv></TextLine><TextLine id="r0_l007"><Coords points="676,212 465,211 367,213 341,211 119,211 119,240 132,241 676,242"/><TextEquiv index="1"><Unicode>Aſt vbi conluerun epulæ ſeu mane parari</Unicode></TextEquiv></TextLine><TextLine id="r0_l008"><Coords points="735,244 427,246 121,244 121,275 133,276 735,276"/><TextEquiv index="1"><Unicode>Tunc, cum Sole nouo ierræ luſlrantur pertæ;</Unicode></TextEquiv></TextLine><TextLine id="r0_l009"><Coords points="715,280 710,279 523,278 413,279 120,276 120,307 131,308 314,310 715,310"/><TextEquiv index="1"><Unicode>Veſpere ſeu ſero cum iam vaga ſidera fulgent,</Unicode></TextEquiv></TextLine><TextLine id="r0_l010"><Coords points="687,312 460,313 416,311 313,310 120,310 120,342 304,344 687,344"/><TextEquiv index="1"><Unicode>Et paſfim ècælo denſæ incubuere tenebræ;</Unicode></TextEquiv></TextLine><TextLine id="r0_l011"><Coords points="661,346 651,345 561,344 304,345 122,343 122,374 133,375 661,375"/><TextEquiv index="1"><Unicode>In quadtum ſpatioſa flui ſublimior aula,</Unicode></TextEquiv></TextLine><TextLine id="r0_l012"><Coords points="723,376 711,376 704,378 456,376 120,376 120,408 723,408"/><TextEquiv index="1"><Unicode>Quam circum Pario ducti de marmore vultus,</Unicode></TextEquiv></TextLine><TextLine id="r0_l013"><Coords points="659,411 656,410 433,409 119,411 119,440 659,441"/><TextEquiv index="1"><Unicode>Auſriadum efſigies viuas imitantia figna</Unicode></TextEquiv></TextLine><TextLine id="r0_l014"><Coords points="684,443 224,442 200,443 119,441 119,474 684,474"/><TextEquiv index="1"><Unicode>Adfint, &amp; pueri ſimul, innuptæq; puellæ</Unicode></TextEquiv></TextLine><TextLine id="r0_l015"><Coords points="821,481 815,480 815,474 359,474 344,479 318,478 307,475 117,477 117,508 821,508"/><TextEquiv index="1"><Unicode>Quarum vi uviſa mibi puleherrima formâ eſt,</Unicode></TextEquiv></TextLine><TextLine id="r0_l016"><Coords points="118,509 118,541 691,541 691,509"/><TextEquiv index="1"><Unicode>Bis ſeptem vix nata annos, orculeus. ocellos</Unicode></TextEquiv></TextLine><TextLine id="r0_l017"><Coords points="120,542 120,575 627,575 627,542"/><TextEquiv index="1"><Unicode>Inſedi, laqueosq; illic, &amp; vinela paraui.</Unicode></TextEquiv></TextLine><TextLine id="r0_l018"><Coords points="120,575 120,607 847,607 847,575"/><TextEquiv index="1"><Unicode>Et Medicem ſinulacta animum per cuncta ferentem</Unicode></TextEquiv></TextLine><TextLine id="r0_l019"><Coords points="117,608 117,641 726,641 726,608"/><TextEquiv index="1"><Unicode>irantem genus egregium, formasq; decoras;</Unicode></TextEquiv></TextLine><TextLine id="r0_l020"><Coords points="666,673 666,641 423,642 399,644 369,644 346,642 119,642 119,674 610,674"/><TextEquiv index="1"><Unicode>Implicui, magnoq; tecluſi vulnere pectus.</Unicode></TextEquiv></TextLine><TextLine id="r0_l021"><Coords points="718,674 465,674 297,676 187,674 118,675 118,706 127,707 718,707"/><TextEquiv index="1"><Unicode>Arſit amans nondum perſpecta virgine, &amp; vn?</Unicode></TextEquiv></TextLine><TextLine id="r0_l022"><Coords points="119,708 119,741 770,741 770,708"/><TextEquiv index="1"><Unicode>Suſpirans, dulcemq; trahens e corde querelam.</Unicode></TextEquiv></TextLine><TextLine id="r0_l023"><Coords points="120,741 120,773 735,773 735,741"/><TextEquiv index="1"><Unicode>O felicem inquit iuuenem, cui nupta marito.</Unicode></TextEquiv></TextLine><TextLine id="r0_l024"><Coords points="118,773 118,807 692,807 692,773"/><TextEquiv index="1"><Unicode>Ipſa tui ſimilem certo poſt tempore prolem</Unicode></TextEquiv></TextLine><TextLine id="r0_l025"><Coords points="657,839 657,808 117,808 117,839 591,840"/><TextEquiv index="1"><Unicode>Edideris, animi quæ iam virtute paternis</Unicode></TextEquiv></TextLine><TextLine id="r0_l026"><Coords points="690,840 381,842 333,842 288,840 120,840 120,872 290,874 358,874 422,872 542,874 690,874"/><TextEquiv index="1"><Unicode>Certet auis, atauisq; ſuis. nec plura locutu</Unicode></TextEquiv></TextLine><TextLine id="r0_l027"><Coords points="624,874 542,875 422,873 358,875 290,875 118,873 118,905 624,905"/><TextEquiv index="1"><Unicode>Conticuit, totusq; hæſit defixus in vno</Unicode></TextEquiv></TextLine><TextLine id="r0_l028"><Coords points="121,907 121,939 690,939 690,907"/><TextEquiv index="1"><Unicode>Obtutu, dum ſe ipſe nequit explerotuendo.</Unicode></TextEquiv></TextLine><TextLine id="r0_l029"><Coords points="886,939 267,941 119,940 119,972 132,973 886,973"/><TextEquiv index="1"><Unicode>Nam quid agat? neq; enim quidquam fupereſe videbat,</Unicode></TextEquiv></TextLine><TextLine id="r0_l030"><Coords points="752,975 649,973 119,973 119,1006 752,1006"/><TextEquiv index="1"><Unicode>Expreſsâ cupidos quam paſcere imagine ſenſus,</Unicode></TextEquiv></TextLine><TextLine id="r0_l031"><Coords points="629,1007 424,1006 197,1008 120,1007 120,1038 629,1039"/><TextEquiv index="1"><Unicode>Et ſpecie ignotæ ſeſe oblectare pueltæ:</Unicode></TextEquiv></TextLine><TextLine id="r0_l032"><Coords points="784,1039 484,1039 216,1041 120,1039 120,1070 232,1073 457,1073 532,1071 784,1073"/><TextEquiv index="1"><Unicode>Tot montes, vallcsq; cauæ, tot flumina, tantum</Unicode></TextEquiv></TextLine><TextLine id="r0_l033"><Coords points="806,1073 121,1073 121,1103 137,1104 368,1107 423,1107 489,1104 608,1104 699,1105 728,1107 806,1107"/><TextEquiv index="1"><Unicode>Terrarumq;, mariq; æquor prolbebat amantem,</Unicode></TextEquiv></TextLine><TextLine id="r0_l034"><Coords points="669,1138 669,1106 489,1105 423,1108 368,1108 120,1105 120,1135 143,1134 284,1139 413,1139"/><TextEquiv index="1"><Unicode>Quo minus &amp; veras oces audiret, &amp; idem</Unicode></TextEquiv></TextLine><TextLine id="r0_l035"><Coords points="668,1139 284,1140 219,1137 121,1137 121,1165 130,1166 193,1167 246,1170 668,1170"/><TextEquiv index="1"><Unicode>Redderet, inq; ipſis ſua ſiſterer ipſa puellæ</Unicode></TextEquiv></TextLine><TextLine id="r0_l036"><Coords points="791,1169 728,1169 720,1173 460,1172 326,1173 162,1167 117,1167 117,1197 170,1197 308,1203 791,1203"/><TextEquiv index="1"><Unicode>Lumina luminibus, neque ab oribus ora moueret.</Unicode></TextEquiv></TextLine><TextLine id="r0_l037"><Coords points="761,1211 714,1211 702,1210 696,1207 660,1205 492,1204 392,1205 274,1203 195,1199 120,1199 120,1233 203,1235 263,1239 417,1242 761,1242"/><TextEquiv index="1"><Unicode>go inſperato mente iam ſaucius ictu</Unicode></TextEquiv></TextLine><TextLine id="r0_l038"><Coords points="840,1246 840,1272 895,1272 895,1246"/><TextEquiv index="1"><Unicode>Iu</Unicode></TextEquiv></TextLine></TextRegion></Page></PcGts>