906 1336
340 36 609 70 ANGELI.
94 90 650 125 bat, & occtlto conſumebatur ab igne:
97 123 755 157 Inq; dies magis atque magis graue vulnus alebat;
97 158 748 191 Dum facies ſimulara animo, dum nomina gentis,
97 191 733 224 Facaq;, & innumeri ſimul obuerſantur honores
98 224 732 256 Virginis Auſtriacæ: cui nec domus vlla, nec ætas
99 257 715 290 Progenuit ſimilem virtute, & corpore formam.
101 290 663 324 Quin etiam patrias ilinc reocatus ad oras,
99 323 808 355 Non modo ſuſceptam non vnquam ëpectore curam
99 356 704 390 Deponit; verum mul magis acribus vſque
99 390 664 422 Vrgetur ſtimulis, & corde incendi voluit,
95 422 656 456 Illa quidem clarâ iam ſe prodentia flammâ.
91 457 694 490 Namque vt forteſuo narratloca viſa parenti,
94 490 641 522 Oppidaq;, & gentes vnà deſcribit Iberas,
93 524 690 557 Immenſas & opes, atque alta palatia regum,
90 556 647 589 Natarumq; addit viuos è marmore vultus
89 590 753 621 Auſtriadum, & meritos lætus percenſet honorest
88 623 743 657 Conſtitit, ac vocem medio in ſermone repreſſit;.
85 655 675 690 Ipſaq;purpureus ſparſit pudor ora. genasq;:
88 690 696 723 Quale rubet cælum, cæcæ cum mane tenebræ
72 722 754 754 Diſceſſere omnes, nec dum tamen auricomus Sol
84 756 742 789 Flammiferum noſtro veniens iubar extulit orbi.
85 789 715 823 Atater indicia hæc, atque argumenta ſecutus,
83 823 741 856 Flagiantem magno iuuenem perſenſit amore;
82 858 703 891 Lætaq; magnatimo concepit gadia corde.
84 890 684 922 Adueniſſe diem, cuperet cum filius vltro
83 922 605 956 Connubio, & tedâ ſeſe vincire iugali;
82 955 729 988 Poſtilla innumeris vnde ipſe nepotibus auctus.
86 990 738 1022 Imperiumq;, domumq; omnem florere ideret.
88 1021 662 1054 Ego ait. O generoſa mei mea deilcis imago
92 1056 728 1089 Ne dubita, nam vera loquor. confecimus ipſ
92 1089 728 1121 Ante tibi, quæcumque cupis: ſociamq; cubilis:
89 1120 707 1153 Legimus, æternos tecum quæ tranſigat annos.
89 1154 746 1187 Hoc gemini, quorum fortis Germania, quorum
90 1185 695 1219 Auſonia, atque audax obſeruat Iberia nutus,
86 1220 678 1254 uerunt fratres; & certo pignore certan.
841 1256 904 1279 a
