893 1333
389 11 567 34 PETRI
85 56 713 89 Iunximus vnanimes ipſa hæc in fœdera dextras.
85 90 702 123 Nunc autem, te ſi quis amor, te ſi qua videndæ
86 123 737 157 Cura tuænamque ipſa tua eſt pulcherrima virgo
85 157 684 190 Coniugis impellit ſtimulis ardentibus actum,
85 191 757 223 Germanorum aras, & Norica regna petendum eſt:
82 223 779 256 Vade, age, care puer, teq; haud mora longa retardet,
84 256 678 290 Quo minus alipedum curſu delatus equorum
67 290 650 323 Saxa ſuper, gelidasque Alpes, & lata feraris
67 321 642 356 Flumina, quo citius ſperatæ ad virginis ora
81 356 751 389 Peruenias, fratremque adeas; qui maximus vnus
82 389 665 422 Inter magnanimos nunc imperat Europæos.
83 423 718 455 Carpe viam: neque tu lentus tua gaudia differ
81 455 706 489 In longum. ſolet eſſe leuis labor omnis amanti.
80 489 754 523 Hæc ille. At iuuenis iamdudum accenſus amore,
79 522 713 554 Rumpendiq; moras, ſtudioque impulſus eundi;
80 557 721 590 Quàm primum magni peragit præcepta patentis.
78 590 777 625 Atque vnà ingenti procerum comitante caterua,
80 622 790 658 Quos Tiberis, Latiumq; potens, quos Tuſcia, quosq;
78 656 701 689 Cænomani, quos & Ligures, quos Gallia miſit,
78 689 721 721 Lætus abit, volucremq; fuga præuertitur auram:
80 723 730 755 Non illum glacialis hyems temoratur eumtem;
78 755 718 790 Non imbres, denſæq; niues, non amnibus aucta
73 788 785 823 Flumina ab innumeris, Atheſisq;, Padusq; profund
77 823 679 857 Vortice; non ripas Scythiæ qui diſſecat altas;
73 856 667 890 Oraq; diffuſus per ſeptem erumpit in æquor
75 890 643 924 Iſter, & Euxino regnat vetus incola Ponto.
76 923 600 958 O quoties ſternacis equi per deuia ſaxa,
75 956 668 991 Per iuga, per cliuos, per præcipites conualles
75 990 657 1024 Terga fatigantem, & duris calcaribus armos
72 1023 774 1059 Frangentem hinc illinc, rumpentemque ora lupati,
75 1056 638 1089 Viderunt Nymphæ, & felix iter ire precatæ
77 1088 674 1121 Arſerunt, tenues flammâ rapiente medullas
65 1122 605 1154 Nec prius inceptos potuit finire labores,
64 1153 656 1188 Coniugis ante ſuæ lætus quàm conſtitit ora.
65 1182 705 1218 Hic ego multiplices iuueni comes vnus honores
778 1233 878 1262 Ama-
