906 1335
357 27 519 52 PETRI
57 70 575 108 Tela Citheriato: mox & fragrantia lat
48 105 516 138 Lilia, Pæſtanis nuer ſelecta viretis,
56 137 706 171 Pupureasq; roſas, immortalesq; amaranthos,
48 171 717 203 Omnia quæ ſecum extulerant, gremiumq;, ſinusq;
49 204 588 237 Repleti, in faciem labentis ab aëre nimbi
58 237 633 270 Sparſere, & gros paſſim. cantusq; dedere.
49 270 602 303 Interea caſti enitrix pulcherrima Amoris
48 304 612 338 Surgit, & Aonios ſua ſub iuga cogit olores,
50 337 646 369 Et currum lrta adſcendit; ſeq; æthere ab alto
51 369 665 403 Demittens, Phœbo & Muſis loca ſacra petiuit:
48 403 572 434 Acceſſu loca difficili, munitaq; circum
56 436 638 468 Rupibus, & cunctis mortalibus inuia, præter
58 468 748 503 Quas Citherea Venus, Muſæq;, & Phœbus amarunt.
49 502 657 534 Hic nemora in cælum late frondentia ſurgunt,
56 535 681 569 Atque huc, atque illuc ramis ſpatiantur apertis;
49 568 807 604 Quæ, cariemnumquam, numquam perpeſſa ſenectam
44 602 612 634 Degunt perpetuos horis labentibus annos.
50 635 645 668 Hic fructus non vlla ſuos non arbor odoros
54 668 645 701 Parturit, æternos ſyluæ immortalis honores:
51 702 686 736 Quos neque lammatis torrens feruoribus æſtas,
57 735 650 768 Nec gelidi Boreæ penetrabile frigus adurit.
48 768 653 800 Hic tepidas ſemper Lephyris afflantibus autas,
52 800 728 834 Palladiæ numquam baccæ, numquam aurea deſunt
51 835 599 867 Mala, nee effracto turgentia cortice poma
53 868 615 901 Punica; & apricis pendentes vndique vites
53 901 603 934 Arboribus; quarum partim maturuit vua
56 934 589 968 Tota coloratos oſtentans Soleracemos;
57 967 680 995 Partim autem vix dum naſcens defloruit, & ſe
53 1000 687 1034 Abdit pampineam frondoſæ matris in vmbram;
55 1034 606 1067 Nec prodire palam teneras in luminis oras
55 1067 647 1094 Audet adhuc: alijs viuos fundentibus amnes
54 1098 618 1132 Implentur dulci ſpumantia labra liquore.
55 1130 664 1165 Nectare quo nullum gens interitura per æuum
54 1160 614 1199 Diuorum ad menſas cæleſtia pocula miſcet.
53 1191 630 1231 Parta aliâ platanos inter, laurosq; comantes
754 1235 846 1266 Eene
