880 1320
335 14 527 38 PETRI
49 20 91 40 tts
54 58 619 93 Danubius: qui nunc patriis dimiſit ab oris
55 93 607 125 Egregium Auſtriadas inter decus heroinas
55 124 744 158 Ioannam, auſpicio iungendam, atque omine dextro-
57 159 671 192 Regnanti in Tuſcis iuueni, & pro patre tenenti
59 191 724 225 Imperium, ſceptrique ingens onus vſque leuanti.
60 225 599 259 Coniugium felix, placido cui lupiter ore
58 258 736 290 Mecum vnà innumeram ventura in ſecula prolem
59 293 601 325 Annuerit: cuius magnis virtutibus Arnus
64 324 697 359 Creſcet agens liquidas maiori flumine lymphas.
61 357 663 393 Ergo agite o cœli Nymphæ decus, ite ſorores,
66 392 684 425 Ite citæ, mecumque viam contendite ad vrbem
65 424 717 458 Tyrrhenams neque enim vobis locus eſſe ſolebat
69 458 727 491 Gratior, & Phœbi gens obſeruantior; & quæ,
64 490 623 523 Ipſa ego ſi rectc recolo iam lapſa retrorſum
68 525 647 553 Secula, tantundem veſtros ornarit alumnos.
68 557 663 591 Sic illa. Aonidum ſed enim pia turba ſororum
68 591 644 625 Sic contra eſt affata: Tuis Venus aurea iuſſis
68 622 651 658 Obſequimur, cunctæque tibi paremus eunti.
66 658 736 692 Ac tecum Hetruſcos, dulcemque reuiſimus Arnum,
68 691 810 724 Carminibus celebrem noſtris, magnumq; fluentem:
71 724 666 758 Ac iam vix Tiberi, vix iam Permeſſidos vndis
69 757 740 791 Cedentem primas, ſeque iis conferre parantem.
69 791 679 823 Hæc vbi dicta, leuem rapuere per aera greſſum,
70 824 673 859 Et menſis, quas & niueis mantilibus omnes,
71 858 675 891 Et dape conſtructas regaliter, vndique magni
75 892 647 926 Cingebant pulchris flectentes ſedibus artus
71 925 570 958 Heroes, lectæq; ex omnibus heroinæ,
71 958 717 991 Adſtiterunt lætæ: atque inter ſe alterna canentes,
70 991 581 1026 Talia clariſona fuderunt carmina voce.
73 1024 673 1058 O decus, columen. Tuſcæ ſpeſq; altera gentis
72 1058 687 1087 Franciſce, Auſtriaci cui nunc iunxere ſeoundis
75 1091 609 1125 Auſpiciis gemini terrarum lumina reges,
76 1125 644 1158 Terrarum reges gemini iunxere ſororem;
77 1154 684 1191 Salue magnanimi proles generoſa parentis.
75 1187 778 1225 Et tecum innumeros coniu tua tranſigat annos-
785 1224 848 1252 Vol-
