893 1332
353 29 515 52 BTRI
59 68 571 99 Suſtulit, & toto radios difudit olympo,
60 100 611 133 Si ſe ſe forte æthereus comes addidit ignis,
60 131 672 167 .thereus louis igtis, & ore affulſit honeſto,
61 165 688 199 Incedit rutilans, tenebraſque, & nubila vincit:
63 200 642 234 Sic iuuenis, pulchræ medio cui. fore iuuentæ
59 232 640 265 It comes, & tedâ virgo ſociata iugali eſt.
61 265 674 300 Voluite conſtantes vaga ſidera, voluite curfus.
60 299 611 333 Vt cum diſcuſſis cœlo e fulgente tenebris,
63 335 650 361 Oſtentat croceos coniux Tithonia crines,
61 364 678 401 Et faciem claro ſpectandam in lumine præbet,
63 398 591 434 Optatamq; diu lucem mortalibus affert:
62 431 711 467 Sic virgo, cum læta domum, patrioſq; penates
61 463 688 501 inquit, & in cari thalamos ingreſſa mariti eſs
65 498 620 533 Oſtentat decus ipſa ſuæ inuiolable formæ,
63 533 665 566 Et iucunda viri pertentant gaudia mentem.
64 565 662 597 Voluite conſtantes vaga ſidera, voluite curius.
68 597 686 633 Quale ſuum gelidæ poſt triſtia tempora brumæ
63 630 657 661 Extulitos aucto iam dudum lumine Apollo;
65 664 649 700 Quale intempeſtâ Phœbe nitet aurea nocte;
66 697 638 732 Aut cum purpureum rediit Ver; lilia circum
66 729 691 764 Alba caput, molleſq; roſas cui texere Nymphæ.
69 763 661 798 Et variis pergunt diſtinguere tempora ſertis:
70 798 633 831 Tale nitet iuuenis primæ poſt acta iuuentæ
68 829 676 863 Tempora, poſt ſolas dulci ſine coniuge noctes,
70 862 677 897 Cum patrias cupidus primum deduxit ad ædes
67 896 701 928 Florentem formâ, florentem ætate puellam.
66 929 668 963 Voluite conſtantes vaga ſidera.voluite curſus.
66 963 677 997 En tibi, quæ cœlo Nymphæ deducimus ortum,
67 996 640 1030 Parnaſq; vna colimus iuga ſumma ſorores.
68 1029 719 1062 Fœcundam, & nullo morituram tempore laurum
72 1061 691 1096 Ponimus irriguas Permeſſi ad fluminis vndas;
72 1095 625 1130 Vt ripâ in mediâ, paſſim quâ læta vireſcunt
69 1127 659 1162 Arbuſta, & erebræ ſurgunt ad ſidera plantæ,
70 1157 648 1193 Ex ſeſe innumeros edat bene culta nepotes;
71 1188 698 1228 Et late fundens ramos totum oceupet amnem.
704 1226 852 1256 Voluite
