904 1335
315 28 564 51 ANGELII.
778 35 817 57 23
34 70 663 102 Voluite contantes vaga ſidera, voluite curſus.
39 104 687 138 Salue igitur virgo Auſtriadum pulcherrima, ſalue
40 137 689 168 Grandetuis iuuenisPrinceps decus addite Tuſcis.
38 169 671 203 Vobis progeniem, veteri ceu ſanguineclaram,
40 203 538 237 Sic teſtem laudis, teſtem virtutis auitæ
39 237 603 269 Det Deus, optati quæ pignus amabile lecti
39 268 601 301 Creſcat, & amborum ſeræpoſt acta ſenectæ
42 302 534 335 Producat longæ felicia tempora vitæ.
36 335 649 368 Voluite conftantes vaga ſidera, voluite curſus.
37 369 716 402 Ipſa etiam, ſtimulis quæ pectora verſat amantum,
31 403 627 435 Curarum expertes iubeat procedere noctes:
35 437 668 463 Mutuus extremos comitetur vt ardor in annos
37 469 699 501 Semper; & alicri s magno flagret alter amore;
36 502 726 534 Idem animus ſit vtrique; eadem ſit vtriq; voluntas.
39 535 652 567 Nec veſtrum inter vos quid ſit diſcordia norit
39 568 607 593 Aleruter ſed littorus ſine ſentiat ambos
39 603 689 634 Degere perpetuam nota inter gaudia vitam.
40 634 655 668 Voluite conſtantes vaga ſidera, voluite curſus.
41 668 656 700 ſe etiam Diuûm genitor, quas vndique dites
42 702 538 726 In veſtros effudt auos, effuſior in vos
43 734 633 768 Pergat opes opibus large cumulare vetuſtas;
43 768 699 801 Imperiumque ingens, quod iam percellere nulla
42 800 649 835 Vis queat; immotum ventura in ſecula firmet:
41 835 689 867 Et prolem egregiam longum propaget in æuum.
42 867 655 899 Voluite conſtantes vaga ſidera, voluite curſus.
46 900 697 933 Hæc Muſæ. At varium cepit Venus aurea ceſtum,
42 934 658 968 Quo ſtabiles olim mentes deuincit amantum:
48 967 681 1000 Atque illo iuuenemq; vna, claramque puellam
51 999 654 1033 Iunxit: & ex æquo teneras vtriuſque medullas
52 1033 633 1064 Accendens, blandos animis perfudit amores.
210 1067 662 1104 Elga prima: Damon. Ad Lælium
375 1101 495 1123 Torellium.
53 1129 646 1165 Flagrabat magno quondam Damonis amore
55 1162 789 1198 Chloris Hamadryadum non vltima; quam pater Aegon
54 1195 624 1235 Doctus arundineâ modulari carmen auen
720 1229 831 1256 Erudit,
