893 1337
361 41 536 64 PETRI
59 83 655 119 Erudiit, multaq; inſignem reddidit arte
63 118 618 151 Seu cantu certare velit, pedibuſq; choreas
61 147 694 187 Plaudere; ſeu celeri Nymphas præuertere curſu
59 185 621 219 Letalique procul iaculo transfigere capras,
60 217 685 251 Imbelles capras, ſummis dum rupibus hærent:
59 251 634 278 Aut ſeſe ex alto reuolutæ in cornua librant.
58 285 666 319 Flagrabat Chloris; triſteſque miſerrima curas
59 318 590 350 Lenibat mœſtis animum ſolata querelis:
60 351 665 386 En mihi contemptiq; arcus, ſpretæq; pharetræ
59 384 767 418 Ante pedes, dum me ipſe fugis, pulcherrime Damone
65 418 683 452 Deflentemq; tuo nunquam dignatus amore,
61 448 731 482 Et nemorum latebras, & inhoſpita luſtra ferarum
62 482 608 518 Me ſine ſolus obis; & in acres irruis vrſos,
60 516 662 552 Aggrederiſq; apros: ah, te ne vulnera lædant,
60 548 671 584 Ah, tibi ne validæ frangantur dentibus haſtæ.
61 583 663 616 Certe ego fida comes. nec tanti ignara pericli,
60 616 668 651 Hærerem lateri; atque illatos comminus ictus
59 649 704 683 Acciperem, gremioque tuo exanimata iacerem
62 682 664 717 O, mihi contingat prædulci occumbere letho,
62 717 558 750 Optato letho, quo nec felicius vllum
59 749 654 782 Eſſe genus poſſit vitæ. tum denique Damon,
60 782 687 815 Et mea magna fides, & amor tibi cognitus imo
66 815 644 848 Triſtia nonnunquam eliceret ſuſpiria corde.
62 848 686 874 Forſan & extinctam tecum miſeratus amantem
61 882 688 915 Extrueres mœſtum ſummâ ſub rupe ſepulcrum,
64 915 655 948 Inuida præteriens quà quondam filia Mopſi,
63 949 646 982 Inſcriptum legeret vicino in cortice carmen:
63 980 681 1011 Haud tota interij Chloris: nam maxima noſtri
64 1014 668 1047 Semper eritpars, incolumi Damone, ſuperſtes.
63 1045 769 1081 Sed quid ego, heu miſecæ mihi ludicra ſomnia fingot
65 1082 652 1112 Somnia, quæ tenues venti dilapſa per auras
66 1112 623 1145 Diſpergunt. illum fruſtra optauere puellæ
67 1143 623 1179 Naiades, Auſoniis quamuis e regibus ortæ:
65 1175 747 1208 Non Dryope, non læta Thoe, non candida Protho,
61 1206 623 1245 Non & Calirhoe Tybeti genitore ſuperba,
773 1248 834 1272 Non
