902 1337
305 21 552 54 ANC EI
47 67 747 102 Non Ephyre, atque Opis ſoror, Eridanitides ambæ,
64 102 702 135 Ambæ auro, & pecudum præſtanti vellere dites.
64 135 700 169 Sed mihi quid proſunt hæc omnia? perditus ille,
64 168 601 201 Ille puer, noſtros toto qui pectore ſenſus
64 200 610 234 Abſtulit, & cæco patefecit vulnere venas,
55 233 544 263 Inſidet aſſidue cordi; nec talia curat
67 268 703 302 Sæuus Amor, magnos in me dum ſuſcitat ignes.
66 301 747 335 Quamquam, o; ſed Nymphas nobis licet heroinas
61 335 632 368 Prætuleris; etiamne tuo prohibebis amore
62 368 626 400 Crudelis Damon? etiamne arcere parabis,
61 401 661 436 Quo minus in ſyluas veſtigia nota ſequamur?
60 434 678 470 Certe ego, cum libuit noſtras deducere in oras
54 469 692 503 Auribus ignotos Latiis numeroſque, pedeſque,
50 504 603 536 Sæpe tuas lyrico percusri pectine laudes.
62 536 726 569 Tum docui quibus inſidiis, quibus artibus olim
62 568 626 602 Decipias acreſque feras, pictaſq; lucres.
64 601 705 634 Quoque modo informes mediis in vallibus vrſos
63 634 677 669 Ipſe queas ſolus proſternere tutus, aproſque.
65 668 698 702 Nec me carminibus Phyllis, nec blandior Aegle
60 702 632 736 Æquiparat: qua muis tenues inflare cicutas
63 734 749 769 Docta Aegle: quamuis celebris per compita Phyllis
64 768 737 803 Agreſtem querulâ moduletur arundine Muſam.
61 802 727 834 Inuidus & memini cum me tua facta canentem
62 834 613 868 Eridani ad ripas ſæpe audiuiſſet Amyntas,
62 870 771 903 Agrorum quondam, & pecudum prædiues Amyntas,
62 901 606 935 Pinguia cui gelidi parebant paſcua Sarni,
62 935 638 969 Inarimeq; ferax, latiſque Inſubria campis;
63 969 637 1001 O, mea ſi tali celebres decora inclyta cantu
64 1002 745 1036 Nympha, inquit, comites inter non vltima noſtras
67 1034 691 1068 Ipſa eris, & Beroë cedet tibi, Phyllodoceque.
71 1065 647 1100 Ipſe tui ſedenim iam tum me ceperat ardor,
71 1100 765 1134 Iam tum flamma vorax penetrarat ad vſq; medullas,
72 1131 617 1164 Intonſis vt ſola meos teſtarer amores
75 1164 648 1200 Montibus, & teneris incidere falce iuuaret
74 1196 714 1238 Arboribus laudeſque tuas, tua nomina Damon.
779 1234 850 1270 Qis
