898 1330
106 37 151 57 I26
360 32 565 63 PETRI
110 80 688 114 Quin ego cum calathis olim tibi lilia plenis,
110 113 720 147 Purpureaſq; roſas, immortaleſq; amaranthos,
109 145 875 182 Narciſſumque, crocumque & ſuaue rubentem hyacynth,
110 180 717 213 Horrida dum ſæuis Aquilonibus arua rigerent,
109 213 739 243 Auſa oſferre tuum veniſſem credula ad antrum,
111 247 598 281 Sic perij, ſic ipſa meo de pectore ceſſi,
111 280 758 315 Hæſerit vt mediis vox faucibus: &, mihiquæ.iam
107 314 693 347 Iſa diu mecum verſans blandiſſima noram,
107 348 692 380 Immemori exciderint toto de pectore verba.
110 381 735 414 Sed vos, Dryades, blandiſſima turba, ſorores,
107 414 742 445 Delete o Dryades, quæcumq; notauimus. altis
107 446 661 480 Carmina corticibus, noſtros delete furores.
107 480 729 514 Forſan & vnæ illum memorisde mente fugabo
140 513 735 547 Hæc ſimul æthereas Chloris iactauit ad auras
109 546 554 574 Oblita infelix ſeræ decedere nocti:
107 580 621 613 Adcurrere piæ non vna e valle Napææt
108 613 678 640 Et ſecum mœſtæ duxere in tecta dolentem
282 645 704 679 Glyce, Eclega II. Ad Baccia.
422 682 537 708 Valrram.
106 712 654 747 Extnlerat medio iam ſe nox frigida cœlo;
105 746 687 780 Lætaq; fœcundo ſpargebat gramina roe
100 780 654 812 Cum ſua formoſæ perculſus amore puellæ
105 813 643 845 Limina deſeruit Lycidas venator, & ila,
104 847 630 879 Illa, imo quæ corde prius celauerat, altis
104 879 643 907 Montibus, & cæcis detexit vulnera ſiluis.
107 913 719 941 Tu vero, tu, cuius amor mihi creſcit in horas
106 945 692 980 Valori, & noſtro ſoluam pectore regnat;
92 979 764 1014 Ceu quondam arentes ſtipulas cum corripit ignis,
103 1012 685 1046 Exiguus ſerpit primum, mox clarus ad aras.
105 1046 602 1078 Effert ſe victor, lateq; incendia miſcer;
103 1079 794 1113 Accipe, & hæc Lycidam mecum miſerare dolentem.
142 1112 771 1145 Hos, O, qui luctus referat tibi ſomnus ad aures
104 1145 720 1178 Sæua Glyce, meq; ante tuos nunc ſiſtat ocellos,
104 1176 697 1210 Horrida flebilibus rumpentem ſaxa querelisl
106 1207 637 1244 Certe ipſam diræ non te peperere leæns,
818 1250 882 1274 No
