919 1337
338 40 579 67 ANG -
100 80 669 116 Non tibi præbuerunt immites vbera tigres,
99 114 672 147 Vbera, quæ ſauos accendant pectore ſenſus.
102 149 752 181 Quin ego, te quoties venientem lætus ad antrum
98 181 659 213 Ipſe meum vidi: noſtiine hanc vlla doloris
102 214 728 247 Cura habet? an ne alios, dixi, ſuſpirat amores?
103 248 731 282 Ac, nifime miſeium iam tum præcideret ingens
105 281 717 315 Verba timor: formoſa Glyce miſerere furentis,
107 314 692 343 Dixiſſem, miſerere. tuum mors, o mea certe
99 347 739 379 Crimen erit: crimen tantum non vlla tacebunt
107 381 687 415 Secula non vllæ terrarum, atq; æquoris oræ.
106 414 683 447 Hos ipſe, intonſos quoties indagine colles
101 448 731 484 Venator, quoties canibus luſtra horrida cinget,
103 480 630 514 Inſcripta tantum teſtabitur ilice crimen:
103 514 842 552 Hunc iiluæ, hunc montes, hunc ſaxa, amneſq; loquent
104 548 753 583 Interitum: & Lycidam flebunt thoeſque, lupique,
103 580 712 611 Flebunt & pharetræ, flebunt & retia, & arcus
107 613 769 647 Sed tu, ſcilicet, has lachrymas contemnere ſuetæ
105 646 639 680 Has voces, atque hæc imi ſuſpiria cordis,
106 679 702 711 Nil dura, preces, nil, , mea munera curas,
104 713 672 747 Mumera,quæ multæ fruſtra cupiere puellæ.
104 746 727 779 Quin etiam ingenti faſtu nos deſpicis, omnem-
106 778 663 812 Quod vitam in ſiluis inter ſpelæa ferarum,
105 813 674 839 Noctis & inſomnes ſub dio ducimus horas.
103 846 764 880 At non cultorem nemorum Venus autea Adonim
105 879 706 914 Spreuit, & amplexus, ſetoſaque brachia fugit.
105 912 727 949 Nec tamen ille ſuas celebrauit atundine laudes:
105 946 714 979 Qas canerent olm ſummis in montibus ipſæ
103 979 816 1012 E Dryades Nymphæ, & Satyrornm incondita turba
107 1012 672 1044 Me verb in primis dulcesaluere Camænæ,
109 1044 765 1077 Cinxeruntq; hedera, felici & baccare frontem
105 1077 663 1110 Ac tu, fi verax non eſt mentitus Amyntas,
104 1109 859 1148 Neſcio quem Dorylam tamenhei mihicredula præfers,
106 1144 656 1176 Idæum Dorylam; cuius mendacia linguæ
106 1177 651 1208 Turpia tam multas iam decepere pueilas.
105 1207 660 1243 Eheu, ſæua Glce, noſtræ te ſibila cann
804 1248 888 1274 ua
