893 1331
388 5 632 40 PETRI
90 59 727 90 Nulla monent, noſtræ ſolam te carmina Muſæ
91 95 702 127 Nil capiunt ingrata? tuas ego marmore laudes
91 127 680 160 Incidi: & longum victuræ in cortice quercus,
89 160 655 193 Ipſe meos iterans queſtus, & verba notaui:
91 193 745 227 Quæ legiſſe queant longo poſt tempore Nymphæ,
90 228 778 260 Dum venantur apros, dum cetuum ad retia tradunt.
88 260 757 294 Atq; eadem vt canerem de ſe, quid non mihi Leuce
89 294 688 325 Pollicita eſt? Leuce flauos excnlta capillos,
91 327 718 361 Nigra oculos Leuce niueas Leuce alba papillas.
89 361 725 394 Quid non Arctobali, quid non formoſa Lycotæ
88 394 593 426 Filia? pelliti quid non Amaryllis Iolæ?
89 426 629 460 Diuitiis omnes, omnes & ſanguine claræ.
91 460 781 492 Nec minus Autonoë: quâ doctior vlla Camænas
89 493 784 522 Non colit, vnum ardens me me admiratur, & vnum
90 526 717 559 Suſpirans, verſuſque meos, mea carmina laudat.
87 559 737 592 Et tibi quis credat? nunc inuidet æmula, ſeque
90 593 678 626 Iactat, & ante omnes te deſpicit illa puellas.
92 626 761 660 Tu tamen heu nimium confidis imagine fomæ;
92 659 663 692 Nec fore iam credis, facies vt candida rugas
92 693 768 725 Contrahat, & flauum mutent tua tempora crinem.
88 725 719 760 Et roſa, purpureo quæ ſe commendat honore
90 760 657 793 Mane virens, multo langueſcit pallida Sole.
88 792 713 825 Langueſcunt violæ, langueſcunt lilia, cum ſe
91 827 713 859 Extulerunt primum, & canas liquere pruinas.
93 860 679 892 Sic etiam, forma quæ nunc anteire Napæis
92 892 627 921 Diceris, amiſſo flebis mox flore iuuentæ.
92 926 743 959 Et veniet mihi crede dies, cum te quoq; ſæuus
94 960 744 989 Vret amor, cùm te dolor vlciſcetur amantem.
95 993 799 1027 Sed quid ego hæc ſurdis nunc conqueror irritus auris,
96 1028 687 1059 Irritus & ventis tantum mea vulnera pando?
96 1060 706 1093 Illam, illam infelix, illam, dum ſola vagatur
96 1093 742 1126 Montibus, & ſuaues beneolenti e gramine flores
97 1124 692 1159 Sola legit, ſola & gelidi prope fluminis vndam
98 1157 753 1193 Nunc dulces ſomnos, frigus nunc captat opacum,
97 1186 791 1226 Ilam inquam aggreſſus molli prece flectere nitar.
818 1231 874 1254 Heu
