901 1332
350 11 544 36 PERI
74 18 117 42 3o
79 52 665 88 Dum pratis inſuetus oues auertit amaror,
77 89 672 121 Dum mutata dolent teneræ dumeta capellæ,
78 122 644 156 Atque infelicem referunt in lacte ſaporem;
78 150 818 188 Dum mirantur apes caſiamque, crocumque rubentem,
79 189 748 222 Atq; thymum, atque alio ſaturata ſiſymbria ſucco;
78 222 626 256 Et preſſas triſtis diſtendunt nectare cellas.
78 256 681 289 Lugete o Dryades mecum, o, lugete Napææ.
81 290 625 322 Occidit Euagee pulcherrima Neptunine:
81 323 603 357 Euagee noſtræ ſpes vna, & ſola ſenectæ
78 356 744 389 Occidit: & ruris, quicumque erat, huius honorem
79 390 666 422 Abſtulit, euertitq; omnis mihi gaudia vitæ,
76 422 683 454 Scilicet id fuerat, bis ſex quod menſibus actis
82 455 632 489 Suaſit ab Alphæâ diſcedere protinus vrbe,
79 483 721 523 Vt te lugubr aſpicerem miſeranda feretro
78 523 667 556 Efferri, atque tui pars maxima funeris eſſem,
81 556 808 591 Contegeremq; atro frigentia membra ſepulchr:
80 590 604 622 At non hæc olim nobis promiſſa dediſti
79 623 685 657 Euagee, non hæc duriſſima tempora, non hos
80 657 753 690 Tum mihi prædixtiluctus, cum magnus Aceſtes
76 690 711 725 Mitteret, æquoreas quà labitur Arnus in vndas,
80 723 677 758 Tuque tuo inuitum diſcedere ab ore videres,
77 757 671 792 Præceptiſq; meum munires prouida pectus,
81 791 731 826 Quaſq; dabas prudens, ceu ſancta oracula, voces
80 823 726 857 Obſeruarem omnes, & ſingula mente notarem
82 858 822 892 Conſilia: ex animo quæ numquam obliuia, numquam
80 891 720 924 Eluet vlla dies, quamuis longiſſima, noſtro.
79 924 699 958 Non ego tum tantos potui mihi fingere caſus
82 958 720 992 Euagee: non tantum vmquam ſperare dolorem.
81 991 642 1030 Qusmuis certa mihi luctus præſaga futuri
85 1025 718 1058 Signa daret Therapon: cum denſos abiete lucos
86 1058 601 1091 Cæderet, & piceas alto de vertice pinus
80 1091 737 1124 Deiiceret, montiſque ferus iuga pulchra comantis
84 1124 683 1157 Vaſtaret, noſtris qui plurimus imminet aruis.
84 1157 671 1193 Quin potius nililla timens portendere triſte
82 1189 688 1232 Omina, Cælitibus faciebam vota: meaque
805 1234 886 1267 Sæpe
