910 1338
293 12 588 51 ANGELII.
750 37 842 64 Ii
56 60 643 100 Sæpe manu cumulans ingrata altaria donis
59 100 761 136 Spondebam innumeros poſthac tibi credulus annos,
59 133 736 166 Atque adeo demens tempus iamiam affore rebar,
65 166 688 202 Cum tibi, quos olim fœcundos abſtulit agros.
61 200 687 236 Redderet inſonti, Latiis qui præſidet oris
53 233 669 267 Paſtor, & ingentes rerum moderatur habenas,
60 268 718 302 Atq; volens, faciliſq; omnes tibi linqueret arces.
57 302 648 335 Munitas arces, & pinguia regna Camertum.
57 333 686 369 Et nunc ipſa iaces, nec iam dignare vocantes,
56 367 737 405 Tendenteſq; manus populos ad ſidera vtraſque,
51 400 679 434 Dum miſeris miſeras implent vlulatibus vrbes;
52 437 732 466 Et vocem montes, vocem nemora alta remittut.
52 468 592 502 Te variæ Bacchi lynces, te ſæua leonum
30 502 659 536 Semina & hirſuti lugent in ſaliibus vrſi
51 536 682 569 Aprique, & thoes, nec non fera pectora damæ.
48 569 779 601 Flent fontes, flent ſtagna tuum, flent flumina ttiſtem
46 603 717 637 Interitum, & lachrymis tellus madefacta tepeſcit.
51 636 685 670 Hinc ſeges incultis ſqualet mœſtiſſima campis,
49 669 659 704 Squalent fœcundum ſitientia pabula rorem;
49 703 664 737 Amiſſumq; decus paſſim iolaria mœrent.
47 736 617 769 Mœrent tota ſuis virgulta exuta corymbis,
48 769 599 801 Et petus infelix deſertâ in valle pererrat;
46 801 620 836 Vbera nec referunt ſerâ iam nocte capellæ
45 836 667 868 Plena; nec ad caulas redeuntem læta moratut
41 868 714 903 Ipſa ſuam, atque aliis ſecernit bucula matrem.
45 903 695 932 Omnia ſunt macies, ſunt omnia luridus horror,
45 935 664 970 Sunt tenebræ, & triſtis lethi pallentis imago.
42 966 799 1004 Ipſa hæc, quæ quondam mihi frigida rura placebant.
44 1002 642 1036 Nunc odi, &, duloes obij quos ſæpe receſſus,
40 1037 712 1069 Dum medium curru Sol aureus occupat axem,
48 1069 645 1102 Omniaque argutis reſonant arbuſta cicadis.
49 1100 603 1133 Odi orno, odi & platano, odi æſculo alta
47 1130 712 1173 Contecta, & radiis non peruia luſtra coruſcis:
45 1167 567 1197 Sordent & viuo confecta ſedilia ſaxo;
46 1199 639 1239 Sordet &, annoſa quæ ſeſe ex ilice fundens
512 1237 685 1275 2
716 1231 907 1265 Cum
