<?xml version="1.0" encoding="UTF-8" standalone="no"?><PcGts xmlns="http://schema.primaresearch.org/PAGE/gts/pagecontent/2019-07-15" xmlns:xsi="http://www.w3.org/2001/XMLSchema-instance" xsi:schemaLocation="http://schema.primaresearch.org/PAGE/gts/pagecontent/2019-07-15 http://schema.primaresearch.org/PAGE/gts/pagecontent/2019-07-15/pagecontent.xsd"><Metadata><Creator/><Created>2022-04-11T06:25:39</Created><LastChange>1970-01-01T00:00:00</LastChange><Comments/></Metadata><Page imageFilename="0159.png" imageHeight="1338" imageWidth="910"><TextRegion id="r1" orientation="0.0" type="paragraph"><Coords points="1,1 908,1 908,1336 1,1336"/><TextLine id="l1"><Coords points="293,12 293,51 588,51 588,12"/><TextEquiv><Unicode/></TextEquiv><TextEquiv index="1"><Unicode>ANGELII.</Unicode></TextEquiv></TextLine><TextLine id="l2"><Coords points="56,60 56,100 643,100 643,60"/><TextEquiv><Unicode/></TextEquiv><TextEquiv index="1"><Unicode>Sæpe manu cumulans ingrata altaria donis</Unicode></TextEquiv></TextLine><TextLine id="l3"><Coords points="761,100 713,100 705,104 59,100 59,133 371,133 429,135 761,136"/><TextEquiv><Unicode/></TextEquiv><TextEquiv index="1"><Unicode>Spondebam innumeros poſthac tibi credulus annos,</Unicode></TextEquiv></TextLine><TextLine id="l4"><Coords points="736,140 729,139 606,136 429,136 371,134 67,133 59,134 59,164 68,165 78,164 140,166 736,166"/><TextEquiv><Unicode/></TextEquiv><TextEquiv index="1"><Unicode>Atque adeo demens tempus iamiam affore rebar,</Unicode></TextEquiv></TextLine><TextLine id="l5"><Coords points="688,172 672,171 627,171 591,169 423,169 362,167 259,168 65,166 65,197 221,200 688,202"/><TextEquiv><Unicode/></TextEquiv><TextEquiv index="1"><Unicode>Cum tibi, quos olim fœcundos abſtulit agros.</Unicode></TextEquiv></TextLine><TextLine id="l6"><Coords points="687,206 532,202 61,200 61,230 115,232 190,232 231,234 462,234 564,236 686,236"/><TextEquiv><Unicode/></TextEquiv><TextEquiv index="1"><Unicode>Redderet inſonti, Latiis qui præſidet oris</Unicode></TextEquiv></TextLine><TextLine id="l7"><Coords points="669,237 53,233 53,266 669,267"/><TextEquiv><Unicode/></TextEquiv><TextEquiv index="1"><Unicode>Paſtor, &amp; ingentes rerum moderatur habenas,</Unicode></TextEquiv></TextLine><TextLine id="l8"><Coords points="718,273 515,269 60,268 60,298 75,299 203,301 282,300 422,302 718,302"/><TextEquiv><Unicode/></TextEquiv><TextEquiv index="1"><Unicode>Atq; volens, faciliſq; omnes tibi linqueret arces.</Unicode></TextEquiv></TextLine><TextLine id="l9"><Coords points="648,305 638,304 562,304 515,302 57,302 57,331 88,333 317,335 648,335"/><TextEquiv><Unicode/></TextEquiv><TextEquiv index="1"><Unicode>Munitas arces, &amp; pinguia regna Camertum.</Unicode></TextEquiv></TextLine><TextLine id="l10"><Coords points="686,338 141,335 57,333 57,364 71,365 99,365 121,367 300,367 398,369 686,369"/><TextEquiv><Unicode/></TextEquiv><TextEquiv index="1"><Unicode>Et nunc ipſa iaces, nec iam dignare vocantes,</Unicode></TextEquiv></TextLine><TextLine id="l11"><Coords points="717,367 707,372 56,367 56,398 62,399 124,401 400,401 596,403 637,405 717,404"/><TextEquiv><Unicode/></TextEquiv><TextEquiv index="1"><Unicode>Tendenteſq; manus populos ad ſidera vtraſque,</Unicode></TextEquiv></TextLine><TextLine id="l12"><Coords points="679,407 677,406 527,403 124,402 51,400 51,432 59,433 679,434"/><TextEquiv><Unicode/></TextEquiv><TextEquiv index="1"><Unicode>Dum miſeris miſeras implent vlulatibus vrbes;</Unicode></TextEquiv></TextLine><TextLine id="l13"><Coords points="52,437 52,466 732,466 732,437"/><TextEquiv><Unicode/></TextEquiv><TextEquiv index="1"><Unicode>Et vocem montes, vocem nemora alta remittut.</Unicode></TextEquiv></TextLine><TextLine id="l14"><Coords points="592,471 498,471 443,469 52,468 52,501 592,502"/><TextEquiv><Unicode/></TextEquiv><TextEquiv index="1"><Unicode>Te variæ Bacchi lynces, te ſæua leonum</Unicode></TextEquiv></TextLine><TextLine id="l15"><Coords points="600,504 533,505 414,502 46,502 46,535 131,536 241,534 432,536 600,536"/><TextEquiv><Unicode/></TextEquiv><TextEquiv index="1"><Unicode>Semina &amp; hirſuti lugent in ſaliibus vrſi</Unicode></TextEquiv></TextLine><TextLine id="l16"><Coords points="682,536 657,536 657,538 536,538 431,536 51,536 51,565 75,568 682,569"/><TextEquiv><Unicode/></TextEquiv><TextEquiv index="1"><Unicode>Aprique, &amp; thoes, nec non fera pectora damæ.</Unicode></TextEquiv></TextLine><TextLine id="l17"><Coords points="779,569 740,569 732,573 630,573 597,571 479,571 378,569 48,569 48,601 779,601"/><TextEquiv><Unicode/></TextEquiv><TextEquiv index="1"><Unicode>Flent fontes, flent ſtagna tuum, flent flumina ttiſtem</Unicode></TextEquiv></TextLine><TextLine id="l18"><Coords points="717,607 444,603 46,603 46,634 55,635 717,637"/><TextEquiv><Unicode/></TextEquiv><TextEquiv index="1"><Unicode>Interitum, &amp; lachrymis tellus madefacta tepeſcit.</Unicode></TextEquiv></TextLine><TextLine id="l19"><Coords points="685,640 525,637 51,636 51,668 106,670 210,670 299,668 463,670 685,670"/><TextEquiv><Unicode/></TextEquiv><TextEquiv index="1"><Unicode>Hinc ſeges incultis ſqualet mœſtiſſima campis,</Unicode></TextEquiv></TextLine><TextLine id="l20"><Coords points="659,673 360,669 210,671 106,671 78,669 49,669 49,702 417,702 659,704"/><TextEquiv><Unicode/></TextEquiv><TextEquiv index="1"><Unicode>Squalent fœcundum ſitientia pabula rorem;</Unicode></TextEquiv></TextLine><TextLine id="l21"><Coords points="634,705 582,704 417,703 49,703 49,734 57,735 634,736"/><TextEquiv><Unicode/></TextEquiv><TextEquiv index="1"><Unicode>Amiſſumq; decus paſſim iolaria mœrent.</Unicode></TextEquiv></TextLine><TextLine id="l22"><Coords points="617,738 360,736 47,736 47,767 57,768 617,769"/><TextEquiv><Unicode/></TextEquiv><TextEquiv index="1"><Unicode>Mœrent tota ſuis virgulta exuta corymbis,</Unicode></TextEquiv></TextLine><TextLine id="l23"><Coords points="599,771 336,769 48,769 48,800 51,801 599,801"/><TextEquiv><Unicode/></TextEquiv><TextEquiv index="1"><Unicode>Et petus infelix deſertâ in valle pererrat;</Unicode></TextEquiv></TextLine><TextLine id="l24"><Coords points="620,805 410,803 106,804 46,801 46,833 108,836 620,836"/><TextEquiv><Unicode/></TextEquiv><TextEquiv index="1"><Unicode>Vbera nec referunt ſerâ iam nocte capellæ</Unicode></TextEquiv></TextLine><TextLine id="l25"><Coords points="667,838 567,839 524,837 398,836 45,836 45,867 60,868 667,868"/><TextEquiv><Unicode/></TextEquiv><TextEquiv index="1"><Unicode>Plena; nec ad caulas redeuntem læta moratut</Unicode></TextEquiv></TextLine><TextLine id="l26"><Coords points="714,872 565,872 508,870 85,871 62,870 59,868 41,868 41,902 714,903"/><TextEquiv><Unicode/></TextEquiv><TextEquiv index="1"><Unicode>Ipſa ſuam, atque aliis ſecernit bucula matrem.</Unicode></TextEquiv></TextLine><TextLine id="l27"><Coords points="695,906 691,905 586,906 438,903 45,903 45,932 695,932"/><TextEquiv><Unicode/></TextEquiv><TextEquiv index="1"><Unicode>Omnia ſunt macies, ſunt omnia luridus horror,</Unicode></TextEquiv></TextLine><TextLine id="l28"><Coords points="664,939 463,938 360,935 215,937 45,936 45,967 55,968 133,970 664,970"/><TextEquiv><Unicode/></TextEquiv><TextEquiv index="1"><Unicode>Sunt tenebræ, &amp; triſtis lethi pallentis imago.</Unicode></TextEquiv></TextLine><TextLine id="l29"><Coords points="762,966 699,966 694,969 685,971 661,972 539,972 449,970 133,971 42,968 42,1001 48,1002 763,1003"/><TextEquiv><Unicode/></TextEquiv><TextEquiv index="1"><Unicode>Ipſa hæc, quæ quondam mihi frigida rura placebant.</Unicode></TextEquiv></TextLine><TextLine id="l30"><Coords points="642,1005 439,1005 355,1003 88,1004 44,1002 44,1033 148,1036 642,1036"/><TextEquiv><Unicode/></TextEquiv><TextEquiv index="1"><Unicode>Nunc odi, &amp;, duloes obij quos ſæpe receſſus,</Unicode></TextEquiv></TextLine><TextLine id="l31"><Coords points="689,1038 533,1038 494,1039 390,1037 40,1037 40,1066 131,1067 167,1069 689,1069"/><TextEquiv><Unicode/></TextEquiv><TextEquiv index="1"><Unicode>Dum medium curru Sol aureus occupat axem,</Unicode></TextEquiv></TextLine><TextLine id="l32"><Coords points="645,1072 633,1071 562,1072 390,1071 343,1069 48,1069 48,1098 94,1098 118,1100 163,1100 204,1102 645,1102"/><TextEquiv><Unicode/></TextEquiv><TextEquiv index="1"><Unicode>Omniaque argutis reſonant arbuſta cicadis.</Unicode></TextEquiv></TextLine><TextLine id="l33"><Coords points="603,1104 357,1104 313,1102 204,1103 117,1100 49,1100 49,1131 202,1133 603,1133"/><TextEquiv><Unicode/></TextEquiv><TextEquiv index="1"><Unicode>Odi orno, odi &amp; platano, odi æſculo alta</Unicode></TextEquiv></TextLine><TextLine id="l34"><Coords points="682,1130 669,1130 660,1135 654,1136 474,1137 339,1137 201,1133 47,1132 47,1165 194,1165 363,1169 588,1168 622,1171 626,1173 682,1173"/><TextEquiv><Unicode/></TextEquiv><TextEquiv index="1"><Unicode>Contecta, &amp; radiis non peruia luſtra coruſcis:</Unicode></TextEquiv></TextLine><TextLine id="l35"><Coords points="567,1170 363,1170 248,1167 45,1167 45,1197 567,1197"/><TextEquiv><Unicode/></TextEquiv><TextEquiv index="1"><Unicode>Sordent &amp; viuo confecta ſedilia ſaxo;</Unicode></TextEquiv></TextLine><TextLine id="l36"><Coords points="574,1238 583,1232 639,1233 639,1199 624,1199 620,1201 523,1203 342,1203 198,1199 46,1199 46,1239 538,1239"/><TextEquiv><Unicode/></TextEquiv><TextEquiv index="1"><Unicode>Sordet &amp;, annoſa quæ ſeſe ex ilice fundens</Unicode></TextEquiv></TextLine><TextLine id="l37"><Coords points="747,1265 852,1265 852,1231 748,1231"/><TextEquiv><Unicode/></TextEquiv><TextEquiv index="1"><Unicode>Cum</Unicode></TextEquiv></TextLine><TextEquiv><Unicode/></TextEquiv></TextRegion></Page></PcGts>