885 1333
398 36 560 60 PETRI
96 39 135 61 I32
103 78 778 114 Cum ſtrepitu raucum ciet vnda e margine murmur.
105 113 719 146 Quin ego, iam dudum poſui quas ordine fagos
104 147 744 178 Ipſe tibi, & teneras conſeui, heu, neſcius alnos,
100 181 657 209 Euertam immeritas imis radicibus omnes,
101 213 702 247 Et ſiluam aggrediar crudelibus vrere flammis.
80 247 757 282 Ah, miſer, ah, quo te mentis rapit æſtus Amynta?
104 282 831 316 Nonne vides gemitus, lachrymaſque vt ſpagis inanes?
103 316 638 348 Quin igitur potius viuà te fluminis vndâ
99 349 691 383 Abluis? & precibus manes venerare ſepultos?
99 382 672 416 Forſan & hæc olim venient ad ſacra; tuique
100 415 652 450 Vaneſcent triſtes illo poſt tempore luctus.
300 450 600 482 Varchius, Eclga I.
99 482 670 517 Ad celebres Arni ripas, & littora Daphne
102 517 753 551 Nympha erat, Hetruſcæ cultrix non vltima vallis:
102 549 748 584 Quam vetus e ſummo deſpectat Fæſula cliuo,
97 583 671 617 Et mediam induct Minio ſecat auius vndâ.
99 618 700 651 Illa quidem non apta colo tenuique Mineruæ
101 651 702 683 Iam tum, cum virgo primis floreret ab annis;
98 684 601 718 Vna ſed Aonias inter celebrare ſorores
101 718 753 751 Nata choros, totum Phœbo ſacrauerat æuum,
80 752 786 786 Et Phœbo, & blandis dulcis comes addita Nymphis.
134 786 785 819 Hæc clari ad tumulum Varchij namq; ipſius atro
99 819 743 852 Condiderant Varchij manes, atq; oſſa ſepulchro
99 852 659 882 Paſtores Varchij manes deflebat amatos;
97 885 700 919 Et triſtem Aſſyriis ſpargebat odoribus vrnam,
98 919 631 953 Ipſa ſuo fundens tales e pectore queſtus:
95 953 739 987 Heu quis tam duro ſupremam in funere vocem
97 986 751 1019 Voce ſuâ, & lachrymas lachrymis ſociabit amicas?
95 1021 713 1054 Vos liquidi fontes, vos cultæ flumina vallis,
96 1054 738 1088 Vos auræ, ventique leues, qui, dum fera paſſim
97 1086 697 1119 Sæuit hyems, gelidâ ſpirantes amnis ab vndâ
93 1119 664 1153 Editis vmbroſas inter vaga murmura ſiluas,
94 1151 712 1183 Ducite perpetuum mea carmina, ducite fletum.
95 1182 766 1221 Hoc erat, hoc, patulâ quod ab ilice garrula cornix
96 1213 765 1256 Prædixit perſæpe, meum cum Phyllis ad antrum
776 1258 873 1286 Docta,
