907 1334
313 26 552 52 ANGELII
34 73 638 108 Docta, nec hirſuti coniunx non culta Lycotæ,
36 108 602 140 Crinibus effuſis in mollia terga, venirent;
33 141 636 174 Et mihi vernanti legerent de flore corollas.
33 174 667 206 Ducite perpetuum mea carmina, ducite fletum,
26 207 751 242 Heu quis tum mentem miſeræ furor abſtulit? heu quis
31 240 622 273 Auertit ſenſus omnes mihi, cum tua, Varchi,
26 274 671 308 Inſtaret iam ſumma dies? quod numen iniquum
26 307 625 341 Offudit tenebras oculis? ne mœſta viderem,
26 341 797 375 Quaim tibi Parca vicem, quamq; aſtrum immite pararat,
25 375 641 409 Pro dolor, extremam vitæ irreparabilis horaml
22 409 654 439 Ducite perpetuum mea carmina, ducite fletum.
22 442 641 475 Nec tamen interea, ni mens mihi læua fuiſſet,
23 476 661 508 Signa dabant obitus Superi non clara futuri:
22 509 655 542 Cum cœlum aſſiduis operirent nubibus, & cum
22 543 582 575 Sole dies, aſtris nox intempeſta careret;
22 577 627 608 Et pluuiis auctus flueret Brumalibus Arnus.
18 610 670 642 Duc te perpetuum mea carmina, ducite fletum.
11 643 638 677 Ah Daphne infelix, quid tum? ſi præſcia luctus
11 675 564 710 Ipſa tui, tantos caſus multo ante videres?
20 709 654 744 Nam nec rupta ſemel ſæuæ ſubtegmina Parcæ
17 743 696 777 Inſtaurant mentes: nec quem ſtatuere ſupremum,
16 775 624 810 Præuertit finem moriens, aut protulit vllus.
19 809 607 844 Oraſſem Diuos, cumulaſſem altaria donis,
16 843 579 878 Conſumpſem totas illic ego perdita luces:
14 878 711 910 Atque oculos, iam iam medià cum morte natantes,
14 911 682 945 Et Solem, & cœlum, conuexaq; ſidera linquunt,
11 943 696 978 Ah miſera, his ſaltem manibus componere poſſem.
12 978 681 1012 Ducite perpetuum mea carmina, ducite fletum.
1 1012 636 1045 Quis nunc, quis teneros imis in vallibus agnos
2 1046 609 1079 Cantet, & excelsâ pendentes rupe capellas?
9 1077 704 1114 Quis rores,gelidaſque niues, quis frigora & æſtus,
5 1110 724 1147 FIuminaque & fontes, refluentemq; æquoris vndam,
4 1144 657 1185 Et tonitrus, & præcipiti cum grandine nimbos,
6 1177 593 1214 Et rerum cauſſas, & primi exordia mundi
4 1211 668 1254 Explicet? heroaſq; memor deſeribat Hetruſcos?
734 1249 801 1289 u
