886 1334
389 56 554 79 PETRI
87 94 805 130 Quis Thyrſim ad fagos? veteres Amaryllida ad ornos?
85 131 727 164 Ad colylos Daphnem? ad myrtos inuitet Iolam?
85 164 716 198 Ducite perpetuum mea caimina, ducite fletum.
85 196 643 230 Ipſa ſuis te, Varchi, etiam ſpoliata racemis
87 230 593 256 Vitis, & amiſsâ laurus Parnaſſia baccâ
84 264 658 297 Fleuit; & excultos hedera cingente capillos
86 297 691 330 Hinc atque hinc capiti triſtes hæſere corymbi.
85 332 725 364 Ducite perpetuum fea carmina ducite fletum
85 364 740 398 Ipſe etiam frontem manibus percuſſus honeſtam,
86 398 740 430 Lugubreſque notas, voceſque iterauit Apollo:
86 431 728 465 Inque cauis Nymphæ carmen ſcripſere comantis
88 465 591 498 Corticibus pini, atque aëriæ cypariſſi;
87 496 704 530 Eſſet vt in cinereſque tuos, & amabile nomen
86 531 559 557 terniluctus, æterni teſtis amoris.
89 564 709 597 Ducite perpetuum mea carmina ducite fletum.
89 597 688 632 Te Satyii, Paneſque, leues te, candide Varchi,
89 631 698 665 Suſpirant Dryades, atraq; in veſte Napææ.
87 664 738 698 Inque antris, ſpecubuſque, imis in vallibus Echo
88 698 769 731 Muta ſilet; quæriturq; tacens ſecum ipſa, doletque,
92 732 696 766 Quod nequeat dulces audire, ac reddere voces
88 766 695 798 Læta tuas ; numeroſq; alludere dulce canenti.
89 798 728 830 Ducite perpetuum mea carmina, ducite fletum
90 833 744 865 Nec tantum extremi delphin prope littoris oram:
92 865 719 898 Nec tantum in ſiluis ſolà philomela ſub vmbrâ
89 900 683 932 Luget, & ereptos queritur mœſtiſſima natos:
91 932 674 966 Nec quæ per ſcopulos, & ſaxa per auia ponti
89 966 754 1000 Deplorant miſeræ Halcyones Ceyca peremptum;
92 1000 651 1033 Quamtum Flora tuos obitus, diuine poëta.
90 1033 709 1066 Duciteperpetuum mea carmina, ducite fletum.
94 1066 719 1098 Quas olim numeris volucres mulcebat amatis;
94 1100 649 1132 Quas olim in ſiluis verſus cantare docebat
94 1132 687 1167 Luſcinia s; nunc illæ inter fruticeta ſedentes
94 1162 690 1200 Certatim ad luctus, lamentaq; dura loquaces
95 1195 748 1231 Hortantur picas; quæque in frondente palumbes
95 1224 663 1268 Conſuerant quercu raucas iterare querelas.
776 1267 874 1294 Ducite
