883 1332
369 30 544 54 PETRI
70 35 110 61 I36
105 75 627 109 Ac nunc perpetuâ condita nocte latent.
54 111 742 144 SSd quæ Virgilius, quæ quondam ſcripſit Homerus,
56 144 626 177 Quæve alii, Aoniis turba ſacrata choris;
67 177 749 211 Præterquam totum qud ſe effudere per orbem,
99 212 574 244 Fecere & numeris omnia plena ſuis:
66 245 773 279 Nunc quoq; poſt tantum tempus, poſt ſecula mille
99 279 608 314 Poſtq;tot Italiæ bella cruenta, vigent:
65 313 656 346 Cumq; iis Aeneas Tros, & Pellæus Achilles,
99 345 635 379 Siſyphiuſq; Ithacus docta per ora volant.
67 380 681 412 Nec minus Auguſti nomen diuina celebrat
95 413 603 447 Fama, atque inſigni cum pietate colit:
61 447 683 480 Tu quoque, mirandis cuius virtutibus aſtra
96 480 580 513 Ne meritas laudes deterat vlla dies
59 513 674 546 Iam vatem peperere; faue Dux optime vati,
93 547 612 572 Cuius carminibus iam rediuiuus honos
56 580 679 615 Heroum ſurgat, proprio qui ſanguine quondam
33 615 555 648 Soluerunt patrios obſidione lares,
56 648 645 681 Innumeraſq; animas letho fudere per agros,
58 681 659 716 Quos rigat & Minio Tuſcus, & Arnus aquis.
54 714 701 751 Vlturus Cimbros tunc cum Radagaſus, auoſque,
88 748 637 782 Duxerat e Scythiâ millia multa virum.
53 782 565 814 Iamq; adeo fœdis Italas aftecerat vrbes
89 814 601 849 Cladibus, atque ipſi mœnia multa ſolo
51 849 641 883 quarat . Diuumq; euerterat aurea templa,
86 882 535 915 Inq; dies cædes accumulare nouas
51 914 657 948 Ibat: nec pueris, ſenibuſq; trementibus æuo,
83 950 608 981 Nec nuribus parcens, virginibuſque piis.
49 982 681 1017 Quam tu tum faciem rerum Dux magne fuiſſe;
84 1016 584 1049 Italiam gemitus quosve dediſſe putas?
47 1049 652 1083 Italiam regum ſedem, heroumq; parentem,
79 1081 541 1115 Aſſuetamq; orbis totius eſſe caput.
46 1114 603 1150 Ille, velut cœlo demiſſum fulmen ab alto,
81 1148 621 1183 Quod cinctum nimbis, turbinibuſq; ruit,
46 1179 535 1211 Et veteres imis radicibus eruit ornos,
79 1211 593 1257 Inuoluitq; atris ignibus omne nemus;
764 1254 835 1292 V
