891 1335
281 39 527 64 ANGELII.
791 46 834 71 I
61 78 648 115 Quà quà ibat fuſurus opes, vireſq; Quiritum,
95 115 627 148 Conſuerat ferro late aperire viam.
62 149 575 182 Omnia lugebant ſubita proſtrata ruina;
92 183 653 214 Inque animis hominum nil niſi terror erat.
59 213 663 255 Ipſaque, quæ ſummis in montibus oppida ſeſe
94 250 613 284 Munierant armis, præſidioque loci,
58 281 617 318 Aduentanti hoſti ſubit recluſa patebant,
95 316 629 351 Ne luerent paruæ ſupplicium inde moræ.
46 347 693 392 Tu ſola haud amplis etiam tum mœnibus aucta;
88 385 586 412 Amnis & haud medio diſſociata vado,
52 417 656 453 Barbariem portis excludere es auſa furentem,
83 451 706 486 Primaq; Teutonicas ſpernere, Flora, minas.
44 483 551 518 Illa vias, adituſq; omnes inſederat; illa
82 519 641 554 Implerat, quantum vallis vtrinque patet.
51 552 720 585 Nec collis, deſpectat agros vnde alta virentes
79 584 575 615 Fæſula, non multo milite tectus erat.
47 615 723 652 Omnia complerant acies iuga montium, & omnla
80 652 578 687 re renidebant, eſſet vbi orta dies.
44 685 816 720 Timpanaque, horribileſque tubæ, ſtrepituſq; frementum
76 719 554 745 Excibant fortes ad fera bella duces.
41 753 656 786 Inter quos geſtans primos Radagaſus honores
75 785 600 820 Cimbrorum ex alto ſanguine natus, ait:
40 820 702 852 Ergo ne tot menſes vrbem oppugnabimus vnam?
72 854 588 887 Nec dabitur manibus diripienda meis?
36 886 622 921 Et cui non auſa eſt lectas opponere vires
71 921 580 955 Intranti Italiam Roma ſuperba ſuas,
34 952 556 986 Se longas feciſſe moras Florentia dicet?
68 987 647 1020 Imprimet & tantum dedecus iſta Getis?
34 1017 584 1051 Ite igitur ſocij, certatim inuadite muros,
50 1050 555 1086 Volque illuc per vim deſiluiſſe iuuet.
35 1081 680 1121 Viuida non amat ex æquo concurrere virtus,
74 1116 660 1147 Nec tales animos Viſtula, & Iſter alunt,
36 1147 592 1187 Sic dicens pariter ſe ſuſcitat acer in armis,
75 1183 635 1221 Cunctamq; ad muros cogit adire manum.
28 1213 699 1255 Illa volat: circumque omnes cinxere coronâ,
737 1258 822 1291 Seque
473 1257 622 1287 I
