889 1326
296 37 545 62 ETRI
94 78 651 121 Seque alius alium calce terente premunt
61 115 616 149 Miſſilia extemplo iaciuntur tela, faceſque;
94 150 594 188 Et glans in morem grandinis acta ruit.
63 179 721 222 Saxa pluunt, lapideſq; graues, queis icta fatiſcunt
95 215 710 252 Mœnia; queis domuum tecta, trabeſq; labant.
62 250 645 288 Completur iaculis cœlum, leuibuſq; ſagittis,
99 285 567 317 Et multo ſcalas milite turba grauat.
67 312 744 357 Quarum aliæ ſubſtant ſtabiles, & ſumma capeſſunt;
102 351 572 390 Fractæ aliæ rurſus deiiciuntur humi.
64 383 693 423 Dumq; adeo coeunt vnà virtuſque, pudorque;
100 418 634 455 Et ſæuas properant quiſque ſubire vices
67 451 616 490 Hi ſe vt defendant, illipotiantur vt vrbe,
102 485 589 523 Ingentes foſſas corpora cæſa replent.
68 518 705 558 Atque ipſi in muris vix iam conſiſtere ciues,
104 551 623 588 Vix iam præſidioturribus eſſe queunt.
69 582 703 621 Adcurrunt matreſque ſimul, teneræque puellæ,
105 618 739 657 Atque ope pugnantes, quâ pote quæque, iuuant.
70 651 665 690 Hæc liquidas feſtina pices, hæc tela, faceſque
106 686 644 720 Hæc multo calidas igne miniſtrat aquas.
76 718 665 757 Eſt & quæ vino vires reuocatque, fonetque,
108 752 584 789 Et tempeſtiuos ſuggerit vſque cibos.
73 783 720 826 Ipſe tamen ſemper magis ac magis integer hoſtis
112 819 633 857 Ingruit, & iam iam mœnia victor habet.
77 852 686 891 Tum vero acceptus cœlo, & gratiſſimus vnus
111 885 686 923 ternoque hominum, Cælicolumq; patri,
78 920 618 957 Lenobius, qui poſt heroibus additus aſtra
117 952 619 992 Adcolit, & precibus rite vocatus adeſt;
80 984 713 1024 Suſpiciens ſtellas ſupplex, & ad æthera tendens
112 1022 588 1056 Brachia, ſollicito fudit ab ore preces:
84 1051 658 1091 O, qui ſæpe alias, Diuûm Rex magne tuliſti
123 1088 589 1117 Afflictis rebus commiſeratus opem,
86 1121 608 1153 Si te cura ſubit noſtræ nunc vlla ſalutis,
118 1154 596 1188 Ararum tua ſi pectora tangit honos;
84 1182 691 1221 Adſpice quàm magnis hoſtis tuus irruat auſis,
84 1218 707 1254 Quâm ferus in populum ſæuiat ille pium.
813 1250 870 1273 v
