907 1342
305 59 549 88 ANGELII.
75 102 687 136 Nec proſunt turres, nec propugnacula nobis;
112 136 722 168 Nec pinnæ auxilium, nec tabulata ferunt.
58 169 601 203 Ipſaq; deficiunt animi fortiſſima corda;
112 203 636 234 Et noſtro tellus ſanguine tincta madet.
62 232 796 271 Adſpice ſumme pater: nec, ſi qua admiſimus, vſquam
113 269 555 302 Auertant oculos impia facta tuos.
79 303 705 336 Et ſimul immanes depelle à mœnibus hoſtes;
105 336 639 369 Depelle a templis tela, auidaſque faces.
76 370 659 403 Hæc mecum pueri inſontes, caſtæq; puellæ,
79 404 577 437 Et timidæ matres, inualidiq; ſenes;
71 437 718 470 Hæc eadem, ſacrum quarum caput infula cingit
108 471 655 503 Orant, & lachrymis ora ſinuſque rigant.
70 504 607 538 Annua ſic hæc lux reparatæ feſta ſalutis
105 538 597 572 Lternum ante aras luceat alma tibi.
72 571 699 605 Teſteturque iſto ſurgens de nomine templum,
107 604 736 638 Templum ingens, multâ & relligione ſacrum
73 638 694 677 Te iam captam vrbecertæ eripuiſſe ruin,
107 671 562 697 Ciuibus & muros rituiſſe ſuos.
73 705 596 739 Hæc ille. Et refici vires in prælia pubes
108 738 681 770 Senſit, & eſt membris additus inde vigor.
74 771 776 805 Ergo alacris iuuenum manus emicat, & petit vltr
105 805 594 838 Arma pharetratis obuia ferre Getis;
73 838 678 873 Spondet & egregia virtute innixa futurum,
106 872 710 906 Ipſa vt barbaricum fundat , agatq; globum,
75 905 739 939 Si ſubito hine, atque hinc portis egreſſa recluſis
106 940 579 971 Hoſtis in auerſi terga repente ruat.
71 972 617 1006 Id vero, patrum vix concedente ſenatu
107 1003 739 1038 Impetrat. atqui erat iis hæc reliqua vna ſalus..
77 1039 653 1073 Protinus illa igitur portis erumpit apertis,
113 1072 713 1105 Et multo madidam ſanguine tingit humum.
79 1104 677 1130 Territus a muris confeſtim auertitur hoſtis:
117 1137 669 1171 Nec Dux ipſe poteſt iam cohibere fugam.
80 1171 677 1204 State viri: mihi capta luet Florentia pœnas;
118 1203 699 1236 Et iam iam labem templa, domuſq; dabunt:
75 1235 725 1276 Efficite. xemplo reliquis ſit vt vrbibus vna hæc,
790 1269 870 1294 Et tu-
