888 1332
337 20 529 50 PETRI
83 68 553 102 Et tutum vobis hinc patefiat iter.
50 102 677 136 Hic vos, hic, inquam victricia ſigna Getarum
73 137 492 170 In Capitolini ſiſtitis arce Iouis.
44 165 588 204 Sic ſocios Radagaſe tuos hortaris. at illos
79 203 584 238 Vrget anhelantes, verſaque terga ferit
35 233 676 270 Tuſca phalanx; cuius princeps inſignibus armis
80 272 600 304 Agmen agens Medix ibat, & altus equo:
42 304 634 339 Imperij Medix ductum cognomen ab Oſcis,
76 339 591 371 Cognomen, quod non deleat vlla dies:
42 370 597 405 Ibat, & in turmas animis tendebat auitis,
77 405 652 438 Inque ore, inque oculis ignis, & ardor erat.
39 438 658 470 Fulgebant longe in mediâ mala aurea parmâ;
74 470 694 506 Quæ quondam Heſperidum mala fuiſſe ferunt;
39 505 649 538 Tempore quo Mauros inter fortiſſimus omnes
72 539 592 572 Imperium Libycus forte regebat Atlas.
37 571 587 600 la ſuâ aſſiduë ſeruabat in arbore toruus,
70 605 631 640 Atque ardens oculis, tergoribuſque draco.
36 640 695 673 Non noctu, non luce vmquam feramina ſomno
68 673 583 707 Claudere, non alio flectere ſuetus iter:
36 707 564 740 Sed ramis hærere vigil, cuſtoſq; tueri
72 739 708 773 Aurum: atque hoſpitibus maximus eſſe metus.
33 774 612 808 Horrendum, trifidis lambebat ſibila linguis
66 807 559 841 Ora; etiam ſi quem viderat ire procul.
31 841 640 875 At bonus Alcides nec longa volumina caudæ,
70 875 571 908 Nec timuit multis terga cruenta notis:
34 908 671 942 Sed clauâ aggreſſus vigilantem, ac torua tuentem
50 942 605 975 Perculit, haud dubio Marte, deditq; neci:
31 976 679 1015 Malaq; decerpens Tyrrhenum auexit ad Arnum,
68 1009 598 1043 Fæſula cum à tanto eſt ædificata Duce
29 1041 598 1068 Fæſula, cui nullo moriturum nomen in æuo
67 1075 522 1110 Indidit Atlantis filia pulchra ſenis:
30 1106 709 1143 Quam nempe & captam cum iam victoris amore
66 1138 550 1169 Diſceſſuram a ſe cerneret altus Atlas,
30 1168 641 1207 felix mea nata inquit comes Herculis, & te
64 1202 583 1244 In Tuſcis tanto ſub Duce ſiſte iugis:
725 1249 811 1277 Mala-
