902 1342
370 31 639 78 ANGELII.
792 45 860 70 I41
82 78 794 118 Malaque, quæ noſtris coniux tuus abſtulit hortis,
119 118 641 150 Seque relaturum forſitan eſſe putat
84 152 674 185 Argolicum ad regem, ſoli tibi nata relinquet:
120 185 657 219 Et dicet magni hæc pignora amoris habe.
84 218 680 257 Qu; mox & nati, & natorum a ſtirpe nepotes
79 253 626 286 Seruent, & gentis ſint decora alta meæ.
84 286 735 322 Hæc ille: & Tuſcos cum primùm venit ad agros,
118 321 565 346 Vxori Alcides aurea mala dedit.
81 353 706 388 Ac mox diſcedens, ferat hecmea Fæſula dixit.
74 388 666 421 Quicumque è noſtro ſanguine natus erit.
76 421 687 454 Illa igitur ſcuto Medicen impreſſa gerentem
115 455 596 489 Vt procul aſpexit dux Radagaſus, ait:
76 488 832 523 Hic, inquam, hic Scythicos qui nunc fulgente maniplos
65 522 666 556 re fugat, noſtro cæſus ab enſe cadat.
75 557 643 591 Et, quæ nunc auro fert illita mala micante,
109 590 655 616 Iam nunc dedomini tincta cruore ferat.
78 618 743 659 Sic fatus, iuuenem aggreditur:petit ille petentem,
108 657 757 693 Armaque, & audaces miſcet vterque manus.
78 690 748 725 Cumque adeo multis confoſſi pectora plagis
111 724 658 758 Sanguine ſparſiſſent arma ſuos que ſinus:
77 757 692 788 Concidit in medio certamine barbarus hoſtis,
108 790 695 825 Et viridem moriens ore momordit humum.
72 825 691 859 At Medix exemplum vrbi, gentique, domoque
108 858 661 892 Ipſe ſuæ, & ſpecimen grande futurus abit.
74 892 738 925 Quæque auri multo ſplendebant mala colore,
107 926 617 959 Rettulit ad ciues ſanguinolenta ſuos.
72 958 694 991 Ac nunc vt facti ſemper monimenta ſuperſint,
111 992 720 1026 Scutum auro fulget, ſanguine mala rubent.
79 1023 762 1059 Quæ quantum noſtro ſplendeſcere carmine poſſint,
116 1061 733 1093 O Dux magnorum maximè COsME Ducum,
81 1093 856 1130 Quant antiqua queat Medicum domus, inclyta quantum
114 1126 628 1157 Intumeris virtus ſe tua tollere auis,
80 1158 675 1193 Conacis ni dura meos fregiſſet egeſtas,
116 1191 576 1219 Iam fret in toto notius orbe nhil.
73 1225 758 1262 Et tamen hac in re cunctas impeudimus horas,
779 1260 858 1298 Et ta-
