889 1334
333 16 547 40 PETRI
98 59 659 93 Quas licet:& carmen pangimus omne tibi.
61 93 713 128 Forſan & hoc inter tua tot decora inclyta paruuma
98 128 567 159 Non erit in longâ poſteritate decus.
262 162 547 194 In obitum Sicinii Pepuli.
65 194 587 226 Si pia, quæ debent, ſoluerunt iuſta poëtæ
96 229 562 261 Fundentes vdis ex oculis lachrymas
59 261 685 295 Sicinio, Pepulorum alto quem ſanguine cretum
87 295 603 328 Ante ſuu rapuit mors violenta diem;
66 327 732 362 Cur ego quantum in me eſt, illuſtri carmine funus
97 362 689 395 Non celebrem, & mutos ad tumulum cineres
62 394 721 430 Voce vocem magna, dicamque nouiſſima verba,
92 428 563 463 I, licet, o, valc, o, iam mihi culte vale?
58 460 677 495 Culte vale, o puer, & iuuenis fortiſſime, nec me
96 495 597 528 Oderis, extemus quod tua fact a cano.
63 528 685 562 Illa ego ſæpe meis volui contexere chartis.
98 563 562 596 Et longam de te conficere iliadem:
60 597 666 629 Sed me tentantem deterruit & pudor, & mens
97 629 662 663 Conſcia, quæ tantum ſuſcipere auſa onoris.
60 663 618 696 Numquam eſſet certe, ni Claricinius vnus
71 696 653 730 Vnus amicorum eſt qui mihi præcipuè
61 729 612 761 Obſeruandus, & æterna pietate colendus
98 763 599 797 Hoc noſtrum carmen iure ſuo eliceret.
66 797 627 830 Et vero quisnam propriis ita viribus audax
99 831 675 864 Fiderer, aut tantum hoc adgrederetur opus?
64 863 682 898 Ipſe etenim proauis, atauisque à regibus ortus.
100 898 591 931 Quorum olim iuſto paruit imperio,
65 931 622 966 Quæ ſeſe latis ſpatioſa Bononia campis
98 964 630 998 Explicat, vrbs magna nobilitate potens,
65 997 683 1032 Atque vſu bellorum acris, ſtudiisque Mineruæ,
101 1031 590 1066 Et multum fœcundi vbere diues agri,
67 1065 680 1099 Vrbs, in quâ illuſtri primorum ſanguine natus,
85 1097 605 1129 Et veterum multis clarus imaginibus,
69 1130 645 1164 Fulſit muneribus fortunæ ornatus, itemque
104 1162 573 1195 Floruit innumeris ipſe bonis animi.
69 1193 685 1230 Et primum quaſcumque arteis docuere priores
772 1234 856 1266 Inge-
