900 1337
339 18 580 43 ANGELII.
799 27 844 50 at
97 60 542 96 Ingemuas, toto pectore ſic coluit,
65 94 666 123 t ſiue is carmen faceret, ſiue ore rotunde
104 128 533 162 Dictaret certo verba ſolutapede,
64 163 712 195 Callimacho, & magnopropius certaret Homero:
106 195 615 221 Nec flueret culto iam Cicerone minor.
65 230 668 263 .O quoties illum, teneros dum cantat amores,
100 263 644 296 Horrida dum forteis cogit in arma viros,
69 296 662 329 Dum ſociis alios, aliosq; in pectore motus
103 330 660 363 Excitat, atque animos arbiter vnus habet.
60 363 614 398 Et iuuenes blandi. & faciles arſere puellæ.
84 398 570 431 Et valdè audaces obſtupuere duces:
59 431 699 465 Nec minus admirata ſenum turba ore pependit,
95 465 610 492 Et dubitauit trum doctior, an melior
55 498 608 532 Eſſet, & innumeris animi virtutibus ipſas
96 532 552 566 quaret doteis corpotis egregias.
59 565 756 598 Et formæ immortale decus, atque oris honores,
53 598 611 634 Et, quale in tenero pectore robur aliis
58 632 773 660 Non habuit Nam ſeu iaculum libraret ab aure.
99 666 694 700 Seu gladium in ſæuos ſtringeret auſus apros,
60 699 639 734 Haud vllæ fugere feræ, ſed motte peremptæ
98 733 622 767 Effudere animas pectore quæque ſuas.
57 768 708 803 Quin, vbi ceſſit equo lentas moderatorhabena.
98 801 651 833 Seu curſum Lephyris flantibus antetulit,
59 834 652 863 Non dorcas, non ceruus abit ſecurus, amicas
98 868 566 902 Vt ſeſe pernix abderet in latebras:
59 901 663 935 Sed ſenſit celerem veſtigia pone ſequentem,
96 935 657 969 Comprenſusque, fuga conſtitit in mediâ.
58 969 658 1001 Ac velut Aeacides magni Chironis alumnus
99 1002 577 1035 Non ſolum doctus fila mouere lyræ
66 1035 624 1067 Suauiter, & verſu laudes celebrare puellæ,
104 1068 687 1096 Verum eriam ſæuas ſternere cæde feras,
66 1101 738 1135 Et celerem in ſyluis iaculo transfigere tigrim,
105 1134 584 1168 Et curſu rapidos æquiparare Notos.
66 1170 615 1202 Terruit inuictas audax in prœlia genteis,
100 1202 634 1244 Et anthi multo ſanguine tinxit aqu,
783 1240 853 1269 Tro-
