889 1335
355 16 522 41 ETRI
68 58 636 94 Troique infandâ permiſcens omnia cæde
102 95 565 128 Extremum virtute attulit exitium:
67 128 675 160 Sic illum indutum galeâ, & preſtantibus armis
102 162 679 194 Nec dum etiam teneras inficere vlla genas
66 194 727 228 Cœperat, & nuſquam lanugo induxerat vmbram
100 229 581 262 Cæruleâ timuit frigidus Albis aquâ;
65 260 712 296 Germanas cum forte arceis, atque oppida Cæſar
99 296 521 329 Parere ipſe ſuo cogeret imperio:
65 328 755 364 Heu, quas tunc hyemes. heu, quæ tum frigora paſſus,
102 364 657 398 Quam ſepe obſcenam pertulit ille famem
67 397 624 433 Quam ſæpe ingenteis mira virtute labores
91 431 563 464 Suſcepit, nocteis egit & vſque vigil
68 463 626 496 Interdum plantas glacies hiberna ſccabat,
97 498 608 532 Plurimus & ſubter pellibus imber erat.
71 532 634 565 Omnia torpebant gelid concreta pruinâ,
104 566 597 599 Pendebatque altis ſtiria ab aboribus:
65 599 651 633 Ipſe alacer tamen aſſidue ſua munia obibat,
100 633 609 668 Hoſtibus & duris maximus horror erat
65 660 724 700 Dumque neces inter, durique incommoda Martis
100 701 606 734 Committit validâ prælia torua manu,
65 735 617 769 Arctoas vrit flammis, atque igne puellas,
100 773 674 802 Et teneras magno torquet amore nurus.
68 802 759 836 Quantum autem, ſeu ſint nuptæ, ſeu tempore in vllo
101 836 595 870 Nullius norint tempora coniugii,
66 868 752 903 Depereant preclarum armis, pulchrumque iuuentâà;
102 903 674 936 Et Scylla infelix, & Sthenobœa docent.
66 937 635 965 Altera nam certi violato fœdere lecti,
102 970 625 1005 Quam Venus in cura ſupplice corruerat,
69 1003 742 1037 Non iuuenis exitium inſonti, labemque perennem
103 1037 595 1071 Intulit?& ſanctum polluit hoſpitium?
69 1069 726 1105 Cùmque decus, diuûmque illi peperiſſet honores,
104 1105 597 1137 Et ſciret delapſum æthere precipitem;
69 1135 666 1171 Ipſa ſibi fauces laqueo precluſit, amoremque,
104 1171 662 1205 Atque omne vna odium depulit ex animo.
71 1199 610 1239 At virgo infeli, rarâ virgoinclyta formâ.
759 1240 857 1277 Qum
