900 1340
305 23 593 49 ANGELII.
93 65 598 101 Quàm ſubitos ignes oſſibus implicuit?
52 101 689 140 Tempore quo Minos magni Iouis inclita proles
86 134 618 163 ltot atrox vrbem ſedit ad Aleathoën,
52 167 637 201 Androgeonæ pœnam necis inde repoſcens,
90 201 577 233 Et longâ miſeros obſidione premens.
56 236 645 270 Namq; ea tum cari vaſtantem regna parentis
94 268 612 302 Vidit, &, heu flagrans hoſtis amore ſui,
54 301 705 337 Non hominum morem, non ius, non impia legem
87 336 626 369 Nature, non & Cœlicolum verita eſt
48 369 622 401 Numina, qu ſuperâ nos e regione tuentur,
79 402 561 436 Et merito fonteis ſupplicio afſiciunt:
44 436 633 469 Puipureum quin illa patris de ertice crinem
76 469 658 502 Velleret, & totum proderet imperium
40 503 590 538 Minoi: quem tum faciebat bellica virtus
72 535 645 570 Inſignem, atque annis grata iuuenta ſuis,
37 570 662 604 Autnihil, aut palo cui tum concedere dignum
74 603 626 637 Sicinium, Germanæ adpetiere nurus.
38 636 659 672 Atque aliqua ex illis animum iam ſaucia dixit;
72 669 595 704 O certe ex alto ſanguine nate puer;
38 701 640 737 Quis nunc infeſtum noſtras te duxit ad oras,
70 737 590 769 Vt nobis ferres omnibus exitium?
34 770 746 810 Namque viros bello ingenti, & præſtantibus auſs,
66 803 578 836 Et nos aſpectu abſumis, inique, tuo.
31 834 662 870 Nec tamen optarim ſæuo te occumbere letho,
62 871 647 906 Vel formoſa nouo membra rigere gelu.
27 902 564 936 Ipſa ego te potius patriâ regione relicta,
62 932 678 977 Quocumque abſeedes, conſequar incolumem:
26 971 599 1003 Et tibi iucundo famulabor ſerua labore,
63 1004 529 1037 Indignam ſi me forſitan eſſe putes,
27 1102 665 1139 Hæc illa. at iuuenis, ſtimlis quem gloria agebat
61 1134 583 1170 Acribus, haud vllas audiit aure preces,
1 1167 591 1206 Sed bello confecto omni ſe ſerus ad ædeis
54 1201 501 1244 Ornatum claris rettulit exuuiis;
729 1238 810 1282 ua
