903 1337
371 19 584 62 PETRI
96 72 794 108 Qaſque adeo prædas ex hoſtibu gerat omneis
127 107 544 135 Partitus, nidos deditin ſocios:
95 140 643 176 Quos nte clectos ſecum deduxerat vibe,
126 174 667 209 t ſib l pioſs, quam decus egregium.
91 207 703 241 Et, qua queſierat, laudeni ſeruauit, in armis
125 240 636 275 Et famam, æterna in ſecula quæ vigeat.
90 275 671 308 Excepee viri iedcuntem, nilaieſque puellæ
126 309 608 342 Spa: ſeuut violis, purpueisque roſis:
89 342 670 375 Et tacitæ: Ofc icem illam, quæ prima cubile
123 376 604 409 Adſcendet coniux ſola futura, tuum.
90 409 722 442 Brgo ilium frm inſignem, & virtute decorum
124 442 685 474 Opt bat gec um iam ſibi quiſque ſuum
89 475 727 508 Atque incredibili iam quæque ardebat amore,
73 508 644 541 Et facie vi go, & moribus ingenuis,
90 536 730 575 Cum Mars ad cædes, & ad horrida bella vocauit
121 574 673 602 Rutſus, & Auſonios ciit ad arma viros:
86 607 705 642 Arma, quibus latos tepefecit ſanguine campos,
106 642 665 674 Funditus & miſeram perdidit Italiam:
86 674 705 709 Mars & Muſarum, atque otii teterrimus hoſtis,
122 709 576 741 Solus & humani dira lues generis:
84 740 799 775 Mars horum, quæ nunc patimur, cauſſa vna malorum.
118 776 613 808 Atque auctor noſtri maximus excidi:
85 808 712 842 Qui nempe & miſcens incendia plurima bello
92 842 631 876 Impius Europam territat, atque Aſiam
84 875 728 909 Nicia tunc. hiumilisque vnda frigente Gabellus.
118 909 692 943 Quæque vtiinque ſuo margine preſſa luit
83 942 743 976 Scultenna, innumeros ſpectauit ſtragis aceruos,
116 977 629 1009 Et multo intepuit aucta cruore vitûm,,
82 1009 624 1042 Sicinii vutus quos, & bona detera bllo,
118 1042 648 1076 Obtruncans, campos miſt ad Elyſios.
81 1075 668 1109 Prærupto vcluti demiſſum e veitice ſlumen,
87 1107 694 1143 Quod moles, quod non ſiſtee ſaxa qucunt,
81 1140 617 1175 æcipiti fertur lapſu, victorque per agros
117 1173 669 1209 Voluit agens quercus, & ſlabula alta ruit;
74 1202 635 1248 Atue ipla ingenti percilit mænia fluctu,
736 1245 890 1274 Et u-
