896 1317
323 15 636 40 ANGEEIIE
107 54 689 92 Et nullum eſt, quod non turbet iter populi.
75 92 731 125 Poſt vbi depreſſum veterem ſubſedit in alueum.
111 125 554 159 Viſuntur turpi ſemiſepulta luto
73 159 702 191 Iumenta, & fœdæ pendemt ſine hoorerunæ,;
111 193 640 228 Et virgulta humili ſtrata iacent capite;
73 225 660 259 Euulſæque iacent paſſim ab radcibus orni,
110 259 674 293 Et quæcumque arbos obruta vorticibus
73 293 665 327 Deiecit ramos, omnernque amiſit honorem,
56 327 804 364 Poſt neque verno vmquam Sole, neque imbre ire.
71 359 763 394 Cumque acreis audendo hoſteis perſæpe fugaret.
104 394 600 426 Diſceret & iam iamvincere confilio,
65 427 641 460 Atque dblos belli varios eludere, & arteis,
99 460 623 493 Et magno cunctis eſſe metu inciperet;
61 493 649 528 Ecce Patris magni iuiſu concedit in vrbem,
99 527 631 561 Vt procul Hi ſpanos Parthenope eiiciat.
65 559 570 594 Talia ſed venti diſcerput irrita vota,
101 595 700 628 Sollicitæque mouent Numina nulla preces,
67 628 680 662 Quæ latè imperium, vireiſque tuentur Iberas
98 661 655 695 Atque omni Gallos Auſoniâ prohibent.
64 694 791 729 Nam te florentemque annis, opibusque potentem;,
96 728 639 761 Abſtuli ante tuum mors inimica diem:
60 759 740 795 Abſtulit, heu, primæ primo lrb flore iuuentæ,
97 794 646 828 Et tecum patriæ ſpemque, decusque tuæ
63 828 744 862 Quodbelli auſpicium tam dirum, & triſte, ſecutu
95 862 558 896 Exits, euertit pror ſus opes Latii.
64 896 570 928 Ex illo quia res retro cœperereferri,.
94 929 607 962 Atque adeo in peius præcipites ruere.
59 961 690 996 At tibi pro virtute puer, profortibus auſis
99 994 875 1028 Quandoquidem hæc non ſunt carmina noſtra ſaris
63 1028 692 1062 Deuoueant, docti ſcribunt quæcumque poëtæ,
105 1061 577 1094 Nulliusque tuâ pagina laude vaeer.
83 1095 854 1127 A Philippum Huraltum Chiuernium, Franiæ Procancellariu;,
289 1129 641 1162 in obum hritpori Thuani.
63 1158 725 1196 Si quiſquam eſt, Huraite, tuos quiſiſtere fletus
105 1194 615 1235 Te velit, & lachrimis oie rigare vet,
523 1231 690 1269 2
