897 1331
332 11 569 40 ETRI
86 14 130 41 148
86 54 819 89 Qud magnum abſtulerit mors importuna Thuanum,
121 89 626 118 Et nimium ciues læſerit auſa tuos;
85 122 647 156 Scilicet huic fuerint rigido præcordia ſaxo,
118 155 578 189 Pectoraque infeſtis aſperiora rubis.
74 188 784 231 Ipſe ego, quem Tuſcis naſcentem in collibus olim
117 223 582 256 Vidit, & affuſis abluit ſar aquis.
81 257 623 291 Iacturam luxi tam lecti herois, humique.
58 290 572 323 Depoſui Latiæ plectra ſonora lyræ:
71 323 744 358 Plectra, quibus laudesque tuas, tua facta canebam
116 358 585 391 Gallia, quæ Solymos eripuere iugo;
70 390 663 424 Inque Paleſtinâ tantum ftatuere trophæum,
116 425 733 458 Quantum nulla patrum commemorare valent
68 456 609 488 Secula:cum victus terrarum paruit orbis
110 491 645 526 Legibus, atque armis Martia Roma tuis.
67 524 554 552 Parcite felices animæ:felicibus aſtris
108 558 596 592 Progeniti heroes, gens adamata Deo:
66 589 774 623 Parcite, dum veſtro rediuiuum èe ſanguine alumnum,
107 624 618 658 Virtutum exemplar nobile flere iuuat.
73 658 686 695 Quo nemo antiquæ propior contendere laudi
108 691 664 724 Dictus, & ad verum preſſius ire decus.
63 724 682 759 Ille quidem veterum non inficiandus auorum
107 758 587 791 Sanguis, & ætatis gloria, floſque ſuæ,
70 793 712 828 Clarorum illuſtri prognatus origine patrum,
106 826 737 861 Quorum vrbem placidis Sequana lambit aquis,
60 860 764 894 Axona cui, Ligeritque, & Matrona, cuique Garumna
92 893 622 926 Submiſere vno hoc nomine ſæpe genu:
69 927 673 960 Gratati tantum decoris tibi, Sequana, tantum
102 961 528 993 Cælicolas vni contribuiſſe boni.
67 992 801 1026 Nec tamen, haud ſuetus cauſsâ hac ſibi ſumere faſtum,
102 1028 571 1063 Se reliquis renuit ciuibus ire parem.
47 1062 642 1094 Sed potius, cum ſe claris genitoribus ortum
100 1096 619 1128 Sciret, & a magnis ducere nomen auis,
58 1128 713 1162 Et genere hoc etiam præſtantem laudis, honores
100 1159 568 1194 Ad ſummos facili tendere poſle viâ,
56 1190 738 1228 erum illud decus eſſe ratus, quod ſtrenuus atmis,
802 1234 872 1261 VeI
