898 1337
295 30 603 67 ANGELII.
773 33 831 61 4
36 76 615 121 vel placidus potuit quiſque parare tog;
34 116 497 150 Maluit inniti ſolâ virtute. bonique
73 147 615 190 Quæ fecere patres, credidit eſſe patrumt
34 181 612 223 Inclita quo ſeris expoſta nepotibus olim
72 216 521 248 Excirent natos ad benefacta ſuos.
16 248 655 294 Ergo ille ingenuas vt primum adcingier artes.
40 284 593 323 Atque Heliconiadas cœpit adire Deas,
37 316 664 352 Ante omnes Phœbo gratiſſimus, ilicet vnus
73 348 582 389 Pangebat grandi carmina culta ſono:
36 383 568 426 Qualia Tyrtæus fertur ceciniſſe, ſuosque
74 417 546 451 In bellum Oebalios exacuiſſe viros:
34 451 716 485 Cum maribus numeris hoſtem fudere Lacones
68 486 575 523 Accenſi, & victis impoſuere iugum.
35 522 636 551 Certe illum inſuetâ miratus voce canentem
71 553 641 592 Sequana cæruleum ſuſtulit amne caput;
34 586 606 625 Et ſecum;o, quantos excit virtutis amores;
70 618 545 658 O animos quanta laude peruritl ait.
35 648 593 694 Ipſe autem excedens pueris puerilia long
70 685 560 719 Abiicit, & certis verba ligata modis:
17 718 608 760 Et ſtudiis natus iam tum vigilare ſeueris,
68 751 652 794 Maxima que rerum pondera ferre docent:
35 787 554 824 Edidicit ſolers leges, & iura Quiritum,
69 817 604 860 Et patriâ ſanctum quicquid in vrbe fuit.
35 852 619 887 At nihl eſt vllis terrarum in finibus actum,
24 885 597 921 Cum bello, aut tuta pace tenentur agri,
38 913 775 962 Quod non ille animo memori mandarit habendum,
70 954 582 986 Vnde ſuis ferret, cum foret vſus, opem.
39 986 676 1025 Nemo igitur tantis inſtructior artibus vmquam
78 1019 640 1059 Tractatum cauſſas fertur adiſſe forum;
43 1054 590 1090 Nec patrociniis æquè iuuiſſe clientes,
78 1089 501 1124 Aut pœnæ plures eripuiſſe reos.
44 1117 562 1151 Scilicet oranti Cicerone diſertius ipſo,
79 1155 652 1190 Nil, quod non iudex crederet æquus, erat.
42 1183 670 1223 Illi ingens grauitas, illi probitasque, pudorque,
78 1217 685 1257 Et vitæ integritat, duxque, comesque piæ:
731 1248 828 1277 Atque
467 1250 639 1277 3
