888 1335
318 35 514 60 RI
46 77 678 113 Atque ideo cunctis perfunctus honoribus, vnus
84 112 609 147 Conſeſſu princeps præfuit inde patium.
46 145 646 179 Ingentique illum moderatus laude ſenatum
90 179 605 213 Quo nil terrarum ſanctius orbis habet,
47 214 619 246 Rexit bis denos incorruptiſſimus annos;
75 247 575 280 Atque indefeſſus nobile munus obit.
45 280 596 308 Conſilio in dando ſententialibera; & vna
66 314 556 347 Seruandiciues maxima cura ſuos:
46 345 724 381 Ante oculos conſtans regni ſplendorq;, decusque,
87 381 595 413 Et ſumma in Regem cum pietate fides:
46 414 695 446 Pacis mirus amor: mens rerum inimica nouarum
81 447 619 480 Semper; & haud vſquam deſidioſa quies
44 479 644 514 Ceu poſtquam vtilibus ſitientia prata rigauit
59 513 663 547 Imbribus, atqe agris præbuit amnis, aquas;
49 547 761 581 Labitur, & curſum nuſquam remoratus, & vndam,
89 581 553 606 Solibus aſſidue fert alimenta nouis.
47 614 678 648 Immenſum Oceani dum ſe prouoluit in æquor;
80 648 703 682 Quque poteſt, pelagus commodus auctat ope.
48 681 709 716 Hic quoque talis erat,confecta negotia poſtquam
86 715 645 749 Viderat, atque aliquid temporis eſſe ſuper.
44 748 672 782 Namque ſuis illud priuatim impendereamicis,
87 782 570 814 Siue his in ſtudiis ponere ſuetus erat,
49 816 672 849 Quæ curis animum aſſiduis releuare grauatum
86 850 537 884 Et ciues aliqua parte iuuare ſolent.
50 881 707 915 Ergo etiam acceptos Muſis iuuenesque, ſenesque
86 916 603 951 Amplecti, & præſto ſemper adeſſe bonis
54 948 771 984 Omni ope, & omni operâ: neque enim differeiuuandi
88 983 615 1017 Tempora, nec duro deſpuere ores preces
52 1017 629 1050 Cuiuſquam, aut miſeri voces ridere clientis,
87 1050 653 1077 Dum ſedet, aut clauſas ambulat ante fores.
51 1084 699 1117 Hunc ego te ſi flere vetem ſi conqueri ademptum
87 1115 648 1151 Chiuerni, in quo vno tot periere bona,
57 1147 737 1183 Quis mihi vel ferrum, vel durum adamanta rigentis
87 1178 572 1215 Ipſius in latebris pectoris eſſe neget?
39 1208 741 1251 Sim Stipes, ſim truncus iners, ſimque horrida cautes,
728 1253 831 1286 Quam
