899 1330
797 2 849 40 5
326 1 568 43 ANGELII.
1 53 656 102 Quem nec vis Boreæ, nec mouet vnda loco
40 89 612 133 VIla uo: verum abruptis expoſta procellis
57 123 584 162 Nullo æſtu, nullo frangitur illa gelu.
45 153 646 197 Occidit huius honos, & gloria maxima ſecli,
48 191 574 231 Occidit & patriæ ſpesq;, ſalusq; tuæ
48 220 736 268 Atq; ego teplenos lachrymatum fundere riuo,
96 256 650 302 Et manibus pectus tundere, & ora vetem?
49 290 696 330 Tu vero heroem, qualem non vlla tulerunt.
66 321 674 369 Qualem etiam poſthac ſecula nulla fesrent,
51 356 714 397 Doeendo, ſuſceptum animo teſtare dolorem,
96 391 636 433 Et lachrymis laxa clauſtra reuulſa pijs.
43 425 668 468 Hoc ipſe, hoc coniux lectiſima femina, tanto
97 457 704 503 Digna patte & tanto femia digna viro,
51 494 636 533 Hoc nati, natæq;, & pignora cara nepotes,
96 524 600 563 Hoc omnis tecum Gallia triſtis agat
52 558 634 598 Et tamen ante oculos eius verſetur imago,
98 594 621 630 Et conſtans vitæ, perpetuusq; teno.
55 618 827 678 Quaiis erat, natum cum grandem, & honoribus auctum.
100 659 581 704 Ipie ſuum vidit morte repente rapi,
58 689 714 736 Inuictusq; animo, vultuq; immotus eodem
102 727 643 763 Pertulit aflictæ triſtia damna domus.
70 758 631 799 Nec vero indoluit caſu concuſſus acerbo:
107 791 686 835 Scilicet humanas has memor eſſe vices;
68 822 733 868 t nunc fo tuna, ſi qua eſt fortuna, feramur
104 860 625 900 In cælum, preſſi nunc iaceamus humi:
62 894 655 933 Ni forte externo mens inconcuſſa tumultu
109 927 670 971 Perſtet, & incœptum pegere tendat iter:
68 961 588 1001 Nec ſeſe ipſæ ſuâ patiatur ſede reuelli,
114 991 656 1035 Dum, ſua quæ non ſunt, cogitat eſſe ſua.
75 1026 768 1070 lle quidem quacumq; in re ſibi ide e doctus
121 1063 557 1100 Imperturbato pectore duta tulit.
77 1088 724 1136 Nec, ſua res qmuis fluerent ad vota ſecundæ,
78 1127 679 1168 Non ſeraſſemodum dicitur, atq; decus.
86 1157 714 1200 Vt mirum non t, Superis ſi gratior omnes
127 1196 573 1241 Tranſierit felix, & ſine labe dies,
845 1218 885 1244 Ms
554 1219 675 1260 4
