890 1334
63 15 645 51 Ac ſpatia extremæ confecerit vſque ſenectæ
99 52 651 85 Viribus, ingenio, corpore, mente vigens
63 85 586 118 Deceſſit certè fortunatiſſimus vnohoc,
74 112 683 152 Nam quii quæ reſtant enumerare queat?
67 150 708 189 Qud ſibi te generum moriens, Huralte, reliquit
70 186 689 219 Conſilio, & morum commoditate parem.
65 217 723 252 uem merito euexit rerum prudentia ad altum,
90 252 668 286 Bdctrina, & virtus quo tua digna, gradum.
67 284 583 320 Officijs cuius meritas perſoluere grates,
96 319 695 353 Meque animi memoris dum dare ſignaiuuat,
64 353 592 387 Quæ fidis impreſſa notis non deleat ætas
98 387 579 422 Vlla, nec extingui Muſa diſerta ſinat.
60 421 680 454 Hæc ego ſi mœſta cecini tibi carmina voce,
97 455 569 483 Interuentu etiam forte moleſta ſuo,
59 488 724 525 Excuſet factum ſimplexq;, & grata voluntas;
94 522 565 555 Nec non & iuſſis obſequioſus amor.
242 558 436 590 Ad Phrynem.
59 588 712 625 Inſpexti ſi quando oculos, pulcerrima Phryne
95 623 649 658 Ipſa tuos, mi omnis pectore ſenſus hebet;
61 657 653 690 Ingentiq; animus perculſus vulnere Amoris,
93 691 579 724 Exſilit & circum lumina amata volat.
59 724 663 758 Ac tibi nuncmalis, roſeo nunc perditus ore
95 758 597 791 Nunc in purpureis inſidet vſque genia,
60 858 702 893 Diceris miſerum miſere occidiſſe; neque iſtum
93 892 555 918 Rumorem de te fama tacebit anus.
224 926 431 959 DLuſciniâ.
58 960 705 993 Aucupe dum trepidæ ſurgunt clamante volucres,
88 993 574 1026 Et cæcæ properant accelerare fugam;
56 1026 626 1061 Implicitæ laqueis omnes & retibus hærent,
91 1058 554 1094 Occultosq; dolos inſidiasq; dclent.
58 1089 583 1128 Sola inter cunctas elapſa effugit, & altas
92 1121 552 1155 Luſcinia in ſiluas libera facta volat.
57 1152 631 1198 Bequls, io, vates ſacrum genus eſſe negahlt.
711 1200 830 1229 Hi
