897 1337
284 34 561 80 ANGELII.
787 45 825 68 tst
19 77 620 118 His auibus cùm dent retia & ipſa viam.
267 120 554 152 Votum Amyllæ nubentis.
55 152 586 181 Has violas, hos narciſſos, hæc lilia vobis
40 185 618 220 Naiades, atque horti cana liguſtra ſui,
56 217 722 260 Spargit, &, ex imo fundens opobalſama limbo,
91 253 585 285 Hos inter ſocios ducit Amylla choros.
56 286 678 321 Quod ſi congreſſus cupidi perferre mariti.
60 320 586 354 Et dulces poterit ſuſtinuiſſe vices,
50 354 608 387 Incolumis, prima quas nocte; quotannis
87 388 544 422 Cinget odoratâ limina veſtra rosâ.
203 423 474 447 Tumulus Laodami.
47 452 706 486 Vita fuit, mea nata, breuis tibi, cm tamen eſſes
81 489 540 523 Dignior in terris viuere forma diu.
41 522 612 556 Sic iniuſta tibi iuſtos quds abſtulit annos.
79 557 593 585 Mors addet lacrimis, Laodamia, meis.
273 592 447 616 Ad Lauram.
49 622 754 658 Qualia ab arboribus pendent ſua mala nouellis,
81 657 694 692 Non matura quidem, ſed nec acerba tamen;
51 691 671 726 Qualia vernanti fundunt ſe margine ab omni
79 724 608 759 Fraga, & purpureo gratæ colore rubent:
44 757 664 791 Pectore ſe tales fundunt tibi, Laura, papillæ,
80 791 616 824 Tales & malæ, talia labra rubent.
46 824 650 859 Ofelicem igitur, vernanti ex arbore quiſquis
76 858 553 891 Talia mala manu, talia fraga leget.
275 895 333 926 Spe.
43 922 751 961 Quà patet æquoreas longè hinc proſpectus in vndas
78 960 605 994 Cunctaq; cæruleis impediuntur aquis:
44 992 666 1026 Mira fides, quonda iluæ, montesq; fterunt,
83 1027 583 1062 Oppidaq;, & rarum fertilis vber agri.
49 1057 732 1094 Quod ſi namq; potes nil non longlnqua vetuſtas
84 1093 656 1126 Nunc vbi ſunt ffuctus, paſcua rurſus eruntt
48 1126 679 1162 Cut ego non ſperei, Lalage mutetur vt olim,
84 1159 700 1197 Et veniat ſupple, qua modà dura fugl
253 1197 428 1222 Ad Dlam.
43 1225 718 1262 Inuidet hoi oculos tlbl Iuns he brachla Pallas
752 1256 831 1290 Haſte
476 1264 584 1293 R
