<?xml version="1.0" encoding="UTF-8" standalone="no"?><PcGts xmlns="http://schema.primaresearch.org/PAGE/gts/pagecontent/2019-07-15" xmlns:xsi="http://www.w3.org/2001/XMLSchema-instance" xsi:schemaLocation="http://schema.primaresearch.org/PAGE/gts/pagecontent/2019-07-15 http://schema.primaresearch.org/PAGE/gts/pagecontent/2019-07-15/pagecontent.xsd"><Metadata><Creator/><Created>2022-04-11T06:37:42</Created><LastChange>1970-01-01T00:00:00</LastChange><Comments/></Metadata><Page imageFilename="0183.png" imageHeight="1339" imageWidth="901"><TextRegion id="r1" orientation="0.0" type="paragraph"><Coords points="1,1 899,1 899,1337 1,1337"/><TextLine id="l1"><Coords points="298,38 298,65 556,65 556,38"/><TextEquiv><Unicode/></TextEquiv><TextEquiv index="1"><Unicode>ANGELII.</Unicode></TextEquiv></TextLine><TextLine id="l2"><Coords points="76,83 76,117 591,117 591,83"/><TextEquiv><Unicode/></TextEquiv><TextEquiv index="1"><Unicode>Excoluit puris hunc pudor vnus aquis.</Unicode></TextEquiv></TextLine><TextLine id="l3"><Coords points="270,118 270,141 424,141 424,118"/><TextEquiv><Unicode/></TextEquiv><TextEquiv index="1"><Unicode>Adeandem.</Unicode></TextEquiv></TextLine><TextLine id="l4"><Coords points="671,181 671,149 40,149 40,183 559,183"/><TextEquiv><Unicode/></TextEquiv><TextEquiv index="1"><Unicode>Si tibi quæ præſtans animus, quæ gloria gentis,</Unicode></TextEquiv></TextLine><TextLine id="l5"><Coords points="644,215 644,183 359,183 282,185 60,183 60,215 81,214 130,217 304,217"/><TextEquiv><Unicode/></TextEquiv><TextEquiv index="1"><Unicode>Quæq; adeo eximiæ formæ honor vſq; tuæ</Unicode></TextEquiv></TextLine><TextLine id="l6"><Coords points="718,217 40,217 40,248 718,249"/><TextEquiv><Unicode/></TextEquiv><TextEquiv index="1"><Unicode>Poſtulat, veterumdecus immortale parentum</Unicode></TextEquiv></TextLine><TextLine id="l7"><Coords points="643,251 185,250 145,251 76,249 76,282 644,282"/><TextEquiv><Unicode/></TextEquiv><TextEquiv index="1"><Unicode>Magnorum proles ſuſpicienda ducum</Unicode></TextEquiv></TextLine><TextLine id="l8"><Coords points="42,283 42,312 664,312 664,283"/><TextEquiv><Unicode/></TextEquiv><TextEquiv index="1"><Unicode>Pro meritis, Iſabella, tuis Fortuna dediſſet,</Unicode></TextEquiv></TextLine><TextLine id="l9"><Coords points="82,317 82,343 582,343 582,317"/><TextEquiv><Unicode/></TextEquiv><TextEquiv index="1"><Unicode>Vnica terrarum tu domina otbis eras.</Unicode></TextEquiv></TextLine><TextLine id="l10"><Coords points="604,351 32,351 32,383 604,383"/><TextEquiv><Unicode/></TextEquiv><TextEquiv index="1"><Unicode>Sed timuit, ne te rerun potiente, iaceret,</Unicode></TextEquiv></TextLine><TextLine id="l11"><Coords points="561,386 409,384 151,385 81,383 81,416 561,416"/><TextEquiv><Unicode/></TextEquiv><TextEquiv index="1"><Unicode>Victaq; virtuti cederet ipſa locum</Unicode></TextEquiv></TextLine><TextLine id="l12"><Coords points="237,419 237,449 581,449 581,419"/><TextEquiv><Unicode/></TextEquiv><TextEquiv index="1"><Unicode>Ad Pa lm Mautium.</Unicode></TextEquiv></TextLine><TextLine id="l13"><Coords points="38,451 38,485 588,485 588,451"/><TextEquiv><Unicode/></TextEquiv><TextEquiv index="1"><Unicode>Exorta eſt tecum culti Ciceronis imago;</Unicode></TextEquiv></TextLine><TextLine id="l14"><Coords points="39,486 39,518 620,518 620,486"/><TextEquiv><Unicode/></TextEquiv><TextEquiv index="1"><Unicode>Et viuit tecum, &amp; tecum moiiatur oportet.</Unicode></TextEquiv></TextLine><TextLine id="l15"><Coords points="660,518 41,518 41,549 43,550 660,551"/><TextEquiv><Unicode/></TextEquiv><TextEquiv index="1"><Unicode>Viue igitur, mi Paulle diu, diu vt illa ſuperſtes</Unicode></TextEquiv></TextLine><TextLine id="l16"><Coords points="606,553 581,554 262,552 221,553 37,551 37,585 606,585"/><TextEquiv><Unicode/></TextEquiv><TextEquiv index="1"><Unicode>Viuat, &amp; hoc vni præſens tibi debeat ætas.</Unicode></TextEquiv></TextLine><TextLine id="l17"><Coords points="249,588 249,619 527,619 527,588"/><TextEquiv><Unicode/></TextEquiv><TextEquiv index="1"><Unicode>Ad Petrum Viclorium.</Unicode></TextEquiv></TextLine><TextLine id="l18"><Coords points="45,619 45,653 622,653 622,619"/><TextEquiv><Unicode/></TextEquiv><TextEquiv index="1"><Unicode>Si quem felicem, ac ver ſtatuere beatum</Unicode></TextEquiv></TextLine><TextLine id="l19"><Coords points="708,653 81,653 81,685 84,686 708,686"/><TextEquiv><Unicode/></TextEquiv><TextEquiv index="1"><Unicode>Quicumq; expendunt cum ratione bonum;</Unicode></TextEquiv></TextLine><TextLine id="l20"><Coords points="644,687 39,686 39,719 645,719"/><TextEquiv><Unicode/></TextEquiv><TextEquiv index="1"><Unicode>Hſe ille es certe, Victori. nam tua primum</Unicode></TextEquiv></TextLine><TextLine id="l21"><Coords points="584,750 584,721 80,719 80,751 581,751"/><TextEquiv><Unicode/></TextEquiv><TextEquiv index="1"><Unicode>Clarat te veteri nobilitate domus.</Unicode></TextEquiv></TextLine><TextLine id="l22"><Coords points="695,751 582,751 570,753 160,754 40,752 40,785 123,784 223,786 695,786"/><TextEquiv><Unicode/></TextEquiv><TextEquiv index="1"><Unicode>Deinde valetudo firmum, vegetumq; ſenectæ</Unicode></TextEquiv></TextLine><TextLine id="l23"><Coords points="566,787 79,787 79,818 81,819 566,819"/><TextEquiv><Unicode/></TextEquiv><TextEquiv index="1"><Unicode>Tradit, &amp; à. puero continuata venit.</Unicode></TextEquiv></TextLine><TextLine id="l24"><Coords points="579,820 113,821 80,819 41,819 41,853 579,853"/><TextEquiv><Unicode/></TextEquiv><TextEquiv index="1"><Unicode>Poſtremo vittus ſeſe tibi pulcra, ſuasq;,</Unicode></TextEquiv></TextLine><TextLine id="l25"><Coords points="640,885 640,853 629,855 551,853 302,853 156,855 78,854 78,887 229,887"/><TextEquiv><Unicode/></TextEquiv><TextEquiv index="1"><Unicode>Nixa quibus graditur, ſcdula pandit opes.</Unicode></TextEquiv></TextLine><TextLine id="l26"><Coords points="723,886 230,887 169,889 36,887 36,919 723,919"/><TextEquiv><Unicode/></TextEquiv><TextEquiv index="1"><Unicode>ACetera non referam: quando omnes vndiq; terras</Unicode></TextEquiv></TextLine><TextLine id="l27"><Coords points="78,920 78,951 591,951 591,920"/><TextEquiv><Unicode/></TextEquiv><TextEquiv index="1"><Unicode>Plurimadoctrinæ ſic monumenta tuæ</Unicode></TextEquiv></TextLine><TextLine id="l28"><Coords points="739,952 483,952 370,954 37,953 37,984 111,986 739,986"/><TextEquiv><Unicode/></TextEquiv><TextEquiv index="1"><Unicode>Complerunt, vt te quoddam ceu Numen ab aſtris</Unicode></TextEquiv></TextLine><TextLine id="l29"><Coords points="629,986 214,988 79,986 79,1018 82,1019 629,1019"/><TextEquiv><Unicode/></TextEquiv><TextEquiv index="1"><Unicode>Delapſum cuncti mente animoq; colant.</Unicode></TextEquiv></TextLine><TextLine id="l30"><Coords points="45,1020 45,1053 662,1053 662,1020"/><TextEquiv><Unicode/></TextEquiv><TextEquiv index="1"><Unicode>Perge igitur, veterumq; libros, artesq; iuuato</Unicode></TextEquiv></TextLine><TextLine id="l31"><Coords points="608,1086 610,1085 610,1054 76,1054 76,1084 266,1085 305,1087 506,1087"/><TextEquiv><Unicode/></TextEquiv><TextEquiv index="1"><Unicode>Ingenuas omni quâ potes vnus ope:</Unicode></TextEquiv></TextLine><TextLine id="l32"><Coords points="524,1118 723,1118 745,1120 745,1084 640,1084 634,1086 608,1087 506,1088 473,1087 305,1088 266,1086 91,1086 70,1084 43,1084 43,1117 207,1117 312,1120 423,1120"/><TextEquiv><Unicode/></TextEquiv><TextEquiv index="1"><Unicode>Perge, inquam. nobisq; aperi quoum aurea magno</Unicode></TextEquiv></TextLine><TextLine id="l33"><Coords points="702,1119 524,1119 423,1121 312,1121 207,1118 84,1119 84,1150 702,1151"/><TextEquiv><Unicode/></TextEquiv><TextEquiv index="1"><Unicode>Cum damno in tenebris ſcrpta ſepulta iacent.</Unicode></TextEquiv></TextLine><TextLine id="l34"><Coords points="537,1183 604,1184 604,1152 503,1152 468,1154 320,1154 252,1151 110,1152 47,1149 47,1184 224,1183 332,1186 475,1186"/><TextEquiv><Unicode/></TextEquiv><TextEquiv index="1"><Unicode>Ipſaq; tot meritis deuincta fatebitur ætas,</Unicode></TextEquiv></TextLine><TextLine id="l35"><Coords points="671,1184 661,1186 537,1184 427,1188 224,1184 86,1184 86,1215 88,1216 671,1216"/><TextEquiv><Unicode/></TextEquiv><TextEquiv index="1"><Unicode>Nulla vnquam tantum ſecla tuliſſe virum.</Unicode></TextEquiv></TextLine><TextLine id="l36"><Coords points="716,1251 759,1251 759,1216 725,1216 721,1218 580,1217 469,1221 355,1221 205,1217 120,1218 87,1216 39,1216 39,1253 692,1253"/><TextEquiv><Unicode/></TextEquiv><TextEquiv index="1"><Unicode>Nam ſi opus Heroum proprium eſt, prodeſſe futuris,</Unicode></TextEquiv></TextLine><TextLine id="l37"><Coords points="743,1256 743,1283 834,1283 834,1256"/><TextEquiv><Unicode/></TextEquiv><TextEquiv index="1"><Unicode>Atque</Unicode></TextEquiv></TextLine><TextEquiv><Unicode/></TextEquiv></TextRegion></Page></PcGts>