901 1339
298 38 556 65 ANGELII.
788 49 827 71 rs
76 83 591 117 Excoluit puris hunc pudor vnus aquis.
270 118 424 141 Adeandem.
40 149 671 183 Si tibi quæ præſtans animus, quæ gloria gentis,
60 183 644 217 Quæq; adeo eximiæ formæ honor vſq; tuæ
40 217 718 249 Poſtulat, veterumdecus immortale parentum
76 249 644 282 Magnorum proles ſuſpicienda ducum
42 283 664 312 Pro meritis, Iſabella, tuis Fortuna dediſſet,
82 317 582 343 Vnica terrarum tu domina otbis eras.
32 351 604 383 Sed timuit, ne te rerun potiente, iaceret,
81 383 561 416 Victaq; virtuti cederet ipſa locum
237 419 581 449 Ad Pa lm Mautium.
38 451 588 485 Exorta eſt tecum culti Ciceronis imago;
39 486 620 518 Et viuit tecum, & tecum moiiatur oportet.
41 518 660 551 Viue igitur, mi Paulle diu, diu vt illa ſuperſtes
37 551 606 585 Viuat, & hoc vni præſens tibi debeat ætas.
249 588 527 619 Ad Petrum Viclorium.
45 619 622 653 Si quem felicem, ac ver ſtatuere beatum
81 653 708 686 Quicumq; expendunt cum ratione bonum;
39 686 645 719 Hſe ille es certe, Victori. nam tua primum
80 719 584 751 Clarat te veteri nobilitate domus.
40 751 695 786 Deinde valetudo firmum, vegetumq; ſenectæ
79 787 566 819 Tradit, & à. puero continuata venit.
41 819 579 853 Poſtremo vittus ſeſe tibi pulcra, ſuasq;,
78 853 640 887 Nixa quibus graditur, ſcdula pandit opes.
36 886 723 919 ACetera non referam: quando omnes vndiq; terras
78 920 591 951 Plurimadoctrinæ ſic monumenta tuæ
37 952 773 986 Complerunt, vt te quoddam ceu Numen ab aſtris
79 986 629 1019 Delapſum cuncti mente animoq; colant.
45 1020 662 1053 Perge igitur, veterumq; libros, artesq; iuuato
76 1054 610 1087 Ingenuas omni quâ potes vnus ope:
43 1084 745 1120 Perge, inquam. nobisq; aperi quoum aurea magno
84 1118 702 1151 Cum damno in tenebris ſcrpta ſepulta iacent.
47 1149 604 1186 Ipſaq; tot meritis deuincta fatebitur ætas,
86 1184 671 1216 Nulla vnquam tantum ſecla tuliſſe virum.
39 1216 794 1253 Nam ſi opus Heroum proprium eſt, prodeſſe futuris,
743 1256 834 1283 Atque
