895 1335
359 38 523 62 ETRI
54 42 94 66 I5
92 78 708 115 Atque hominum præſens velle iuuare genus:
57 115 647 148 Extinctis vitam, lucemq; adferre tenebris;
94 148 681 181 Quis Phœbi, & ſummiiam neget eſſe Iouis.
248 183 578 216 Ad Chriſtophorum Crecium.
58 214 594 247 Ipſe leues cernis, Creſſi, conantur vt alæ
89 249 576 281 Incudem ad tæli ſidera ferre grauem.
58 281 641 316 Conantur nimirum illæ feciſſe, quod omnes
47 315 532 348 Poſſe vllâ fieri vix ratione putant.
59 349 739 416 cæ
58 416 648 450 Sic animo ſolet eſſe ſuo cum corpore pugna;
92 450 668 483 Dum corpus terras, dum petit aſtra animus.
57 484 706 518 Verum illud præclarum, in quo victoria laudem
90 518 609 553 Victori, & victo, tempus in omne parit.
255 553 450 576 Ad Philomelam.
56 584 691 617 Ne cantus, Philomela, tuos, ne proijce ad auras.
89 617 675 653 Has quercus, hæc tu robora dura fuge.
56 651 627 685 Nec te decipiat, blandis quod ſæpe Napæis
90 686 580 719 Ornarit varium querna corona caput.
56 719 663 752 Hi tibi dum rami fundunt e cortice viſcum,
87 752 573 786 Exitium miſeræ, perniciemq; parant.
56 786 671 819 Sunt virides Bacchi vites, eſt proxima myrtus,
88 819 555 853 Intra quas verſus dicere tuta potes.
55 854 559 886 Auratæ teneris pendent e vitibus vuæ,
88 886 585 920 Myrtus odoratas ſpargit opaca comas.
55 921 783 953 Adde quod & numeros, & dulcia carmina vatum,
85 953 636 987 Et Venus, & toto pectore Bacchus amant.
253 988 448 1012 De Iolâ venatore.
55 1018 590 1055 Semicapri Panes, & montiuagi Satyriſci,
90 1053 667 1088 Quæq; alitis Dryades per nemora alta feras;
56 1086 723 1121 Hanc pharetram, hos arcus, pinu ſuſpendit ab altâ,
87 1120 561 1155 Retiaq;, & Triuiæ cornua rauca ſuæ.
53 1148 638 1191 Vtq; capræ paſſim, leporesq; vagentur, Iolas
87 1182 555 1220 Conſtituit vobis hic iugulare canes.
204 1223 512 1249 mors nnonamos.
773 1259 841 1288 Pul-
