903 1336
327 14 572 43 ANGELII.
58 61 716 97 Pulcer Hylas Acmen: Acme pulcerrima Daphnin
87 95 711 131 Deperit; & Daphnis Chlorida, Chloris Hylan.
57 129 745 163 Acme ſpernit Hylan; Daphne pulcerrimus Acmen:
96 162 699 198 Et Daphnin Chloris candida: Chlorin Hylas.
61 196 701 224 Filius haſce vices Veneris, Venushaſce Dione
97 230 570 263 Sæua iubet pœnas legibus eſſe ratas.
61 263 751 297 Idcirco horum alius, quantum ferus odit amantem
98 297 640 330 Tam eſt alij triſtis, tamq; odioſus amans.
61 331 646 364 Diſcite vos igitur, qui vos malè fertis amari,
96 364 654 397 Vltorem vobis poſt caput eſſe Deum.
212 399 627 431 In obitm Henrici Valeſij Gal. Reg.
57 432 618 460 Henricum triſtis cum iam Bellona videret
92 466 576 500 Cepiſſe inuictâ regna ſuperba manu,
54 498 652 534 Moxq; ſibi generum partis emiſſe Philippum
91 533 608 567 Auſtriacum, & populis otia longa ſuis:
56 566 649 603 Indoluit celebrisq; inter ſpectacula ludi,
92 599 577 635 Obuia, perfractâ caſſide fudit humi;
58 631 700 667 Atque in connubij, pacisq; hoe fœdere, dixit,
84 667 668 701 Quæ caderet, nuſquam victima maior erat.
339 701 448 730 Primitiæ.
57 726 700 764 Et Pani, & Cereri, & Baccho dat ruſticus gon
92 767 534 799 Primitias truris munera parua ſui.
47 799 635 832 Lac Pani, Cereri ſpicas, Bacchoq; racemos:
91 834 644 866 Vt vitem, vt ſegetes, vt tueantur oues.
54 866 656 902 Quod ſi nec grando, mala nec rubigo luesq;
90 900 626 934 Nec fures poterunt, nec nocuiſſe lupi:
54 933 704 961 Debita tum veſtras felix cadet hoſtia ad aras;
91 965 657 998 Pani hœdus, Cereri ſus, tibi Bacche caper.
165 1001 728 1029 In obitum Io. Medicis. ad Marium Columnam,
62 1032 690 1067 Heroum qui facta, Mari paulo ante parabam
99 1066 620 1100 Dicere, & æternis concelebrare modis;
65 1099 619 1132 Oppreſſus fœdâ hac cæli ſubitaq; ruinâ,
102 1132 629 1167 Ceu ſaxum in gelidis montibus obrigui.
65 1165 641 1200 Elatusq; eodem, quo maximus ille feretro,
101 1198 560 1233 Maxima pars tanti funeris ipſe fui.
819 1232 852 1257 E
