<PcGts xmlns="http://schema.primaresearch.org/PAGE/gts/pagecontent/2017-07-15" xmlns:xsi="http://www.w3.org/2001/XMLSchema-instance" xsi:schemaLocation="http://schema.primaresearch.org/PAGE/gts/pagecontent/2017-07-15 http://schema.primaresearch.org/PAGE/gts/pagecontent/2017-07-15/pagecontent.xsd"><Metadata><Creator>User123</Creator><Created>2020-04-25T21:20:17</Created><LastChange>2020-04-25T21:20:17</LastChange></Metadata><Page imageFilename="0185.png" imageHeight="1336" imageWidth="903"><TextRegion id="r0" type="paragraph"><Coords points="1,1 901,1 901,1334 1,1334"/><TextLine id="r0_l001"><Coords points="327,14 327,43 572,43 572,14"/><TextEquiv index="1"><Unicode>ANGELII.</Unicode></TextEquiv></TextLine><TextLine id="r0_l002"><Coords points="793,24 793,49 839,49 839,24"/><TextEquiv index="1"><Unicode>157</Unicode></TextEquiv></TextLine><TextLine id="r0_l003"><Coords points="247,95 317,96 370,94 484,95 503,93 716,95 716,61 58,61 58,97 225,97"/><TextEquiv index="1"><Unicode>Pulcer Hylas Acmen: Acme pulcerrima Daphnin</Unicode></TextEquiv></TextLine><TextLine id="r0_l004"><Coords points="337,128 711,128 711,96 370,95 317,97 247,96 203,99 87,98 87,131 253,131"/><TextEquiv index="1"><Unicode>Deperit; &amp; Daphnis Chlorida, Chloris Hylan.</Unicode></TextEquiv></TextLine><TextLine id="r0_l005"><Coords points="474,162 492,160 745,162 745,129 337,129 253,132 57,133 57,163 403,163"/><TextEquiv index="1"><Unicode>Acme ſpernit Hylan; Daphne pulcerrimus Acmen:</Unicode></TextEquiv></TextLine><TextLine id="r0_l006"><Coords points="401,195 699,195 699,163 475,162 403,164 277,164 216,166 96,164 96,197 253,198"/><TextEquiv index="1"><Unicode>Et Daphnin Chloris candida: Chlorin Hylas.</Unicode></TextEquiv></TextLine><TextLine id="r0_l007"><Coords points="701,196 401,196 253,199 112,199 61,196 61,224 701,224"/><TextEquiv index="1"><Unicode>Filius haſce vices Veneris, Venushaſce Dione</Unicode></TextEquiv></TextLine><TextLine id="r0_l008"><Coords points="570,262 570,230 424,230 236,233 97,232 97,263 469,263"/><TextEquiv index="1"><Unicode>Sæua iubet pœnas legibus eſſe ratas.</Unicode></TextEquiv></TextLine><TextLine id="r0_l009"><Coords points="751,263 470,263 360,266 112,266 61,264 61,297 751,297"/><TextEquiv index="1"><Unicode>Idcirco horum alius, quantum ferus odit amantem</Unicode></TextEquiv></TextLine><TextLine id="r0_l010"><Coords points="640,298 635,297 472,297 390,299 98,298 98,330 640,330"/><TextEquiv index="1"><Unicode>Tam eſt alij triſtis, tamq; odioſus amans.</Unicode></TextEquiv></TextLine><TextLine id="r0_l011"><Coords points="646,331 448,331 389,333 132,333 104,331 61,331 61,364 646,364"/><TextEquiv index="1"><Unicode>Diſcite vos igitur, qui vos malè fertis amari,</Unicode></TextEquiv></TextLine><TextLine id="r0_l012"><Coords points="654,368 628,368 607,365 462,364 296,367 96,365 96,397 508,397 511,395 654,397"/><TextEquiv index="1"><Unicode>Vltorem vobis poſt caput eſſe Deum.</Unicode></TextEquiv></TextLine><TextLine id="r0_l013"><Coords points="212,399 212,431 627,431 627,399"/><TextEquiv index="1"><Unicode>In obitm Henrici Valeſij Gal. Reg.</Unicode></TextEquiv></TextLine><TextLine id="r0_l014"><Coords points="57,432 57,460 618,460 618,432"/><TextEquiv index="1"><Unicode>Henricum triſtis cum iam Bellona videret</Unicode></TextEquiv></TextLine><TextLine id="r0_l015"><Coords points="467,499 497,497 576,498 576,466 92,467 92,500 331,500"/><TextEquiv index="1"><Unicode>Cepiſſe inuictâ regna ſuperba manu,</Unicode></TextEquiv></TextLine><TextLine id="r0_l016"><Coords points="283,532 652,533 652,498 614,500 497,498 467,500 158,502 54,500 54,534 238,534"/><TextEquiv index="1"><Unicode>Moxq; ſibi generum partis emiſſe Philippum</Unicode></TextEquiv></TextLine><TextLine id="r0_l017"><Coords points="399,565 608,566 608,534 283,533 238,535 137,534 91,535 91,566 93,567 337,567"/><TextEquiv index="1"><Unicode>Auſtriacum, &amp; populis otia longa ſuis:</Unicode></TextEquiv></TextLine><TextLine id="r0_l018"><Coords points="649,569 626,569 616,567 533,566 399,566 337,568 93,568 56,566 56,599 143,601 233,601 321,599 542,598 595,599 604,600 609,603 649,603"/><TextEquiv index="1"><Unicode>Indoluit celebrisq; inter ſpectacula ludi,</Unicode></TextEquiv></TextLine><TextLine id="r0_l019"><Coords points="418,632 577,632 577,600 463,599 233,602 143,602 92,600 92,634 229,635"/><TextEquiv index="1"><Unicode>Obuia, perfractâ caſſide fudit humi;</Unicode></TextEquiv></TextLine><TextLine id="r0_l020"><Coords points="740,632 738,631 627,631 620,633 418,633 229,636 140,636 58,634 58,667 389,667 431,665 723,665 727,667 740,667"/><TextEquiv index="1"><Unicode>Atque in connubij, pacisq; hoe fœdere, dixit,</Unicode></TextEquiv></TextLine><TextLine id="r0_l021"><Coords points="668,667 390,667 202,669 84,668 84,701 668,701"/><TextEquiv index="1"><Unicode>Quæ caderet, nuſquam victima maior erat.</Unicode></TextEquiv></TextLine><TextLine id="r0_l022"><Coords points="339,701 339,730 448,730 448,701"/><TextEquiv index="1"><Unicode>Primitiæ.</Unicode></TextEquiv></TextLine><TextLine id="r0_l023"><Coords points="742,726 512,726 502,731 490,732 317,733 283,733 271,727 241,726 57,726 57,764 742,764"/><TextEquiv index="1"><Unicode>Et Pani, &amp; Cereri, &amp; Baccho dat ruſticus gon</Unicode></TextEquiv></TextLine><TextLine id="r0_l024"><Coords points="534,798 534,767 370,767 335,769 178,769 138,767 92,767 92,799 515,799"/><TextEquiv index="1"><Unicode>Primitias truris munera parua ſui.</Unicode></TextEquiv></TextLine><TextLine id="r0_l025"><Coords points="635,799 516,799 335,802 180,802 59,799 51,805 47,805 47,832 635,832"/><TextEquiv index="1"><Unicode>Lac Pani, Cereri ſpicas, Bacchoq; racemos:</Unicode></TextEquiv></TextLine><TextLine id="r0_l026"><Coords points="644,834 355,834 251,836 91,834 91,866 644,866"/><TextEquiv index="1"><Unicode>Vt vitem, vt ſegetes, vt tueantur oues.</Unicode></TextEquiv></TextLine><TextLine id="r0_l027"><Coords points="656,867 441,866 290,869 142,869 89,866 54,866 54,902 268,902 376,899 604,899 656,902"/><TextEquiv index="1"><Unicode>Quod ſi nec grando, mala nec rubigo luesq;</Unicode></TextEquiv></TextLine><TextLine id="r0_l028"><Coords points="391,932 626,932 626,901 376,900 268,903 90,902 90,933 274,934"/><TextEquiv index="1"><Unicode>Nec fures poterunt, nec nocuiſſe lupi:</Unicode></TextEquiv></TextLine><TextLine id="r0_l029"><Coords points="704,934 692,933 391,933 275,934 224,936 99,935 89,933 54,933 54,961 704,961"/><TextEquiv index="1"><Unicode>Debita tum veſtras felix cadet hoſtia ad aras;</Unicode></TextEquiv></TextLine><TextLine id="r0_l030"><Coords points="91,965 91,998 657,998 657,965"/><TextEquiv index="1"><Unicode>Pani hœdus, Cereri ſus, tibi Bacche caper.</Unicode></TextEquiv></TextLine><TextLine id="r0_l031"><Coords points="165,1001 165,1029 728,1029 728,1001"/><TextEquiv index="1"><Unicode>In obitum Io. Medicis. ad Marium Columnam,</Unicode></TextEquiv></TextLine><TextLine id="r0_l032"><Coords points="690,1032 527,1032 473,1034 284,1033 150,1034 117,1032 62,1032 62,1067 65,1067 72,1063 106,1063 119,1065 202,1067 445,1067 517,1065 634,1065 690,1067"/><TextEquiv index="1"><Unicode>Heroum qui facta, Mari paulo ante parabam</Unicode></TextEquiv></TextLine><TextLine id="r0_l033"><Coords points="620,1066 517,1066 445,1068 202,1068 157,1066 99,1066 99,1097 206,1100 484,1100 517,1098 606,1098 620,1100"/><TextEquiv index="1"><Unicode>Dicere, &amp; æternis concelebrare modis;</Unicode></TextEquiv></TextLine><TextLine id="r0_l034"><Coords points="619,1131 619,1101 606,1099 517,1099 484,1101 206,1101 162,1099 65,1099 65,1132 526,1132"/><TextEquiv index="1"><Unicode>Oppreſſus fœdâ hac cæli ſubitaq; ruinâ,</Unicode></TextEquiv></TextLine><TextLine id="r0_l035"><Coords points="485,1166 542,1163 629,1164 629,1133 527,1132 499,1134 224,1134 191,1132 102,1132 102,1163 162,1165 233,1165 270,1167 382,1167"/><TextEquiv index="1"><Unicode>Ceu ſaxum in gelidis montibus obrigui.</Unicode></TextEquiv></TextLine><TextLine id="r0_l036"><Coords points="641,1165 511,1165 485,1167 383,1167 326,1169 233,1166 65,1165 65,1199 71,1197 76,1200 85,1197 219,1198 266,1200 453,1200 529,1198 566,1198 580,1200 641,1200"/><TextEquiv index="1"><Unicode>Elatusq; eodem, quo maximus ille feretro,</Unicode></TextEquiv></TextLine><TextLine id="r0_l037"><Coords points="560,1199 453,1201 266,1201 219,1199 101,1198 101,1233 560,1233"/><TextEquiv index="1"><Unicode>Maxima pars tanti funeris ipſe fui.</Unicode></TextEquiv></TextLine><TextLine id="r0_l038"><Coords points="819,1232 819,1257 852,1257 852,1232"/><TextEquiv index="1"><Unicode>E</Unicode></TextEquiv></TextLine><TextLine id="r0_l039"><Coords points="805,1317 805,1334 901,1334 901,1317"/><TextEquiv index="1"><Unicode>-</Unicode></TextEquiv></TextLine></TextRegion></Page></PcGts>