891 1334
390 27 561 51 ETRI
86 29 123 51 15
82 64 816 98 Et mod qui loquor hæc, vereor ſim viuus, an huius:
115 98 671 130 Iamdudum extincti corporis vmbra leuis.
181 133 746 164 Ad Coſmum Medicem Maguum Ducem Etruriæ.
84 164 768 230 a:æ-
81 232 657 266 Amiſti ſubito geminos, tua lumina, natos:
116 266 659 299 Terra quibus nuſquam ſuſtulit vlla pares.
82 299 671 334 Oraq; cum paſſim lacimis manantia cernas
116 334 679 367 Tu tamenimmoto vultu, animoq; manes.
81 367 621 400 Idq; quod in rebus iam re feciſſe ſecundis
117 400 717 434 Conſtat; in aduerſis vis modo conſtet idem.
85 434 727 467 O præſtantem animum, dignumq; heroibus illis,
108 468 598 496 Vnde tibi iluſtres dinumerantur aui.
82 498 834 535 Sed quorſuin hæc? cheu noſtra hæc ſunt vulnera: & iſti
85 535 598 574 Non tibi, ſed populis interiere tuis.
240 567 663 607 Ad Albiam puellam.
82 609 734 648 Carminibus mihi ſi duram vis flectere mentema
112 642 598 676 Albia, vocetuâ conſocianda lyra eſt.
78 675 691 708 Lætitias ego tunc magna iam ſentio, cum m
111 709 648 746 Liquida voxſenſus, & ſonus exhilarat.
281 745 471 777 DePlogil.
77 776 720 809 Dianæ Phœboq; nouum decus addita, & ingens
114 810 598 843 Gloria Tyrrheni culta Phlogilla ſoli;
76 843 741 876 Audijt vt primum magnum redijſe Columnam
112 877 623 909 Incolumem ad ripas, Arne beate tuas;
75 910 637 943 Lætitiâ exſiliens, hoc eſt, ait, ilicet, hoc eſt,
63 944 666 977 Bruma quod hic vernas gignit alitq; roſas.
235 979 584 1010 Ad yprianum Saracinelium.
75 1008 718 1044 Difficile eſt, Cypriane, illum quem diligis ipſe
111 1044 651 1077 Odiſſe, atq; inter non numerare bonost.
75 1079 678 1110 Vt me, perpetuo quem tu dignatus amorees,
108 1109 740 1145 Eſſe putem dignum, quem bonus omnis amet.
74 1141 623 1176 Etctte, cunctis qui ſe cupit vſq; probari;
107 1173 550 1208 lle vni totum ſe probet ante tibi.
232 1210 596 1245 d Hirrnymam rægoniam..
792 1249 873 1275 Ne
92 1298 137 1324 A
