902 1340
256 29 562 53 ANGELII.
720 38 829 60 I59
1 63 648 106 ec cantu tibi Sirenes, Hieronyma certent;
97 104 638 137 Nec tibi ſe formâ præferat ipſa Venus.
63 137 725 176 Nam tu dum celeres percurris pollice chordas,
102 170 581 206 Summaq; cloriſonâ ſidera voce feris;
50 203 668 237 Horrida deponunt rapidi ſua murmura venti.
66 239 565 272 Et ſiſtunt curſus flumina præ cptes.
65 269 771 305 Iu quem autem dulces ridens conuetis ocellos;
102 304 594 340 Efficitur gelidus protinus ille pis.
293 340 434 372 Adſiipumm
67 370 608 406 Quis hoc futurum credidiſſet, Angel?.
62 406 509 439 Amicus ille, plurimum qui ſe tibi,
62 440 491 472 Debere norat, idq; faſſus antea
60 472 554 507 In amore tete pra ferebat omnibus:
63 506 570 540 Tui ſuiq; factus immemor modo
62 539 461 573 Obliuioni teq; ſeq; vnà dedit.
64 571 576 606 Quis hoc futurum credidiſſet Angeli?
219 608 594 633 Ad erdin. Medicem, Cardin.
61 641 477 672 Darius olim erxis illius pater,
64 671 648 706 Quem nauigaſſe Theſſalos montes ferunt,
61 706 662 738 Et ambulaſſe Thraciam Propontidem;
64 740 595 773 Cum forte miræ granditatis Punicum
61 773 528 807 Malum patefeciſſet, vnde plurima
59 805 607 839 Adparuere grana mirum in ordinem
60 839 562 872 Digeſta ciccos inter & membranulas:
59 872 538 906 Interrogatus, anne tot carbunculos
61 906 650 937 Habere vellet maſculos? an quidpiam
60 939 546 974 Aliud quod eſſet carius carbunculis,
46 972 670 1005 Cunctisq; gemmis Indici maris? equidem
47 1005 616 1038 eſpondit ille ſi optio hæc detur mihi,
69 1039 536 1071 No regna, non elegerim pecuniæ,
54 1071 487 1104 Aurive poſſidere tot prædiuitis
70 1104 615 1140 Venasq;, theſauresq;; ſed tot Copyros,
64 1134 528 1170 Eidos amicos ſcilicet. ceu diceret
69 1168 677 1208 Se malle Coſmus ille, qui tuus eſt pater,,
66 1201 612 1242 an, quaim quaim tot tegn, tot Torellios.
719 1232 852 1263 ANTO-
