895 1337
343 15 591 44 ANTONII
12 12 140 47 I60
171 89 763 126 ANTO NIIAN-
566 84 776 107 ET
365 138 569 169 BARGLI.
249 178 684 214 Ad Marium Columnam. Epiſtol I.
84 224 670 259 Iquis Democrito, qui magnâ floruit olim
79 258 684 290 VDoctrina, & valde ſapiens eſt creditus inter
56 292 675 325 Mortales, iterumreuocato ad luminis auras
56 325 717 359 therias, aliquem laudare hoc nomine tantum
80 359 683 393 Contendat; longâ ſerie quod regibus vſque
78 393 600 425 A proauis atauisq; ſuæ primordia gentis
76 426 648 458 Proferat, atque idem fœcundi iugera campi
77 460 705 494 Quod ter mille aret, & multo circumfluat auro;
79 492 673 527 Solaq; commemoret fortunæ dona ſecundæ:
75 526 669 559 Riſu adeo quatiatur, vt hunc veluti furioſum
69 560 599 594 Vix tribus Anticyris ſanari poſſe putaris.
73 593 716 626 Et merito. quoniam non eſt antiquus auorum
73 627 701 660 Vel titulus, vel nobilitas, quæ magna redundet
71 660 606 693 In nos, non aurum, non lati gloria regni
72 693 706 727 Laudanda; aut quicquid fortunæ munere nobis
71 727 639 761 Accedit: ſed quod noſtra virtute paratum
62 761 704 795 Et magno ſit geſtum animo. nam ſi quid in æuo
62 794 614 827 Præterito egregi noſtri geſſere parentes,
70 828 697 861 Hoc adfert, animum vt ſtimulis impellat acutis
69 862 661 895 Ad magnas res cum magno ſudore gerendas.
69 895 614 928 Aut certè tali niſi facta ad fortia ſegnem
70 929 603 962 Excitet exemplo, planè conuincat auitis
60 963 644 997 Indignum titulis, & claræ nomine gentis.
73 997 677 1030 Sed velut à patrum virtute & laude perenni
58 1029 770 1063 Quemquam degenerare nefas, vitiumq; putandum;
71 1064 662 1097 Sic illi quicumque ſuorum æquare parentum
67 1096 707 1129 Virtutem adgreſſi, aut etiam ſuperare, merentur
49 1129 782 1163 Non minimam laudem. nam quem maiore putamus
70 1160 675 1197 Supplicio dignum, quoties peccabit, eumdem
66 1189 696 1231 Ferre etiam maiora laborum præmia verum eſt,
