886 1326
298 31 544 67 ANGELII
766 32 808 57 6
47 80 560 116 Si recte faciet. quantis tu laudibus ergo
43 115 632 149 Dignior, obſcuris quam qui maioribus ortus,
46 148 622 181 Si, quod cœpiſti ſemel, hoc noctesq; diesq;
44 180 602 215 Vrgebis vigili curâ, facile hinc patet. imæ.
41 213 636 248 Nam ſi claſſis homo factis ingentibus æquet,
45 248 708 280 Aut etiam anteeat ſummum; nonimpulit, aiunt,
44 281 679 315 Hunc diæ virtutis amor, neque gloria, at ingens
45 314 598 347 Omniburin rebus telum crudelis egeſtas.
39 346 630 380 Idem ſi prauorum hominum contagia vitet,
37 379 730 412 Atque omnes ſcelerum facies; hunc fallere cenſent:
35 414 568 449 Velle alios, aut terreri formidine pœnæ.
37 449 654 481 Quo minus à recto virtutis tramite deerret..
34 481 644 516 Sic plerumque audit, quamuis excellere mallt
32 515 626 548 Virtute ante alios, cumulo quàm diuitis auri.
32 546 557 581 Auſpicijs contra longe melioribus ille
8 581 652 616 Vitam agitat, qui præclaro de ſanguine natus,
30 615 673 648 Pauperiemq; minus metuens & vincula legum
33 647 602 681 Quudrigis tamen & paſſis fugit otia velis;
34 679 611 715 Quæ ſint cum turpi vitio coniuncta; ſuæq;
34 712 585 748 Suſcipit æternâ gentis pro laude laborem.
33 746 732 780 Omnia nam ſubit o peragrat loca gloria; & orbem
30 780 686 814 Terrarum nunquam morituro nomine complet:
29 813 683 846 Quod cum corporis atque animi vitare laborem
28 845 600 879 Poſſer, eum potius voluit perferre, beatam
26 879 613 912 Dum vitam partâà virtute adquireret. Ergo
27 911 717 946 Quam laudem mereas, nemo eſt qui neſciat, omni
26 945 626 976 Vincere cum virtute tuos meditere parentes,
23 976 515 1008 Et Ducis eximij felicia iuſſa ſecutus
2 1009 662 1045 Coſmi, res gerere egregias, quas docta laboret
28 1044 606 1073 Scriptorum manus ætati monftrare futuræ.
27 1075 600 1110 Interea noſtras dum pax colit aurea terras,
28 1106 717 1142 Scribere non ceſſas hminum quod mulceat atrs
25 1140 665 1174 Doctorum; magnisq; tuis cum laudibus hic es
26 1172 662 1208 Totus; nec ſtrepitus aulæ, nec murmura euras.
11 1205 686 1242 Nam cum alij in ſiluas, aut in iuga montis iniqui
742 1240 816 1263 Co-
