885 1337
313 72 573 101 ANTONII
57 74 113 98 t
72 115 682 150 Coneniunt, vt denſa premant ad retia damus,
70 149 614 181 Fidentesq; fugà ceruos, ijdemq; luporum
72 182 614 215 Comminus ancipiti transfigant ilia ferro;
63 215 643 250 Vtq; acres venentur apros, & cetera paſſim
68 248 669 283 Per dumos, ſaltusq; agitent animalia, dum tu
68 281 690 318 Quod Coſmo officium debes præſtare, fidemq;,
68 315 710 349 Numquam deſiſtis, numquam comes ire recuſas,
64 348 689 384 Quocumq; ille viam ſecat anni tempore; ſiue
65 380 673 416 Frigore cum duro conſiſtunt flumina, ſeu cum
66 414 586 445 Arida funeſto moriuntur prata calore
68 446 679 476 Attamen vt ventum in ſiluas & luſtra ferarum,
65 480 756 515 Nonne voluptatum genus hoc contemnis? & ipſum
65 513 572 548 Ta venatorum clamori ſubtrahis? atq;
65 546 686 583 Quos vna comites campeſtrem educis in agrum
62 579 659 613 Peilegis auctores? vel qui tranſacta notarunt
64 612 701 646 Tempora, & annales ſcripſere ab origine gentis
62 645 654 680 Humanæ ad noſtra hæc felicia ſecula: vel qui
62 679 600 712 Conſilia atq; artes belli docuere gerendi?
61 712 659 739 Nonne etiam interdum miraris amabile docti
59 744 649 780 Virgilij ingenium? vel cum ſub tegmine fagi
51 777 624 811 Dulce Syracoſiâ modulatur carmen auen?
60 811 635 842 Aurea vel cum tradit agri præcepta colendi?
59 844 632 877 Aut idem grauiore ſono, poſt mœnia Troiæ
59 877 638 913 Capta, docet Phrygias Idæo ab littore gentes
46 910 575 943 neâ duce in Italiam veniſſe parentum
59 942 653 977 Antiquam ſedem? mnibus non ſæpe Tibulli
57 975 686 1010 Scripta teris? vel quæ facundus Horatius olim
45 1008 688 1042 Edidit? aut quemis ſcriptorem deniq; eorum
46 1041 707 1074 E numero, quos nulla poteſt abolere vetuſtas?
54 1075 576 1109 Hinc varios flores decerys & aurea dicta
45 1107 600 1141 Depaſcens, animi ſecreta in ſede recondis.
40 1141 616 1176 Poſt vbi ſub noctem redeint in tecta, tuæq;
41 1173 643 1208 Iam licet intra clauſtra d nus ſecedere longè
42 1204 689 1241 Aturà, quod condideras nodo promis, & vrges
36 1235 677 1274 opoſitum, cœnæq; parum ſomniq; benignus?
794 1284 844 1311 Sie
