875 1318
311 12 554 41 ANGEI.
37 56 710 93 ic eſt. hanc operam das plurimus. inclite perge
36 93 584 126 Perge Mari: nec te vulgi dererreat vllus
47 126 694 159 Sermo; nec ſperes quidquam illſtrare magis te
39 158 805 192 Poſſe, hoc quàm ſtudium. neq; enim tam clara virorum
28 187 644 225 Facta, in marmoreis quæ ſunt inciſa columnis,
45 225 599 257 Nec quorum vultus duro Lyſippus in ære
27 257 620 291 Formauit, nec quæ ſolers depinxit Apelles,
39 289 700 323 Quam quæ deſcripſere bonorum carmina vatum
40 325 625 358 Nec certe moriens Hector, quo ſtante Pelaſgi
38 358 683 390 Non poterant rapidis populari Pergama flammis.
37 390 663 425 Non vrbs Lrneſſi d:repta, aut nobile regnum
34 423 524 450 Eetionis, & exciſæ tot funditus vrbes.
21 456 622 491 Clarius oſtendunt laudes pugnacis Achilli;
23 488 609 524 Quàm ſuras Clio tcagico ſubuxa cothuino:
30 522 594 555 Hæc ſemel vt tetigit gratâ dulcedine ſenſus,
33 556 729 594 Tunc quæ falſa hominum quiſquam vix crederet, illa
25 587 581 622 Vt vera, in noſtris animis infix a relinquit:
19 621 684 656 Quod licet hinc tibi non dubijs cognoſcere ſignis.
21 655 614 686 Nam quamuis olim Graij cum claſſe ſuperbâ
21 685 569 720 Venerunt Priami populatum regna beati,
21 720 642 754 Vt perhibent, multos aduerſo Marte per annos
28 753 597 786 Pugnarunt: tandem fracti ferroq; fameq;,
6 785 550 820 In patrios fines pelago rediere remenſo.
17 818 594 852 Nobile ſed tantum potuit florentis Homeri
27 852 579 886 Carmen, vti longo belli certamine Graios
18 883 517 918 Victores ceſiſſe putes e littore Troiæ.
19 917 646 951 Sic nemo eſt, magno qui non fateatur amore
15 946 537 976 Didonem neæ totis arſiſſe medullis:
21 981 709 1018 Cum tamen hiſtoriæ ſcriptores longe aliter, quàm
27 1013 636 1051 Virgilius tradant: ſed amabile carmen in imos
30 1044 596 1082 Irrepſit ſenſus hominum, pentusq; fefellit.
30 1079 668 1117 Tu quoq;, ſi ſummum perges Helicona nemuq;
27 1111 646 1147 Aonidum ſuperare, ſacrâ tua tempora fronde
31 1143 618 1180 Ornabis: tibi iamdiuino numine mentem
27 1177 582 1214 Calliope quatiet, raptus quo dulcia finges
704 1216 804 1248 Car-
