899 1337
321 39 578 66 ANTONII
71 81 663 119 Garmina, quæ ſeclis poterunt audita futuris
69 118 649 145 Inflammare animos æternæ laudis amore:
71 150 671 186 Carmina quæ ſiluis olim cantauit in alti
74 183 677 217 Ifmarius vates, rapidi cum flamina venti
75 218 668 251 Siſteret, & celeres Iapſus frenaret aquarum.
74 250 615 285 Tuam magni poteris magnis e regibus orti
75 283 639 319 quare & laudes, & fortia facta canendo
77 315 771 350 Coſmi, cui ſummum Superûm regnator honorem
76 352 622 386 Egregias propter virtutes detulit, atque-
76 386 585 420 Purpureos crines fulgenti nexuit auro,
76 414 721 454 Largitus ſceptrum, populos ctm vellet Etruſcos
78 451 586 484 Fluctibus è ſæuis olim, ſæuisq; periclis
79 484 693 521 Eripere, & miſeros tranquilla in ſede locare
81 519 612 554 Ergo qub vitæratio tua te vocat, & quo
84 547 786 584 Te ſtudium trahit, huc fauſto pede dirige greſſum
83 585 657 621 Nec quidquid plebs à Muſis aliena loquatur
84 618 776 652 Contra, tu magni facito; nec ſi quis, vt eſt mos
84 651 802 684 Nonnullorum hominum, tua carpat liuidus, atque.
86 685 653 720 Scribendi genus hoc totum corrodat acutis
85 718 637 755 Dentibus, idcirco deerres à tramite recto:
84 750 720 786 Imo iter inceptum peragas ſtudioſius, hac ſpe
84 785 635 819 Vt te florente Tyrrheni ab littore ponti
87 818 675 853 Fama ſuperſtes agat, ſolui metuentibus alis,
88 852 598 888 Extremos vſq; ad fines habitabilis oræ,
91 882 718 927 Qu pater Oceanus deformibus obſtrepit Indis.
204 919 717 954 Ad Georgium Epiſ Taruiſinum.
388 954 537 987 Epiola Ii.
89 985 710 1021 Hoc omnes ſunt ingenio, niſi fallor, ad vnum
91 1020 668 1055 Mortales, nullo vt pacto lenta otia toto
93 1052 593 1087 itæ curriculo poſſint traducere, ſic vt
92 1084 664 1120 Nil aliud plane tractent. cognoſeere primis
92 1117 716 1152 Hoc licet puerorum annis, quo temporelege
94 1152 650 1185 Naturæ viuunt. etenim formidine nulla,
96 1183 699 1219 Ne quid agant, nullo terreri verberepoſſun
95 1216 626 1247 Quod deſiderium vitæ labetibus annis,
805 1252 879 1289 s
