887 1318
307 10 556 50 ANGELII.
32 54 592 88 Qu vis extingui, ac mutari neſcia, tantat
39 88 575 121 Radices agit in nobis, vt munere Diuum
37 122 583 155 Nolimus ſomnum concedi, quo fuit olim
39 155 618 188 Oppreſſus bonus Endymion venator in alti
37 189 646 221 Latmi verticibus: non ſi iucunda voluptat
28 221 607 255 Debeat in ſomnis noſtros peruadere ſenſus.
31 255 631 289 Quin potius, ſi contingat, præſtare putemus
34 288 570 323 Immitem Lacheſim vitalia rumpere fila.
33 321 608 356 Adde his præterea. qui curas, quiq; labores
8 354 593 388 Et fugit, & peius nigris ſerpentibus horret,
31 388 621 422 Sæpe tamen ſtudioſo animo fugit otia lenta;
8 422 657 456 Cum petit alueolum, cum ludos quærit inane
28 455 694 489 Cùm longas ſermone benigno conterit horas,
18 489 570 523 Cætera cum quærit vitæ ſolatia: tantus
27 522 583 557 In noſtris animis amor eſt innatus agendi.
19 556 538 589 Idcirco quidam certis rationibus vſi
27 589 672 623 Nonnulli temere, ac veluti ſua quemq; volupt
29 621 591 651 Suaſit, certatim ſtudia in diuerſa feruntur.
27 654 518 688 Ille igitur prorſus ſeſe ciuilibus vndis
25 689 668 723 Immergit, quærens quâ nam regat arte modoq;
26 723 611 755 Mœrentes patriæ ciues, cum maxima clades
26 755 638 788 Impendet: vel cum tranquilla in ſede locato
24 789 588 822 Arcet ab aduerſis rerum fortuna procellis.
24 820 652 856 Hic autem heroas magnos, & neſcia vinci
22 854 594 890 Pectora miratus, dulciq; accenſus amore
22 889 637 924 Militiæ, graditur bellum in lacrimabile; dites
21 922 625 956 Iam menſas, iam deſidiam luxumq; peroſus;
20 956 517 988 Et calidi ſolis patiens & pulueris atri.
20 989 613 1023 Plerique indociles inopem traducere vitam,
22 1022 643 1061 Tyrrhenos fluctus & inhoſpita ſaxa peragrant.
22 1054 527 1089 Artibus in claris alij, clarisq; repertis,
25 1087 596 1125 Quæ veteres liquere olim quæſita labore
21 1118 715 1159 Magno, conſumunt quodcumq; hoc degitur æu
21 1154 538 1189 Sic alij tractant aliud, ne ſingula dictis
19 1187 711 1224 Perſequar, & ſtudia & curas. hc compede meutes
737 1226 818 1258 us
