875 1357
319 60 577 85 ANTONIT
50 57 109 86 r
56 102 733 135 Sunt hominum vinctæ; his nodis cæleſtibus aptæ-
55 136 619 171 Sed quia diuerſis mortalia corpora conſtant
55 171 619 203 Principijs, diuerſa etiam fateamur opoitet
58 203 661 236 Grata eſſe. idcirco, veluti plerumq; videmus,
57 237 589 270 Ex immutatis ſtudljs fit blanda voluptas.
56 270 638 303 Nam.cum defixis oculis, & pectore prompto
56 303 682 335 In re aliquâ multas auidi conſumpſimus horas,
56 336 626 369 Nos tamen interdum capiunt faſtidia, ſic vt
56 370 597 404 Ne vlterius liceat veſtigia figere. quare
55 403 607 435 In medio fefi ſpatio langueſcimus ante,
57 437 691 469 Quàm longe optatam poſſimus tangere metam.
54 469 607 494 Sic alio contuſam aciem traducimus acris
57 502 621 536 Ingenij; velut humanæ pars improba cogit
56 536 595 568 Naturæ; à recto mottales tramite ſæpe
56 570 620 603 Propterea cedunt, tales cum frangere leges
59 601 605 635 Seſe poſſe negent: ex quo eonſueuit oriri
57 635 796 668 Non minima vtilitas. nam mens quaſi nacta quietena
57 669 665 702 Optatam, extemplo rapido feruentior amne
56 700 609 735 Poſthabitas res inuadit, tempusq; reſatcit.
57 735 641 766 Ergo ij, quos varia Calabris in finibus olim
56 768 650 803 Doctrina eruit, pegnatus ſanguine Tuſco
56 800 712 835 Pythagoras, ſimul ac ſtuduiſſent abdita rerum
55 834 721 869 Percipere, obtuſam mentem, faturumq; ſolebant
58 868 704 902 Tranquillare animiem cithaii fidibusq; canoris.
58 901 643 935 Quin etiam ductor Ph:ſalæ claſis Ahilles,
59 934 606 968 Cum longum beili u? ſemotus ab omni
55 967 723 1000 Ad ſuauem citharæ ſtrepitum, Thebanaq; plectr
55 1001 644 1034 Magnanimûm horoum laudes & fortia facta
58 1034 602 1062 Cantaſſet, tandem Muſis ſatiatus ad atma
59 1068 569 1101 Sæ uior, & rapidis ventis & turbine diro
58 1100 707 1135 Coneſſit, celeresq; pedes tulit Hectora contra;
60 1130 619 1169 Hectora qui Graios crudeli Marte necabat
57 1162 736 1202 Tu quoque, dum Coſimi iûblimia tecta frequentas
57 1193 564 1234 Pontificis ſummi Orator, curaq; ſagaci
57 1224 606 1264 Elauris mandata Iij; verumtames, eti
785 1276 847 1304 Hae
