893 1338
322 47 575 71 ANGELII.
796 50 839 77 t
55 87 650 122 ae cauſsâ totumq; diem noctemq; labores
65 120 688 155 Peruigil, interdum longe in diuerſa neceſſe et
65 155 630 188 Inuitus rapiare; ad munera nempe futura
64 187 682 221 Vt feſſam mentem recrees, quæ plurima longo
67 221 703 255 Ordine ſuecedunt, velut vnda fugacibus vndis
66 254 766 288 Certe ego dumvigili ſtudio, quibus omnia primùm
61 288 617 322 Erebus conſtent, & quâà ratione creentut,
67 320 669 354 Qu rurſum redeant ſpatio confecta vetuſto,
61 354 617 387 Inquiro; ac diſco validA ratione, rotundo
54 387 664 420 Eſſe opus, vt totum conſiſtat corpore cœlum,
59 420 544 453 Certis incluſum ſpatijs, motuq; cieri
58 452 666 486 Perpetuo, & rabidis non poſſe à dentibus æui
59 487 672 516 Coirodi; contento animo dum ſcire laboro,
58 520 610 554 Aurea quo eæli moueantur ſidera motu;
56 554 571 586 Et quare æternæ tellus damnata quieti
61 587 613 618 Neſciat è mediâ mundi regione moueri;
61 619 586 653 Omnes cur pelagus terras, cur ſepiat aër
58 651 609 686 Vndiq; Neptuni fluctus, ſalſasq; lacunas:
59 684 687 720 Hoc duce, qui veluti liquidis Sol aureus vndis
58 719 544 751 Egreſſus clarâ ſpoliauit dera luce,
60 752 707 785 Sic famam extinxit Graiûm, quos prima tulere
59 785 755 818 Tempora, dehinc etiam quos poſtera protulit ætas:
58 817 699 851 Ipſe, inquam, cupidà peragro dum talia mente
58 852 660 885 Noctes atq; dies; tamen ijs plerumq; relictis,
58 883 630 917 Quod ſoleant noſtros Muſæ lenire labores,
57 917 687 957 Mirus Apollineæ frondis ſum cultor, & amns
57 952 534 985 Poto Caſtalios, & recto calle beatas
59 984 582 1017 Viſo Muſarum ſedes pulcrosq; receſſus.
62 1017 616 1050 At ſimul ingenij reparatæ in pectore vires,
65 1048 620 1085 Tum pede felici, quo me vetus illa cupido
63 1080 653 1116 Raprat agens, iterum curſus inuado trelictos.
67 1112 683 1149 Sic videor metam propius contingere quam i
64 1144 647 1181 Ipſam non vnquam deſerto calle petiſſem.
64 1180 738 1215 Quando ergo vtilitas oritur tam magna quiete
51 1213 609 1250 Ex interpoſitâ. non admitabere, quare
782 1251 850 1283 .
