<?xml version="1.0" encoding="UTF-8" standalone="no"?><PcGts xmlns="http://schema.primaresearch.org/PAGE/gts/pagecontent/2019-07-15" xmlns:xsi="http://www.w3.org/2001/XMLSchema-instance" xsi:schemaLocation="http://schema.primaresearch.org/PAGE/gts/pagecontent/2019-07-15 http://schema.primaresearch.org/PAGE/gts/pagecontent/2019-07-15/pagecontent.xsd"><Metadata><Creator/><Created>2022-04-11T06:44:12</Created><LastChange>1970-01-01T00:00:00</LastChange><Comments/></Metadata><Page imageFilename="0195.png" imageHeight="1338" imageWidth="893"><TextRegion id="r1" orientation="0.0" type="paragraph"><Coords points="1,1 891,1 891,1336 1,1336"/><TextLine id="l1"><Coords points="322,47 322,71 575,71 575,47"/><TextEquiv><Unicode/></TextEquiv><TextEquiv index="1"><Unicode>ANGELII.</Unicode></TextEquiv></TextLine><TextLine id="l2"><Coords points="606,121 650,119 650,87 55,87 55,121 482,122"/><TextEquiv><Unicode/></TextEquiv><TextEquiv index="1"><Unicode>ae cauſsâ totumq; diem noctemq; labores</Unicode></TextEquiv></TextLine><TextLine id="l3"><Coords points="688,120 482,123 65,122 65,155 688,155"/><TextEquiv><Unicode/></TextEquiv><TextEquiv index="1"><Unicode>Peruigil, interdum longe in diuerſa neceſſe et</Unicode></TextEquiv></TextLine><TextLine id="l4"><Coords points="628,187 630,186 630,155 483,155 413,157 65,156 65,186 129,186 150,188 515,188"/><TextEquiv><Unicode/></TextEquiv><TextEquiv index="1"><Unicode>Inuitus rapiare; ad munera nempe futura</Unicode></TextEquiv></TextLine><TextLine id="l5"><Coords points="682,220 682,187 414,190 178,190 129,187 64,187 64,220 536,221"/><TextEquiv><Unicode/></TextEquiv><TextEquiv index="1"><Unicode>Vt feſſam mentem recrees, quæ plurima longo</Unicode></TextEquiv></TextLine><TextLine id="l6"><Coords points="547,253 703,253 703,221 537,221 403,223 372,222 166,223 67,221 67,253 71,254 499,255"/><TextEquiv><Unicode/></TextEquiv><TextEquiv index="1"><Unicode>Ordine ſuecedunt, velut vnda fugacibus vndis</Unicode></TextEquiv></TextLine><TextLine id="l7"><Coords points="766,254 547,254 499,256 356,255 303,257 131,256 66,254 66,286 125,288 478,288 531,286 766,288"/><TextEquiv><Unicode/></TextEquiv><TextEquiv index="1"><Unicode>Certe ego dumvigili ſtudio, quibus omnia primùm</Unicode></TextEquiv></TextLine><TextLine id="l8"><Coords points="499,319 617,319 617,288 61,288 61,320 401,322"/><TextEquiv><Unicode/></TextEquiv><TextEquiv index="1"><Unicode>Erebus conſtent, &amp; quâà ratione creentut,</Unicode></TextEquiv></TextLine><TextLine id="l9"><Coords points="669,320 499,320 401,323 67,321 67,354 669,354"/><TextEquiv><Unicode/></TextEquiv><TextEquiv index="1"><Unicode>Qu rurſum redeant ſpatio confecta vetuſto,</Unicode></TextEquiv></TextLine><TextLine id="l10"><Coords points="617,386 617,354 468,354 341,356 98,355 61,356 61,385 77,384 110,387 558,387"/><TextEquiv><Unicode/></TextEquiv><TextEquiv index="1"><Unicode>Inquiro; ac diſco validA ratione, rotundo</Unicode></TextEquiv></TextLine><TextLine id="l11"><Coords points="664,387 378,389 185,388 134,389 109,387 54,387 54,419 72,420 664,420"/><TextEquiv><Unicode/></TextEquiv><TextEquiv index="1"><Unicode>Eſſe opus, vt totum conſiſtat corpore cœlum,</Unicode></TextEquiv></TextLine><TextLine id="l12"><Coords points="544,421 123,422 59,420 59,453 544,453"/><TextEquiv><Unicode/></TextEquiv><TextEquiv index="1"><Unicode>Certis incluſum ſpatijs, motuq; cieri</Unicode></TextEquiv></TextLine><TextLine id="l13"><Coords points="666,452 606,452 599,454 499,455 58,454 58,486 666,486"/><TextEquiv><Unicode/></TextEquiv><TextEquiv index="1"><Unicode>Perpetuo, &amp; rabidis non poſſe à dentibus æui</Unicode></TextEquiv></TextLine><TextLine id="l14"><Coords points="672,488 653,487 438,487 241,489 131,489 59,487 59,516 672,516"/><TextEquiv><Unicode/></TextEquiv><TextEquiv index="1"><Unicode>Coirodi; contento animo dum ſcire laboro,</Unicode></TextEquiv></TextLine><TextLine id="l15"><Coords points="610,521 389,520 238,522 58,521 58,552 110,554 610,554"/><TextEquiv><Unicode/></TextEquiv><TextEquiv index="1"><Unicode>Aurea quo eæli moueantur ſidera motu;</Unicode></TextEquiv></TextLine><TextLine id="l16"><Coords points="571,554 56,554 56,584 68,585 571,586"/><TextEquiv><Unicode/></TextEquiv><TextEquiv index="1"><Unicode>Et quare æternæ tellus damnata quieti</Unicode></TextEquiv></TextLine><TextLine id="l17"><Coords points="613,587 61,587 61,618 613,618"/><TextEquiv><Unicode/></TextEquiv><TextEquiv index="1"><Unicode>Neſciat è mediâ mundi regione moueri;</Unicode></TextEquiv></TextLine><TextLine id="l18"><Coords points="586,652 586,620 331,620 196,622 61,619 61,650 167,653 302,653"/><TextEquiv><Unicode/></TextEquiv><TextEquiv index="1"><Unicode>Omnes cur pelagus terras, cur ſepiat aër</Unicode></TextEquiv></TextLine><TextLine id="l19"><Coords points="609,684 609,653 303,653 269,655 201,655 166,653 98,653 58,651 58,683 126,686 419,686"/><TextEquiv><Unicode/></TextEquiv><TextEquiv index="1"><Unicode>Vndiq; Neptuni fluctus, ſalſasq; lacunas:</Unicode></TextEquiv></TextLine><TextLine id="l20"><Coords points="687,684 594,686 420,686 273,688 164,688 59,684 59,717 65,718 119,718 166,720 405,718 495,718 540,720 687,720"/><TextEquiv><Unicode/></TextEquiv><TextEquiv index="1"><Unicode>Hoc duce, qui veluti liquidis Sol aureus vndis</Unicode></TextEquiv></TextLine><TextLine id="l21"><Coords points="544,722 539,720 405,719 166,721 119,719 58,719 58,751 544,751"/><TextEquiv><Unicode/></TextEquiv><TextEquiv index="1"><Unicode>Egreſſus clarâ ſpoliauit dera luce,</Unicode></TextEquiv></TextLine><TextLine id="l22"><Coords points="60,752 60,785 707,785 707,752"/><TextEquiv><Unicode/></TextEquiv><TextEquiv index="1"><Unicode>Sic famam extinxit Graiûm, quos prima tulere</Unicode></TextEquiv></TextLine><TextLine id="l23"><Coords points="755,785 617,785 583,787 266,786 166,787 115,785 59,785 59,816 84,818 755,818"/><TextEquiv><Unicode/></TextEquiv><TextEquiv index="1"><Unicode>Tempora, dehinc etiam quos poſtera protulit ætas:</Unicode></TextEquiv></TextLine><TextLine id="l24"><Coords points="699,819 692,818 122,820 58,817 58,849 102,851 699,851"/><TextEquiv><Unicode/></TextEquiv><TextEquiv index="1"><Unicode>Ipſe, inquam, cupidà peragro dum talia mente</Unicode></TextEquiv></TextLine><TextLine id="l25"><Coords points="660,852 322,852 239,854 58,852 58,882 72,883 125,883 141,885 291,885 370,883 413,883 436,885 660,885"/><TextEquiv><Unicode/></TextEquiv><TextEquiv index="1"><Unicode>Noctes atq; dies; tamen ijs plerumq; relictis,</Unicode></TextEquiv></TextLine><TextLine id="l26"><Coords points="630,886 436,886 413,884 370,884 292,885 264,887 165,887 125,884 58,883 58,916 630,917"/><TextEquiv><Unicode/></TextEquiv><TextEquiv index="1"><Unicode>Quod ſoleant noſtros Muſæ lenire labores,</Unicode></TextEquiv></TextLine><TextLine id="l27"><Coords points="687,956 687,918 288,918 229,920 57,917 57,949 198,951 458,950 567,953 593,952 603,957 666,957"/><TextEquiv><Unicode/></TextEquiv><TextEquiv index="1"><Unicode>Mirus Apollineæ frondis ſum cultor, &amp; amns</Unicode></TextEquiv></TextLine><TextLine id="l28"><Coords points="534,953 57,952 58,980 100,980 129,983 206,985 534,985"/><TextEquiv><Unicode/></TextEquiv><TextEquiv index="1"><Unicode>Poto Caſtalios, &amp; recto calle beatas</Unicode></TextEquiv></TextLine><TextLine id="l29"><Coords points="582,985 206,986 165,984 59,984 59,1015 120,1015 155,1017 582,1017"/><TextEquiv><Unicode/></TextEquiv><TextEquiv index="1"><Unicode>Viſo Muſarum ſedes pulcrosq; receſſus.</Unicode></TextEquiv></TextLine><TextLine id="l30"><Coords points="616,1019 360,1018 183,1019 154,1017 62,1017 62,1045 187,1050 616,1050"/><TextEquiv><Unicode/></TextEquiv><TextEquiv index="1"><Unicode>At ſimul ingenij reparatæ in pectore vires,</Unicode></TextEquiv></TextLine><TextLine id="l31"><Coords points="620,1083 620,1052 568,1051 230,1052 114,1048 65,1048 65,1077 76,1077 85,1079 107,1079 168,1083 498,1085"/><TextEquiv><Unicode/></TextEquiv><TextEquiv index="1"><Unicode>Tum pede felici, quo me vetus illa cupido</Unicode></TextEquiv></TextLine><TextLine id="l32"><Coords points="644,1115 653,1112 653,1084 498,1086 243,1085 168,1084 107,1080 63,1080 63,1111 151,1113 194,1116 621,1116"/><TextEquiv><Unicode/></TextEquiv><TextEquiv index="1"><Unicode>Raprat agens, iterum curſus inuado trelictos.</Unicode></TextEquiv></TextLine><TextLine id="l33"><Coords points="683,1112 657,1112 644,1116 591,1118 458,1119 194,1117 151,1114 67,1112 67,1143 81,1144 156,1145 239,1149 683,1149"/><TextEquiv><Unicode/></TextEquiv><TextEquiv index="1"><Unicode>Sic videor metam propius contingere quam i</Unicode></TextEquiv></TextLine><TextLine id="l34"><Coords points="647,1150 293,1152 187,1147 64,1144 64,1177 194,1179 225,1181 647,1181"/><TextEquiv><Unicode/></TextEquiv><TextEquiv index="1"><Unicode>Ipſam non vnquam deſerto calle petiſſem.</Unicode></TextEquiv></TextLine><TextLine id="l35"><Coords points="738,1180 703,1180 697,1183 499,1184 287,1184 194,1180 64,1180 64,1214 71,1210 96,1210 226,1213 240,1215 738,1215"/><TextEquiv><Unicode/></TextEquiv><TextEquiv index="1"><Unicode>Quando ergo vtilitas oritur tam magna quiete</Unicode></TextEquiv></TextLine><TextLine id="l36"><Coords points="609,1217 258,1218 254,1216 188,1213 66,1213 62,1216 51,1216 51,1250 609,1250"/><TextEquiv><Unicode/></TextEquiv><TextEquiv index="1"><Unicode>Ex interpoſitâ. non admitabere, quare</Unicode></TextEquiv></TextLine><TextLine id="l37"><Coords points="782,1251 782,1283 850,1283 850,1251"/><TextEquiv><Unicode/></TextEquiv><TextEquiv index="1"><Unicode>.</Unicode></TextEquiv></TextLine><TextEquiv><Unicode/></TextEquiv></TextRegion></Page></PcGts>