882 1339
32 1 652 36 Hæetibi ſim Latiâ modulatus carmina linguâ;
44 36 629 73 Exopto monſtrare mei dum teſtibus illis,
35 69 620 107 Ergate quam ſint arctiſſima vincula amoris:
36 102 672 141 Ex quo me doctrina tua, & prudentia, & ingent
33 136 654 173 Integritas multis rebus ſpectata, volentem
34 169 574 207 Adiunxere tibi, & nodo vinxere tenaci.
34 203 651 236 Nec tu etiam, lauri ſemper frondentis amator,
33 235 582 273 Id genus abiectis contemnes otia Muſis.
36 270 565 302 Nam cur ſectari veterum veſtigia vatum
33 301 815 345 Quemquam hominem pudeat? cum vertice ſidra tangat.
34 336 591 371 Cuius Theſpiades caput impediere virenti
43 371 556 404 Lauro? præterea quorum dixere poëtæ
44 404 545 433 Sacri virtutes, non illos ſæcula centum
42 436 562 465 Viderunt vectos in famæ curribus altisl
34 468 806 505 Cert equidem haud dubito, quin tu quoq; docte Georgi,
44 503 777 538 Scriptorum genus hoc credas dignum eſſe, quod omnes
44 536 638 569 Omnibus offcijs, & magnis laudibus ornent.
41 569 631 605 Ergo vtinam me Calliope blandiſſima ſancto
40 602 626 637 Incitet adflatu, raptus quo carmina fingam.
40 636 640 670 Tunc etenim ſacris quoniam conceſſa poëtis
41 669 629 704 Dicendi vis mira atque Hyblæ copia melle
33 704 583 736 Dulcior, argutas cantu quæ decipit aures,
42 735 685 772 Cum terrore animum replet, aut perfundit inani
40 770 588 804 Lætitiâ, aut quoties incendit triſtibus iris,
40 803 656 836 Aut etiam magno riſu quatit, atque ita noſtros
41 836 647 872 Quo libuit, ſenſus lentis quaſi flectit habenis.
40 870 644 905 Tunc igitur, ſi quid veri mens præuidet, aures
41 904 663 937 Sæpe tuas blandè adlicerem. tu victus ab huius
42 938 543 972 Illecebris & mellitâ dulcedine cantus,
39 971 535 1003 Iurares vere non ficto pectore, multis
40 1003 659 1035 Me tunc officijs ornandum & honoribus eſſe
39 1035 741 1075 Sed quoniam nec tanta manent me præmia, nsc ſpes
38 1072 707 1108 Scribendi, quod in hoc, & lonum viuat in æuum,
36 1106 657 1138 Hoc contentus ero, læuia nc ſ oarmina noſtri
40 1139 688 1183 voles im tsenuptum & piuus amotit,
776 1174 828 1208 A
158 1260 196 1279 .
