891 1340
311 23 556 48 ANGELII.
778 23 822 48 I6
193 65 666 100 Ad Angelum Nicolinum. EpiſtolaII.
48 99 628 132 Erimium claræ patriæ decus Angele, paucos
40 133 624 166 Inuenies homines, quicumq; à littore rubri
40 166 700 199 Sunt maris ad Gadium fines, Solemq; cadentem,
40 199 705 233 Quorum ſi in populis induſtria magna regendis
52 233 655 267 Luceat; ijdem etiam pectus virtutibus ornent
55 267 665 299 Ingenuis adeo, vt quoties licet, omnibus à ſe
55 300 534 333 Amotis longe curis grauioribus, illas
55 332 635 367 Toto amplectantur ſtudioſi pectore. quo tu
54 366 651 401 In numero poſitus, cùm rerum fluctibus atris
42 399 568 428 Iactare, & vari curarum mole labores,
41 432 729 467 Et Coſmo & patriæ ſapiens dum conſulis: rbem
51 467 704 500 Sæpe tamen, tibi quæ negat otia pulcra, relinquis
41 500 652 531 Feſſus, & vmbriferæ ſectaris commoda villæ;
49 533 628 567 Mirus vbi cultor Phœbeæ frondis, & amnes
51 567 615 601 Epotus ſanctos, modularis carmina auenâ,
51 601 627 634 Quæ doctas aures gratâ nouitate morentur.
51 631 684 667 Sie tamen, vt videas eriam quæ carmina fingat,
38 666 709 701 Quamuis culta parum, ſacri nouus incola montis,
49 700 668 735 Dum tibi ſit magno coniunctus fœdere amoris
52 732 700 768 Quocirca bene quando audis hoc nomine, verſus
51 767 673 802 Hos ad te miſi; breuiter quibus accipe, quare
50 801 660 834 Tempus ad hoc vixi ſtatuâ taciturnior ipſe,
52 833 681 868 Qui tibi ſum magno coniunctus fœdere amoris.
51 867 641 901 Si pollerem acri ingenlo, quo Caſſius olim
49 900 617 930 Parmenis, nec me dicentem florida rerum
51 933 672 968 Copia deficeret; ſed tanquam iugis aquæ fons,
49 967 608 1001 Manaret permulta meo de pectore, ſæpe
50 999 655 1033 Te compellaſſem: ſed enim concludere verſu
34 1033 703 1068 Si quidquam volo, præſertim quo tempore canas
48 1068 602 1101 Btuma niues large Tyrrhenis illinit agris.
50 1100 655 1135 Protinus OEagri coniux formoſa canentem
53 1130 580 1160 Deſerit, & dulces lauri victricis honores
53 1165 637 1200 Inuidet, atq; ad ſe Sophiæ blandiſſima Siren
53 1198 680 1240 Non patitur tapiens ali conuertere mentem
782 1230 831 1260 Sed
548 1237 613 1263 5
