888 1341
308 39 568 69 ANTONII
53 52 107 75 Io
53 86 618 121 Sed ſimul ao cœpit placidi ſpirare Fauonij
52 121 620 153 Aura leuis Floræq; ſacri procurrere menſes,
54 154 657 187 Sub iuga diſſimiles animos quæ mittit ahena,
51 187 686 220 Interdum genus hoc ſtudiorum linquere cogit
55 221 567 253 Vicinus calor, & tempeſtas aurea veni
54 254 590 282 Luminis, ad colles hortatur adire beatos
57 286 699 321 Caſtalidum. inprimis virtus tua magna, meusq;.
54 320 671 353 In te dulcis amor, quem nulla iniuia, nuili
55 353 762 387 Temporis anfractus poterunt abolere prius, qum.
56 387 572 420 Cælicolûm iuſſu vitalia lumina linquo,
55 419 641 453 Ad verſus & ad hæc Muſarun ſacra volentem
56 453 677 486 Seuocat, inq diem ſtimulis magis vrget acutis.
55 487 632 521 Nam cum me toruo pridem crudelis egeſtas
56 521 637 552 Terreret vultu, velut impia Tyndaris olim
57 552 622 587 Cum gnati flammis vlticibus ora petebat;
57 587 692 620 Quæ mitis natura tua eſt, & candida, prompto
56 619 564 645 Pectore ſanaſti fortunæ vulnus acerbæ,
57 652 643 687 Confugi ſimul ac ad te; meq; omnibus ipſs.
57 686 591 721 Iuuiſti officijs, quæ non ingrats ahenâ
55 720 590 753 In mentis tabula ſcripſi: ne forte putaris
58 753 598 787 In vas pertuſum latices fudiſſe liquentes.
59 787 744 820 Sed cum re nequeam munus perſoluere dignum
59 820 744 854 Certe quod.potero teſtabor catmine, quantum
59 854 715 887 Deuinctus tibi ſim: quæ non erit infima merces;
60 887 636 912 Omnia cum benefacta velint in luce locaii.
60 919 762 954 Nam quamuis intedum homines virtute quieſcant.
58 954 640 982 In ſola, tamen e multis vix millibus vnum-
58 988 636 1022 Aut æque dignum decorari laudibus amplis
61 1020 580 1055 Eſficiat, quam ſi miſeris feciſſc benign
62 1054 658 1088 Gaudcat, & ſemper velit ornibus eſſe beat
61 1088 665 1119 Qurum cum fueris valde, niſi fallor, auarus,
61 1119 750 1155 Hæc animaducrtens, tua quæ piudentia ſumma eſt,
61 1153 650 1188 Pulcra Tarentini ſequeris præepta magiſtri,
61 1187 722 1226 Atque aliorum hominu, quins hac viue e leg
60 1218 639 1253 Dicunt, vt noſlri ndict o iu,
775 1262 849 1282 I
