880 1339
303 38 546 62 ANG 2 .
52 82 701 117 nm pater & genetrix; tum quæ nos patria tellu
48 117 604 150 Excepit gremio, cum primum lumina vitæ
48 149 698 184 Atigimus; partemq; alij, quibus eſt opus, vnde
48 184 676 216 Iure homines hominum cauſsâ videantur oriri;
44 217 604 251 Vt docuit ſapiens Chryſippi porticus. ergo
52 250 572 285 Illiquàm longe à rectâ ratione ferantur
55 282 674 319 Qui nobis ſuadere volunt, vt prorſus ab omni
56 317 552 351 Seiuncti popuſi turbâ, callemq; ſecuti
54 350 725 382 Ignotum, ſic viuamus, ne viuere quiſquam.
54 383 653 416 Nos ſciat, aut tacitæ conſumi frigore mortis:
53 415 694 448 Sic etenim fore vti comitem ſe blanda voluptas
52 450 605 485 Præbat, & vitæ peragantur ſuauiter anni
51 480 748 518 Mecum colligito. cuiuis cognoſcere promptum et,.
53 516 617 550 Talis quo pacto præcepti inuentor, & vnà
50 551 553 583 Addictus diſciplinæ grex illius omnis,
50 583 695 614 Hoc vnum ſtuduere, vt dignos laudibus omns
50 617 640 652 Non ſolum patriæ ciues, ſed & vltimus orbis
52 650 728 684 Sciret. praue igitur faciunt, poſitoq; pudore
50 681 687 718 Decipiunt: nam verba nihil moror iila; ſed odi
51 717 643 751 Aduerſi quibus & mores & facta repugnant.
84 750 682 785 Præterea, quibus hæc inſtillant aurea dicta?
51 783 636 817 Anne illis, rerum quos mita inſcitia fœdat?
53 816 599 851 Et quos dedecorat vitij turpiſſima labes?
53 849 752 885 Verum hoc perſimile eſt, ac ſi quem maxima febis
54 884 783 918 Cum tenet, aut alius morbus, tum dicere pergant
54 918 666 950 Ipetito obſcuram noct em, fuge lumina Solis,
52 951 645 984 Vt, quo ſis morbo coireptus, neſciat artem
51 984 649 1017 Doctus Pæoniam; qui te tibi parcere cogens,
49 1018 539 1052 Eximat e nigris Orci vaſtisq; lacunis.
53 1050 708 1084 Tu quoq; deformi vitiorum ærugine ſœdus
51 1084 822 1117 Fac lateas ſopientem hominem, ne forte modum que
56 1117 623 1151 Adponas, aut forte fuges vitia omnia duris
60 1150 652 1182 Vurtutum nodis, & ahenâ compede vinctus.
55 1182 672 1215 Hunc ine in obſcuram vitam tatio vlla releget
84 1216 712 1261 Qod ſi præciiunt illi, qui ſer hone
734 1246 839 1276 vlt,
