887 1340
312 19 557 43 ANTONII
44 61 576 96 Vixit, & inſigni doctrinæ lumine claret;
44 96 595 129 Plurima qui poſſit mortali commoda vit
47 129 585 162 Adferre, vt cœtu viuat ſecretus ab omni:
46 162 660 194 Nonne Epaminondæ ſuadent abflſtere bello?
46 196 620 229 Ne ſegnes homines ad ferrea concitet arma,
45 228 663 262 Triſtia cum miſeris impendent funera Thebis?
45 262 640 296 Neve idem propere Graiorum vindicet vrbes
45 294 628 330 Turpiter oppreſſas? non hoc ſuadetur & ilii,
45 330 588 363 Qui ſibi deuictis inuenit nomen ab Afris?
35 363 640 397 Ne patriæ ferat auxilium, quo tempore ſæuus
42 397 638 430 Annibal occiſis hominum tot millibus, vrbos
42 430 610 463 Heſperiæ miſeras ferro flammaq; laceſſit?
41 464 632 497 Atqui ſi in cæcis tenebris latuiſſet ad vſque
42 497 615 530 Extremum vitæ ſpatium, iam forſitan orbis
41 531 626 564 Imperium conceſſiſſet gens Romula Pœnis;
40 564 631 598 Ergone præſtiterit fallentem ducere vitam
42 597 610 632 Ne ſi præſidium queat eſſe, & ſtella ſalubris
40 632 682 665 Huic homini, mutata retrorſum quem tulit aur,
42 664 658 696 Subleuet, aut doceat fortunæ ferre ſuperbæ
40 698 649 732 Imperium; ne ſit demum mirabile cuiquam
39 732 710 765 Virtutum exemplar? quo ductum ignobile vulgus
42 765 558 797 Sæpius exarſit magno virtutis amore.
40 798 598 832 Ac magis à vitijs ſanum ſe reddidit, atrox
38 832 696 865 Exitium quæcumque ferunt, aut nomen inuruut
38 864 587 899 Famoi, quàm ſi certis rationibus ipſum
37 898 597 928 Abſterrere velis. nec tu vir candide neſcis,
39 932 619 966 Quo pacto ignauâ langueſcant corpora vit,
36 967 621 998 Langueſcant animi. ac veluti ſi forte cauatis
36 999 664 1035 Delituit foſſis cumulus collectus aquarum,
36 1033 692 1067 Hluxerit vt nuſquam, breuibus computruit horit:
37 1066 647 1101 Sic hominum qui ſe non notâ in ſede locarunt
33 1099 590 1134 Dijuncti proculà vulgo, rerumq; moleſtis
35 1132 770 1174 Fluctibus; horum, inquam tum vis in rebus agendis,
37 1166 592 1202 Tum dotes animi longâ rubigine torpent.
37 1197 578 1237 Nonne videmus vti noctis caligine nigrâ
734 1241 820 1267 Acto
