896 1340
329 37 578 64 ANGELII.
790 44 832 71 ya
48 81 672 116 Accedente, malus mortalia corpora languor
46 116 629 149 Inuadit? fractiq; animi torpedine quadam
47 149 728 185 Eſe videntur? & ipſa etiam, quaſi languidus ignit
47 183 680 215 Mens oppeſſa parum viget? at cum pulcra diei
50 216 652 246 Tela renaſcuntur, videas mollibus omnes
49 249 589 283 Mortales ſtratis exurgere, & acriter illo,
53 282 561 316 Qub iuſſit vitæ ratio ſuſcepto, reuerti.
53 316 756 350 Tanto igitur præſtat lumen ſqualentibus vmbrs,
53 351 664 384 Quantum concedit vitæ mors lugubris; vnde
49 383 585 416 Amplecti Iucem par eſt, odiſſe tenebras.
49 417 674 450 Sic mihi qui nullis traductum teſtibus æuum
47 451 679 482 Laudarunt, vano in tumulo ſe condere viuos,
47 485 613 518 Ac prope vitales auras damnare videntur,
47 518 628 551 Naturamq; ipſam; quæ nos in lumina Solis
46 551 646 584 Edidit, & blandum diſcendi inſeuit amorem.
49 585 603 618 Quapropter? fugiamus vt veſtigia longe
45 618 542 651 lorum,qui nos vitæ præcepta beatæ
44 650 700 685 Edoceant, noſtrumq; animum virtutibus ornent
42 684 589 718 Ingenuis? & præcipue ſi reddere poſſint
45 718 709 751 auſſas, cur hæc ſint tanquam meliora petenda
43 752 663 784 Hæc tanquam peiora citâ fugienda pedum vit
44 785 582 818 i poſint animo ſpinas euellere acutas?
43 819 722 851 Nam cum nos cogunt ingratum conterere æuu
44 851 533 880 Triſtitiæ, vaniterrores, anxia cura
43 884 646 919 rum quid ſit opus facto caſtiſſimus heros
44 918 664 952 Bellerophon doceat? qui tempeſtatibus atris
43 952 667 985 Mœrorum oppreſſus, loca deuia ſolus amabat
45 986 580 1013 Incolere, & tritos calles vitare ſuum cor
42 1019 598 1051 Dilacerans, veluti campi teſtantur Alæi?
44 1043 775 1084 Nonne hoc ridiculum? aut potius miſerabile? nbnne
42 1085 587 1117 Et melius ſapientis amici limen adire
46 1116 665 1151 Poſſe, graues curas penitus qui pellat ab ægro
49 1149 723 1185 Pectore, vel minuat, pulcra & memoranda locutus?
47 1183 693 1219 tqui non licet hoc, modo ſi præcepta ſoquamur
45 1214 577 1251 Iſtorum: quia ſi ignoti iuamus, amici
743 1247 831 1277 Noba
