885 1341
226 14 634 51 HIER. ANGERIAN
49 29 92 56 4
52 70 625 105 Nobis defuerint. ſic verò poſſumus omnes
31 103 640 136 VOmnia ſuppeditare viciſſim commoda vitæ.
52 138 618 171 Ille igitur recte concedet in abdita, vel qui
54 171 645 202 Toto animo, & totâ cœleſtia mente capeſſit;
52 204 672 238 Vel nullius egens, qui vni ſibi commodus odit
54 238 661 270 Humanum genus, atque Deo concedere terræ
54 270 695 303 Imperium non vult; animoq; minatur acerbum
55 303 641 338 Interitum, ſimul ac de corpore ceſſerit. at te
42 338 576 371 Illum qui mortidemis, cœlique beatum
54 370 568 403 Sedibus adfigis, ſi pure vixerit; atque
57 404 590 437 Si contra impure, limoſo tradis Auerno,
40 437 746 470 Non reliquum vitæ ſpatium decurrere eodem
54 470 609 504 Pacto tædebit; ſed aperta in luce moratus
57 503 639 537 Conſiliiſq; bonis, & quâ potes, arte iuuabis
56 537 578 569 Oppreſſos tetris Fortunæ cladibus;vnde
41 571 622 603 Dulcia magnanimæ irtutis præmia carpes;
56 603 657 636 Cum te perpetuo grati, memoreſq; tuorums
52 636 617 668 Mortales in ſe meritorum ad ſidera tollent.
57 670 535 701 Sin ſecus obliti faciant, vt ſæpius vſu
43 703 592 736 Euenit, non ipſe tamen vereare nocentes
42 736 587 769 Nepœnis pro delicti genere vrgeat æquis
45 768 655 801 Et te reſpiciat domus ætheris, vnde bonorum
45 802 601 844 Aureus æterno tibi defluat ab Ioue riuus.
401 921 576 940 EDI
140 921 714 969 iAN ANl,
147 922 244 941 E
325 970 532 1009 Egpoo.
257 1022 597 1053 AdIo. Iacobum Caſtilonu.
53 1065 796 1100 VNERAi nequeo tibi mittere magna; libellum
59 1100 746 1139 V Hunc paruum, & nugas, vt queo.mitto meas:
57 1132 614 1166 At ſi laudandâ completur voce Iibellus
94 1167 636 1198 Hic paruus, dignum & nobile munus erit.
59 1198 669 1233 Deficiunt veſtes, argentum,& iaſpis, & auruma
779 1228 840 1258 S
