888 1327
234 1 607 24 ÆROTOPÆGNION.
38 42 639 76 Se non quæ doctâ carmina ſcripta manu.
30 75 681 110 it quodcunq; tamen. quod trado, ſuſcipe. ſape
70 109 583 134 Vilibus ornatur frondibus ara Deûm.
43 141 743 182 Suſcipe. cor trado, & mentem cum corde, meumq
78 175 683 209 Trado animum: hic animi eſt picta figura mei.
27 209 582 234 Caſtileonæos inter venerandus honores
82 243 581 275 Primus es & patriæ gloria prima tuæ:
45 275 607 303 Et maiora meres, noſco: ſi cernis amorem
37 308 628 342 Ipſe meum; magni pignus amoris habes.
299 343 428 376 Deſci.
29 375 607 409 Aonium, vt fierem vates, haurire liquorem
82 408 607 442 Optabam. & lauri nectere fronde caput.
38 442 621 470 Acceſſi ad fontes; vidit me Phœbus ab alto
79 475 636 509 Culmine; quæ poſcis dona, negantur, ait.
39 509 571 536 Eie ctus leui: tandem miſerata labores
78 542 647 577 Alma Venus; Paphias, i, bibe, dixit, aquas.
34 574 589 608 Aeceſfi, & ſitiens abſorpſi mixta venenis
79 608 607 640 Pocula, & ignifero merſus in amne fui.
31 642 691 675 Nunc hæc pœna mihi: nam dicere cogor amores,
82 675 562 704 Non carmen; fati cantor & eſſe mei,
308 710 557 737 De Calia, & Amore.
26 739 660 776 Laſſatus curſu, & quærens requieſcere, pulchræ
74 776 631 808 Virginis in gremium candidus ibat Amor.
26 808 703 841 Illa excandeſcit; tanquam Notus imbribus actus
79 841 618 874 Tanquam in veſano nigra procella mari.
34 875 693 908 Excutit hunc totis manibus, proclamat, & obſtat;
77 908 568 934 Pollueretcaſtos ne ſibi flamma ſinus.
39 943 609 971 Cur ita trudor? ait Deus; admiratur. at illa
76 975 562 1008 Illa inquit, non ſum Cælia nota tibi?
39 1008 722 1048 Vt pede qui preſſit colubrum, poſthorret, abitqua
77 1042 624 1075 Sic miſer audito hoc nomine fugit Amor.
39 1074 602 1107 Et fugiens dixit; fugienti parce. parentem
81 1107 619 1140 Credideram, non te. tu mihi viſa parens.
299 1142 444 1166 Ad cCliam.
39 1171 566 1207 Non ego turbati creſcentia nubila cœli.
748 1209 822 1237 Nn
