886 1340
282 24 653 57 IER.ANGERIANI
62 25 178 67 7s
99 76 599 111 Non vereor luctus atra procella tuos:
62 107 743 145 Non mare quum ſæuit ventis, non grandinis ictus,
101 143 670 177 Non dura imperio fulmina miſſa Iouis;
64 172 745 212 Non peſtes, morboſq; raues, non plena cicutis
98 210 643 241 Pocula, non colubri dira venena trucis:
62 242 695 275 Non ſubitos terræ motus, non horrida Martis
99 277 582 310 Prælia; non caſus ſors malefida tuos:
65 311 649 346 Non rapidos ignes,non mortis tela recuruæ,
93 345 678 380 Non Styga, non, terno qui vorat ore, canem.
69 376 638 409 Nil hæc, at ſolum vereor te Cælia; ſolum.
100 410 610 447 Tu potis & vitam, & tradere fata mihi.
302 445 467 477 De ſu eigie.
65 477 589 513 Vera mei effigies hæc vultus, deficit vna
100 512 711 547 Vita hic: quùm picta eſt, non ego viuus eram:
244 546 610 579 Deformâ & ipientiâ dialgus.
47 578 742 613 Forma quid eſt? decor almus, viuax gratia, gratus
102 612 659 638 Per iuſta admixtus membra colore fauor.
68 645 706 681 Quæ ſoror huic? ſoror huic felix ſapientia. at illa
100 678 706 711 Illa animum, hæc oculos conſpicienda rapit.
71 710 758 748 Quæ formoſa, magiſque
102 745 546 774 Allicit; illato lumine cuncta beat.
71 776 727 813 Sed cur hanc ſequimur, iacet altera preſſa. letq;?
105 812 679 846 Non mirum placida hæc, & leuis illa riget.
72 846 629 879 Hæc grato, & dulci procedit, & ore nitenti;
103 879 655 912 Illa in compoſitis ſtat pudibunda comis.
69 912 697 947 Hæc quare inflammat? viuos quia viſa per artus
104 946 560 978 Inluit, & radiis cor bibit ipſa ſuis.
69 979 712 1014 In precio quæ ſtat? fuluo hæc precioſior auro:
105 1011 740 1048 Hanc quis non magnum numen habere videt
71 1046 618 1073 Cur hæc feuenti ceu flos æſtate fatiſcens
105 1080 652 1108 Præfertur? nitet hæc: hæc nitet, illa latet.
72 1111 745 1147 Hoc, quod cernit, amat quiſquam, miratur & illud.
109 1146 680 1180 Hinc veniunt, chartis quæ modo texo meis.
76 1178 658 1214 Quid tunc Pallas erat, vis & Iunonia, malum
112 1212 637 1246 um tulit à pulchro iudice læta Venus?
782 1242 853 1270 Ouis
