894 1339
272 28 646 58 EROTOPGNION.
61 72 703 109 Quid.ni forma fuit? per quam tot funera Tros
104 108 689 140 Acciperent? per quam Græcia mœſta forct
58 141 679 175 Hyperides ſileat; potuit ſua pectora Phryne
99 174 544 207 Denudans rigidi flectere iura fori.
63 208 769 242 Et orgo attonitos in marmora vertit amantes,
92 242 593 272 Vicit & attonitos Hippodamia duces.
55 274 745 307 Non mirum ergo, meos ſi Cælia flexit ocellos:
101 309 717 344 Digna eſt illa homines, digna mouere Deost
338 344 457 367 De Cælia.
59 375 704 408 Sunt geminæ Veneres, Muſæ bis quinque Dianæ
99 408 668 442 Et geminæ, pulchræ quatuor & Charites.
52 442 676 470 Omnibus inrebus Venus eſt mea Cælia, Muſs
84 475 635 504 Docta, Diana nitens, & ſine labe Charis.
269 509 517 535 De Cælia, & Amore.
55 541 680 576 Cælia fatur; Amor fatur: ſua lumina pandit
87 575 615 608 Cælia, purpureus lumina pandit Amor.
40 609 656 640 Cælia dormit, Amor dormit. ſtat Cælia ſola
93 643 630 671 Solus Amor, ridet Cælia, ridet Amor.
54 675 686 708 Cælia plaudit, Amor plaudit. dat Cælia cantus,
91 709 635 743 Cantat Amor. plorat Cælia, plorat Amor.
51 743 729 776 Cælia pelctra manu tractat, ſua plectra decorus
89 776 632 805 Tractat Amor. vadit Cælia, vadit Amor.
49 808 732 846 Quodcunq; hlia facit, facit hic. tamen ordine in vno
81 843 625 872 Hoc variant; ſæua eſt Cælia, mitis Amor.
268 878 449 908 d roſam.
44 907 779 944 Pulchra breui duras, roſa, tempore; forma breuiqt
76 943 769 982 Tepore; ſic formæ pat, toſa, tempus habes.
362 979 558 1004 Ad Cæliam.
44 1010 678 1044 Cernentes Superi, qualis non amplius vnquam
84 1041 604 1077 Viſa fuit, formam, diua puella, tuam;
37 1075 625 1104 Ilorum vnus ait, cur olim maximus arſit,
82 1108 614 1143 Nunc friget, tanto nec calet igne Deus?
39 1143 645 1173 Luropæ & Danaes, & Ledæ vincit honorem,
82 1174 611 1209 t nihil hac tanto fulget in orbe magis.
41 1208 700 1245 Diit Amo,verum; ſed priſeo tempore nulla
755 1242 834 1276 Vuo
558 1244 591 1279 M
