<?xml version="1.0" encoding="UTF-8" standalone="no"?><PcGts xmlns="http://schema.primaresearch.org/PAGE/gts/pagecontent/2019-07-15" xmlns:xsi="http://www.w3.org/2001/XMLSchema-instance" xsi:schemaLocation="http://schema.primaresearch.org/PAGE/gts/pagecontent/2019-07-15 http://schema.primaresearch.org/PAGE/gts/pagecontent/2019-07-15/pagecontent.xsd"><Metadata><Creator/><Created>2022-04-11T06:50:12</Created><LastChange>1970-01-01T00:00:00</LastChange><Comments/></Metadata><Page imageFilename="0207.png" imageHeight="1344" imageWidth="905"><TextRegion id="r1" orientation="0.0" type="paragraph"><Coords points="1,1 903,1 903,1342 1,1342"/><TextLine id="l1"><Coords points="272,34 272,84 638,84 638,34"/><TextEquiv><Unicode/></TextEquiv><TextEquiv index="1"><Unicode>EROTOPGNION.</Unicode></TextEquiv></TextLine><TextLine id="l2"><Coords points="299,92 299,113 540,113 540,92"/><TextEquiv><Unicode/></TextEquiv><TextEquiv index="1"><Unicode>mt amorus..</Unicode></TextEquiv></TextLine><TextLine id="l3"><Coords points="71,119 71,155 732,155 732,119"/><TextEquiv><Unicode/></TextEquiv><TextEquiv index="1"><Unicode>Quid ſpectatis? Amor ſum ſaxeus; armaque fictus</Unicode></TextEquiv></TextLine><TextLine id="l4"><Coords points="103,155 103,188 601,188 601,155"/><TextEquiv><Unicode/></TextEquiv><TextEquiv index="1"><Unicode>Ficta geio. viuens Cælia; verus Amor.</Unicode></TextEquiv></TextLine><TextLine id="l5"><Coords points="365,189 365,213 511,213 511,189"/><TextEquiv><Unicode/></TextEquiv><TextEquiv index="1"><Unicode>Ad Cæliam.</Unicode></TextEquiv></TextLine><TextLine id="l6"><Coords points="73,221 73,255 639,255 639,221"/><TextEquiv><Unicode/></TextEquiv><TextEquiv index="1"><Unicode>Vt grex porcorum morti ſeruamur; &amp; hora</Unicode></TextEquiv></TextLine><TextLine id="l7"><Coords points="652,255 78,255 78,285 80,286 135,288 652,288"/><TextEquiv><Unicode/></TextEquiv><TextEquiv index="1"><Unicode>Craſtina quid tradet, dicere nemo poteſt.</Unicode></TextEquiv></TextLine><TextLine id="l8"><Coords points="754,288 74,288 74,321 754,321"/><TextEquiv><Unicode/></TextEquiv><TextEquiv index="1"><Unicode>Hoc cuiquam notum cum ſit, viuamus; &amp; omni</Unicode></TextEquiv></TextLine><TextLine id="l9"><Coords points="605,322 103,322 103,354 606,354"/><TextEquiv><Unicode/></TextEquiv><TextEquiv index="1"><Unicode>Appoſito fugiat cura dolorq; mero.</Unicode></TextEquiv></TextLine><TextLine id="l10"><Coords points="655,354 606,356 510,356 454,354 329,356 77,354 77,386 655,386"/><TextEquiv><Unicode/></TextEquiv><TextEquiv index="1"><Unicode>Res alias fortuna negat? fortuna beatum</Unicode></TextEquiv></TextLine><TextLine id="l11"><Coords points="107,387 107,416 554,416 554,387"/><TextEquiv><Unicode/></TextEquiv><TextEquiv index="1"><Unicode>Me faciet, ſi tu Cælia diua voles.</Unicode></TextEquiv></TextLine><TextLine id="l12"><Coords points="342,423 342,454 529,454 529,423"/><TextEquiv><Unicode/></TextEquiv><TextEquiv index="1"><Unicode>Adeandem.</Unicode></TextEquiv></TextLine><TextLine id="l13"><Coords points="679,454 69,454 69,486 379,486 489,489 552,488 601,490 679,490"/><TextEquiv><Unicode/></TextEquiv><TextEquiv index="1"><Unicode>Cælia, cui tantum tribuit natura, poluſque</Unicode></TextEquiv></TextLine><TextLine id="l14"><Coords points="670,493 659,492 552,489 489,490 439,488 106,488 106,520 201,521 338,519 475,521 670,521"/><TextEquiv><Unicode/></TextEquiv><TextEquiv index="1"><Unicode>Sit minor igenio vt fœmina, vitque tuo,</Unicode></TextEquiv></TextLine><TextLine id="l15"><Coords points="635,525 633,524 338,520 201,522 127,522 98,520 67,520 67,553 635,553"/><TextEquiv><Unicode/></TextEquiv><TextEquiv index="1"><Unicode>Cælia formoſi formà præſtante deabus,</Unicode></TextEquiv></TextLine><TextLine id="l16"><Coords points="610,556 359,554 102,554 102,585 610,585"/><TextEquiv><Unicode/></TextEquiv><TextEquiv index="1"><Unicode>Mo: ibus &amp; priſcis anteferenda viris.</Unicode></TextEquiv></TextLine><TextLine id="l17"><Coords points="65,587 65,614 589,614 589,587"/><TextEquiv><Unicode/></TextEquiv><TextEquiv index="1"><Unicode>Cælia Pieiias inter veneranda ſorores</Unicode></TextEquiv></TextLine><TextLine id="l18"><Coords points="617,654 617,622 244,620 101,622 101,653 115,654 208,655 307,653 501,653 520,655 593,655"/><TextEquiv><Unicode/></TextEquiv><TextEquiv index="1"><Unicode>Arie tuâ, &amp; dulci verba ſonantelyr.</Unicode></TextEquiv></TextLine><TextLine id="l19"><Coords points="689,653 593,656 520,656 501,654 307,654 208,656 65,654 65,686 689,686"/><TextEquiv><Unicode/></TextEquiv><TextEquiv index="1"><Unicode>Omnia ub cœlo quæ ſunt, tibi Cælia ceduat</Unicode></TextEquiv></TextLine><TextLine id="l20"><Coords points="607,688 104,688 104,722 248,722 254,719 283,718 326,718 382,722 607,722"/><TextEquiv><Unicode/></TextEquiv><TextEquiv index="1"><Unicode>Ingenio, forma, moribus, arte, lyrâ.</Unicode></TextEquiv></TextLine><TextLine id="l21"><Coords points="538,724 302,722 302,752 538,752"/><TextEquiv><Unicode/></TextEquiv><TextEquiv index="1"><Unicode>Detatui eiuſdem.</Unicode></TextEquiv></TextLine><TextLine id="l22"><Coords points="64,755 64,782 703,782 703,755"/><TextEquiv><Unicode/></TextEquiv><TextEquiv index="1"><Unicode>Dum niueo ducit raram de marmore formam</Unicode></TextEquiv></TextLine><TextLine id="l23"><Coords points="607,790 103,788 103,821 607,821"/><TextEquiv><Unicode/></TextEquiv><TextEquiv index="1"><Unicode>Scalptor. &amp; eximiæ perficit artis opus:</Unicode></TextEquiv></TextLine><TextLine id="l24"><Coords points="752,821 661,821 654,823 215,823 61,821 61,851 100,851 156,855 752,855"/><TextEquiv><Unicode/></TextEquiv><TextEquiv index="1"><Unicode>Vera hec efſigies, quidam inquit; &amp; illius hic ſtat</Unicode></TextEquiv></TextLine><TextLine id="l25"><Coords points="577,858 419,856 98,855 98,887 577,887"/><TextEquiv><Unicode/></TextEquiv><TextEquiv index="1"><Unicode>Flatilis in venis ſpiritus, ora mouet.</Unicode></TextEquiv></TextLine><TextLine id="l26"><Coords points="58,888 58,922 654,922 654,888"/><TextEquiv><Unicode/></TextEquiv><TextEquiv index="1"><Unicode>Hæc ferit, illa ferit; ſurdis hæc auribus, illa</Unicode></TextEquiv></TextLine><TextLine id="l27"><Coords points="614,924 350,922 100,923 100,955 614,956"/><TextEquiv><Unicode/></TextEquiv><TextEquiv index="1"><Unicode>Auribus &amp; ſurdis: hæe riget, illa ri get,</Unicode></TextEquiv></TextLine><TextLine id="l28"><Coords points="753,955 662,955 652,957 626,958 413,956 187,957 59,955 59,988 753,989"/><TextEquiv><Unicode/></TextEquiv><TextEquiv index="1"><Unicode>Hæc alba, illa alba: hæc magis eſt crudelis, at illa</Unicode></TextEquiv></TextLine><TextLine id="l29"><Coords points="614,990 99,989 99,1021 614,1021"/><TextEquiv><Unicode/></TextEquiv><TextEquiv index="1"><Unicode>Crude is magis eſt: hæc ſiletilla ſilet.</Unicode></TextEquiv></TextLine><TextLine id="l30"><Coords points="670,1021 559,1022 512,1024 304,1022 239,1024 165,1024 61,1021 61,1053 75,1054 670,1055"/><TextEquiv><Unicode/></TextEquiv><TextEquiv index="1"><Unicode>Hæc glacialis hyems friget, glacialis &amp; illa</Unicode></TextEquiv></TextLine><TextLine id="l31"><Coords points="724,1055 562,1055 546,1057 376,1057 291,1055 101,1056 101,1087 724,1088"/><TextEquiv><Unicode/></TextEquiv><TextEquiv index="1"><Unicode>Figet hyems. lapis hæc ſcalptus, &amp; illa lapis,</Unicode></TextEquiv></TextLine><TextLine id="l32"><Coords points="631,1089 237,1090 68,1087 68,1118 127,1118 182,1121 239,1122 631,1122"/><TextEquiv><Unicode/></TextEquiv><TextEquiv index="1"><Unicode>Sed non æquales ſunt vna parte, quod illa</Unicode></TextEquiv></TextLine><TextLine id="l33"><Coords points="627,1124 619,1123 292,1122 239,1123 181,1121 103,1121 103,1156 232,1156 235,1154 258,1153 341,1153 346,1156 627,1156"/><TextEquiv><Unicode/></TextEquiv><TextEquiv index="1"><Unicode>Illa magis ventomobilis, hæc ſtabilis.</Unicode></TextEquiv></TextLine><TextLine id="l34"><Coords points="549,1156 294,1156 294,1181 549,1181"/><TextEquiv><Unicode/></TextEquiv><TextEquiv index="1"><Unicode>D Cæliâ, &amp; Amore</Unicode></TextEquiv></TextLine><TextLine id="l35"><Coords points="598,1187 522,1187 485,1189 317,1189 240,1188 234,1186 60,1186 60,1219 141,1218 236,1220 598,1220"/><TextEquiv><Unicode/></TextEquiv><TextEquiv index="1"><Unicode>Ibat venatum in ſiluas, telumq; gerebat</Unicode></TextEquiv></TextLine><TextLine id="l36"><Coords points="431,1254 454,1254 492,1251 512,1251 519,1254 522,1257 611,1257 611,1221 479,1221 421,1223 354,1223 263,1222 235,1220 87,1219 87,1260 423,1260"/><TextEquiv><Unicode/></TextEquiv><TextEquiv index="1"><Unicode>Calia, &amp; alipedi maxima ſtabat equo.</Unicode></TextEquiv></TextLine><TextLine id="l37"><Coords points="736,1252 736,1277 833,1277 833,1252"/><TextEquiv><Unicode/></TextEquiv><TextEquiv index="1"><Unicode>Obe</Unicode></TextEquiv></TextLine><TextEquiv><Unicode/></TextEquiv></TextRegion></Page></PcGts>