883 1340
219 12 604 42 R.ANERIAN
46 53 622 90 Obuius it volucris puer illi; telaq; vibrans
72 86 644 122 Certemus, fatur, dum geris arma, ſimul.
42 123 658 154 Cælia ſed tenerum ridens, ait, arma gerentem
80 153 638 194 Stulte petis? non te vici ego inermis ? abi.
324 191 443 214 De Cælia.
48 218 763 262 Qum Venerem aſpicerem ſine flammis, accipe, dixi,
90 253 640 287 De noſtro lammam corpore, at illa mihi;
48 286 729 322 Sunt verſa in cineres tua pectora: ſi volo flammam,
79 321 650 353 Dat flammam ex oculis Cælia, & vro deo
309 359 456 382 Ad Cæliam.
46 388 659 432 Quid mihi barbaricæ ſi miſcent prælia turmæ;
79 423 563 459 Mœret & ereptis Auſonis ora bonis?
47 520 743 563 Quid mihi, ſi poreunt homines, armenta gregeſqu
78 556 563 587 Inſidet & ſiccis faucibus atra fames
39 656 629 701 Quid mihi ſi totus cum terrâ corruit æther?
70 690 600 721 Sorbet & erectas mobilis vnda domos
47 726 707 759 Hæc mihi cura; roſis, & cingere tempora myrte,
79 759 502 792 Et curas multo dilapidare mero.
36 788 668 829 Hæc mihi cura; comas, & barbam tingere ſucco
69 825 547 862 Aſſyrio, & dulces continuare iocos.
44 858 629 896 Hæc mihi cura; dies albo numerare lapillo,
79 892 653 930 Laſſaque compoſito membra fouere toro.
42 924 681 959 æc mihi cura; nouem cantu celebrare ſorore
78 959 586 993 Dulciter & curuæ plectra mouere lyræ.
44 990 653 1024 Hæc mihi cura ; tuas tibi ſemper dicere lauds
79 1028 560 1062 Odiua, & vultus ſemper amare tuos.
312 1061 506 1093 Ad Cupidinem.
37 1092 602 1127 Es Deus, ambobus ſi æquales dirigis arcus:
79 1124 656 1160 Non Deus es, ſolum pars mea vulnus habet.
357 1161 465 1184 De Cælii.
41 1192 671 1230 Pblica quùmfierent ſpectaculatela praterus
