890 1342
268 40 635 73 EROTOPÆGNION.
795 44 844 71 it
98 92 600 121 Exercebat Amor, & Venus alma faces.
64 124 658 155 Diuerſæ hic voces, diuerſa hic lumina; at vna
59 158 567 191 Vna eſt vt celebri viſa puella choro,
64 191 684 221 Omnibus vna fuit vox; & fuit omnibus vnum
97 226 694 260 Lumen, cum matre eſt factus inermis Amor.
326 259 529 292 De libeli querelâ.
64 290 648 326 Quæ te dira premit toties, & vexat Erinnys?
97 325 672 359 Nnne pudet, quæ ſunt ore tacenda loqui
58 359 657 392 Vera putat populus; nam ſtultos eſſe poëtas
87 392 656 425 Inquit ego teſtis ſum modo, ſtulta facis.
51 425 628 460 Et ſcribis, deles; & deles, ſcribis; & illa,
84 459 639 493 Quæ ſeruas, non ſunt carmina digna legi.
48 492 704 527 Neſcis, quicquid agis, neſcis ſic labitur æuu
82 526 639 558 Sic manet in nullo mens tua firma gradu.
46 560 654 593 Hurt queror; ferior cultro, feriorque lituriss
78 593 589 626 Et patior calamo vulnera mille tuo.
45 625 652 659 Non curas; video, quid ſit dementia: ſed te
80 658 598 693 Delectat præceps, & ſine mente furor.
46 692 609 719 Hæc ſolum doleo, claras ſ mittar in auras,
81 725 644 759 Quid dicam, ſi quis tam mala verba leget?
45 758 629 793 Non meus hic error, clarâ tua voce fatebor
76 793 642 824 Crimina; nam venient in caput illa tuum.
43 823 690 857 Clamabo in triuris. vellem nunc poſſe placere
74 859 590 894 O nequeo, inſanus talia ſcripſit amans.
234 893 547 926 De Caliâ, api, & Amore.
39 924 700 960 Laſſa quieſcebat prope murmura fontis amœni
73 959 578 993 Cœlia, vbi vario flore nitebat humus:
42 991 633 1025 Mellificans it apes, & circum roſcida labra
73 1025 617 1058 Dum volat, in terram ſæpe repulſa cadit.
40 1055 701 1089 Iam moritur; ſed ait moriens: flos qualis in aruis
78 1090 686 1125 Naſcitur, ex flore hoc quam mihi dulce mori.
41 1123 661 1158 Hæc vt dixit, Amor tumulum de ceſpide fecit:
76 1157 652 1188 Atque illi tumulo hæc carmina pauca dedit.
39 1189 657 1224 Ambigum eſt, an apes fit dulci mortua labro,
74 1222 569 1257 A dulci flatu; mortua vtroque fuit.
774 1251 827 1285 i
535 1257 621 1285 M.
