887 1335
267 22 635 62 HtE.ANGERIANI
345 70 493 93 Ad Caliam.
50 98 660 135 In crine accendens Amor eſt intextus; amœnit
86 135 594 167 Enitet in labris, fronteq; dulcs Amor.
52 163 736 205 In pulchris ſtat Amor manibus, ſtat pectore in albo:
87 201 626 239 Quum cantas, doctis cantibus exit Amor
53 231 704 273 Agglomeratur Amor pedibus, quum vadis; vbique
88 270 621 300 Vt ſeruus dominam, te comitatur Amor.
54 302 729 338 Non vnum ergotenes, ſed mille in corpore amores,
87 333 705 373 Quicquid habes, Amor eſt dea; quicquid agis.
312 370 478 391 De Cælia.
55 397 706 438 Fulgida quùm legeret Cumano in littore conchas
89 435 635 472 Cælia; fallor, an hæc Cypria? dixit Amor
54 467 668 502 No fallor. ſic pulehra nitet mea mater, & alba
90 502 631 536 Sic flauas ornat ſpuma. politq; comas.
56 534 639 570 Sic ridet, quæritque iocos; ſic pictus eburno
88 569 639 597 Ceſtus adeſt collo; ſic mouo arte manus.
56 601 723 637 Fallor iners; hæc pulchra magis non fallor, euntes
90 633 670 663 Tres video ancillas; autumo, ſunt Charites,
55 669 554 703 Aſſiſtit ſcopulis, & pæto lumine pæto
87 703 640 733 Lumine commotas en matis æquat aquas.
56 735 615 767 Heu fallor, non illa cremat ſic ore; rigentes
89 768 638 802 Diua ſed hæc cautes, & cremat ore fretam.
56 801 641 836 Ne peream, auertis tua lumina. falleris, illis
88 834 658 869 Viuo magis perimunt lumina? ſic peream.
279 869 561 901 De Venere, & Cupidiue.
55 899 647 935 In fuluâ dum pulchra Venus ſpaciatur arenâ,
89 935 559 970 Et pelagi ſpectat maxima regna ſui.
25 965 709 1001 Venit Amor, ſumpſitq; facem; fax miſla per auras
88 1002 519 1031 Vſsit Alcidaliæ mollia corda deæ.
56 1034 573 1068 Nouit vt lla ſui rutilantia ſpicula nati,
89 1068 658 1102 Vocife at, quid me, nate proterue, creml
54 1101 572 1133 Palluit audito matris clamore Cupido;
90 1136 573 1168 Palluit, vtque ſilex obriguere comæ.
54 1166 641 1201 Flens tandem dixlt non eſt tibi Cælia diſpar;
91 1201 592 1235 Hauc volui, non re parce, ferire deam.
800 1236 836 1259 Be
