905 1342
260 28 696 59 ROTOPGNION.
282 72 542 107 De cali piturâ.
85 103 682 141 Adſpiciens pictam in tabulâ ſe Cælia,ſolers
124 139 619 167 Pictor vbi nudam memodo vidit? ait.
83 172 727 208 nquam ego, non nudam vidit te pictoramantis
114 208 676 239 Hic anima, hoc animâ ciutamantis opus.
307 241 615 274 Daſcipſo, & corde dialogus.
82 273 701 310 Quid, cor iners, agis hic? ploro cur deſeris illam
134 307 630 340 Sic plorans? nequeo fiigora tanta pati.
76 337 742 374 nde hoc frigus habes? nix illo in pectore, durum
135 374 618 408 Atque gelu. membris reſtituare mcis.
96 408 634 439 Tu peior dominâ, nolo. feruoribus ardes,
131 441 668 473 Vrerer:in membris ſtat grauis Ltna tuis.
80 474 655 504 Verùm; ſed ſi corde vaco, dilabar in vmbras
132 507 680 542 Mortis. & in tenebris me teget atra dies.
73 540 752 574 Iampridem ipſe per:s; quume mea liquit inanem
130 574 627 605 Gratia, tuc mota ex corpore vita fuit,
77 603 800 640 Nunc niſi paruus ades puluis niſi ſomnus & vmbra:
120 642 618 675 Et quamuis vadas tu pede. luce cares.
90 674 695 707 Iungare ò calidis his fibris: forſitan auram
136 705 716 740 Vitalem accipiam. me quoque Paica premit,
77 739 712 774 Non poſſum: ſed erit, qui nos cuiabit, & vrnam
135 773 640 801 Tadet, & hæc cernet verba viator ibi.
78 805 763 843 Quos nequiit viuos ſimul addere vita, ſepulchrum
131 840 675 874 Addit, obit niue cor; ſed face cordis herus.
395 875 506 898 De Crli.
79 908 748 940 In me quum rueret facibus præcinctus, & arcu
128 941 633 973 Fortis Amor; dixi, ſum ſine corde, vale.
78 973 748 1009 Non poſſum extingu;tota eſt mea vita ſub illa
133 1008 620 1033 Iila ferox animum ſuſtulit, illa tenet
88 1041 698 1074 Conuolat iratus, ſed pulchra vt lumina vidit
135 1075 682 1112 Hoc tibi habe ſceptrum Cælia, vincor, ait.
377 1110 470 1140 De pe.
98 1139 680 1175 Ludificat vitam ſpes longa.nec exhibet vlli
140 1174 803 1208 Quicquam homini:vt ſperes mors inopina vetat.
327 1209 532 1240 Ad Caliam.
814 1239 890 1269 Tiu-
