884 1340
245 18 633 49 HIER. ANGERIANI
59 24 104 52 ſt4
58 64 616 99 Viuebam, nunc diſpereo; qui ſpiritus artus
94 98 547 128 Rexerat hos, ſedes incolit ille alias.
62 132 623 162 Si vis in terris vt viuam, redde mihi illum
71 164 634 197 Et fi non illum, redde tuam, oro, animam:
59 198 617 226 c mihi me reddes, ſic te tibi Cælia reddes:
93 231 608 264 Ambo ſic pariliiuncti in amore erimus.
58 264 672 300 At ſi dura manes, nec gaudesperdis vtrumquo:
93 301 742 334 Me, quia amo nimium;te, quia amas nihilum,
59 333 608 366 Et quanto eſt odiis amor excellentior, ipſa
91 366 596 392 Tanto interfecto crimen amante facis.
266 402 532 434 De Venere, & Cupidine.
54 432 722 465 Omne olim cœlum, vt fertur, cœlum omne ruebat,
88 466 584 500 Inter ſe Superi dum fera bella gerunt.
52 499 668 535 Fortls erat Bromius thyrſo, Mars enſe, tridente
86 533 587 565 Neptunus, fortis fulmine dextra Iouis.
50 566 677 601 t quum viſus Amor fuit in fulgentibus armis,
88 601 643 634 Nec non accensâ lampade pulchra Venus
51 628 633 667 Priuatur thyrſo Bromius, Mars enſe, tridente
84 666 586 700 Neptunus, fortis fulmine dextra Iouis.
269 703 505 735 Ad imoginem ſam.
50 729 629 769 Qs mihite ſimilem ſic fecit, dulcis imago?
83 767 583 802 Quàm verè vultus exprimis ipſa meos.
45 799 652 837 Tu palles, me pallor habet:tu lumine cæco,
81 836 663 869 Gæcns egonulla(heu) mens tii, nulla mihi.
45 864 555 904 i tus artes, & noſtros vita reliquit.
81 902 648 936 Muta taces, futa eſt hæc mea lingua, tacei.
45 932 675 972 Tu ſine corde manes, manco ſine corde:morarid
79 969 577 1005 Hic ſola, hic ſolus nocte dieq; moror,
44 1003 667 1038 Membra geris tenui, & fragili contexta papro,
77 1037 557 1072 In tenui & fragili cortice figor inops.
41 1069 648 1105 Nil niſi vana mei tu corporis vmbra, vel aura:
74 1103 597 1138 Corporibuspar eſt vmbra, vel aura meis.
40 1136 640 1175 Non multo duratu tempore;tempore multo
75 1169 496 1208 Non duroies tu clnis, ipſe cinis.
38 1201 625 1248 Mbs puesat lata mugis tu degis: Amorem
753 1245 821 1283 Noa
