<?xml version="1.0" encoding="UTF-8" standalone="no"?><PcGts xmlns="http://schema.primaresearch.org/PAGE/gts/pagecontent/2019-07-15" xmlns:xsi="http://www.w3.org/2001/XMLSchema-instance" xsi:schemaLocation="http://schema.primaresearch.org/PAGE/gts/pagecontent/2019-07-15 http://schema.primaresearch.org/PAGE/gts/pagecontent/2019-07-15/pagecontent.xsd"><Metadata><Creator/><Created>2022-04-11T06:53:26</Created><LastChange>1970-01-01T00:00:00</LastChange><Comments/></Metadata><Page imageFilename="0213.png" imageHeight="1325" imageWidth="892"><TextRegion id="r1" orientation="0.0" type="paragraph"><Coords points="1,1 890,1 890,1323 1,1323"/><TextLine id="l1"><Coords points="213,18 213,59 644,59 644,18"/><TextEquiv><Unicode/></TextEquiv><TextEquiv index="1"><Unicode>EROTOPGNIO</Unicode></TextEquiv></TextLine><TextLine id="l2"><Coords points="50,59 50,98 611,98 611,59"/><TextEquiv><Unicode/></TextEquiv><TextEquiv index="1"><Unicode>Non ſentis; miſerum me facit aſper Amor.</Unicode></TextEquiv></TextLine><TextLine id="l3"><Coords points="306,100 306,123 446,123 446,100"/><TextEquiv><Unicode/></TextEquiv><TextEquiv index="1"><Unicode>Ad Cæliam.</Unicode></TextEquiv></TextLine><TextLine id="l4"><Coords points="52,131 52,162 641,162 641,131"/><TextEquiv><Unicode/></TextEquiv><TextEquiv index="1"><Unicode>Numen habet Pallas virtute; &amp; robore Iuno;</Unicode></TextEquiv></TextLine><TextLine id="l5"><Coords points="85,166 85,194 550,194 550,166"/><TextEquiv><Unicode/></TextEquiv><TextEquiv index="1"><Unicode>Diana &amp; caſto corde;decore Venus.</Unicode></TextEquiv></TextLine><TextLine id="l6"><Coords points="643,198 445,198 248,200 143,200 51,198 51,231 643,231"/><TextEquiv><Unicode/></TextEquiv><TextEquiv index="1"><Unicode>C irtute nitens, &amp; robore, eordeque cato,</Unicode></TextEquiv></TextLine><TextLine id="l7"><Coords points="226,266 230,264 249,263 333,263 340,265 451,266 629,266 629,234 525,232 84,233 84,272 221,272"/><TextEquiv><Unicode/></TextEquiv><TextEquiv index="1"><Unicode>Atque decore, cares numine? ſæua manes.</Unicode></TextEquiv></TextLine><TextLine id="l8"><Coords points="265,266 265,299 575,299 575,266"/><TextEquiv><Unicode/></TextEquiv><TextEquiv index="1"><Unicode>Doſeipſo, &amp; anu dialogus.</Unicode></TextEquiv></TextLine><TextLine id="l9"><Coords points="636,295 632,297 619,298 554,299 247,299 232,298 224,294 51,294 51,331 636,332"/><TextEquiv><Unicode/></TextEquiv><TextEquiv index="1"><Unicode>Conſule quid faciam:flammis exuror, &amp; illa,</Unicode></TextEquiv></TextLine><TextLine id="l10"><Coords points="587,334 84,333 84,365 587,366"/><TextEquiv><Unicode/></TextEquiv><TextEquiv index="1"><Unicode>Ilfa manet duro marmore dura magis.</Unicode></TextEquiv></TextLine><TextLine id="l11"><Coords points="645,365 620,367 169,366 111,367 42,365 42,398 346,398 645,400"/><TextEquiv><Unicode/></TextEquiv><TextEquiv index="1"><Unicode>Conſulo; funde preces, ſis illi blandus vbique.</Unicode></TextEquiv></TextLine><TextLine id="l12"><Coords points="599,400 321,399 77,400 77,432 599,432"/><TextEquiv><Unicode/></TextEquiv><TextEquiv index="1"><Unicode>Fundo preces, illi blandior; vſque fugit.</Unicode></TextEquiv></TextLine><TextLine id="l13"><Coords points="621,465 621,433 82,434 62,432 39,432 39,466 603,466"/><TextEquiv><Unicode/></TextEquiv><TextEquiv index="1"><Unicode>Tange chelym digitis, &amp; neruidulcia necte</Unicode></TextEquiv></TextLine><TextLine id="l14"><Coords points="669,466 76,468 77,500 669,500"/><TextEquiv><Unicode/></TextEquiv><TextEquiv index="1"><Unicode>Carmina. nil proſunt carmina, nilque chelys.</Unicode></TextEquiv></TextLine><TextLine id="l15"><Coords points="672,501 36,500 36,532 672,533"/><TextEquiv><Unicode/></TextEquiv><TextEquiv index="1"><Unicode>Te mitem oſtendas, gemitus exprome, tuosque,</Unicode></TextEquiv></TextLine><TextLine id="l16"><Coords points="67,533 67,566 581,566 581,533"/><TextEquiv><Unicode/></TextEquiv><TextEquiv index="1"><Unicode>Flerus; his gaudet ſæpe Cupido malis.</Unicode></TextEquiv></TextLine><TextLine id="l17"><Coords points="34,567 34,600 670,600 670,567"/><TextEquiv><Unicode/></TextEquiv><TextEquiv index="1"><Unicode>Me mitem oſtendo, gemitus ex pectore proma,</Unicode></TextEquiv></TextLine><TextLine id="l18"><Coords points="74,600 74,633 622,633 622,600"/><TextEquiv><Unicode/></TextEquiv><TextEquiv index="1"><Unicode>Snt fletus fluuii lumina:ſpernor aans.</Unicode></TextEquiv></TextLine><TextLine id="l19"><Coords points="524,667 574,665 677,665 677,634 10,634 10,668 104,668"/><TextEquiv><Unicode/></TextEquiv><TextEquiv index="1"><Unicode>Mltte potens aurum. ſum pauper, pauper &amp; aure</Unicode></TextEquiv></TextLine><TextLine id="l20"><Coords points="361,700 646,699 646,666 574,666 524,668 75,668 40,670 40,700 311,702"/><TextEquiv><Unicode/></TextEquiv><TextEquiv index="1"><Unicode>Frangitur: hæc regum mnnera diues habet.</Unicode></TextEquiv></TextLine><TextLine id="l21"><Coords points="649,700 361,701 311,703 36,701 36,732 649,732"/><TextEquiv><Unicode/></TextEquiv><TextEquiv index="1"><Unicode>Tum magnum ieiuna fames delebit amorem.</Unicode></TextEquiv></TextLine><TextLine id="l22"><Coords points="72,735 72,768 633,768 633,735"/><TextEquiv><Unicode/></TextEquiv><TextEquiv index="1"><Unicode>Nulla fames. tempus. tempore maior erit.</Unicode></TextEquiv></TextLine><TextLine id="l23"><Coords points="610,800 610,768 32,768 32,801 483,801"/><TextEquiv><Unicode/></TextEquiv><TextEquiv index="1"><Unicode>Si non iſta iuuant, laqueo da colla. moraris</Unicode></TextEquiv></TextLine><TextLine id="l24"><Coords points="630,801 259,803 68,802 68,836 630,836"/><TextEquiv><Unicode/></TextEquiv><TextEquiv index="1"><Unicode>Quid miſer; hæc flammis ſola medela tuit.</Unicode></TextEquiv></TextLine><TextLine id="l25"><Coords points="340,837 340,859 484,859 484,837"/><TextEquiv><Unicode/></TextEquiv><TextEquiv index="1"><Unicode>Ad Caliam.</Unicode></TextEquiv></TextLine><TextLine id="l26"><Coords points="701,867 520,867 340,870 284,870 275,867 30,867 30,902 701,902"/><TextEquiv><Unicode/></TextEquiv><TextEquiv index="1"><Unicode>Suis, noſco, noces:at quantum sæua, nocensque</Unicode></TextEquiv></TextLine><TextLine id="l27"><Coords points="679,902 387,902 339,904 64,903 64,935 679,935"/><TextEquiv><Unicode/></TextEquiv><TextEquiv index="1"><Unicode>Me pellis; tantum pulchra, &amp; honeſta trahis.</Unicode></TextEquiv></TextLine><TextLine id="l28"><Coords points="316,938 316,961 510,961 510,938"/><TextEquiv><Unicode/></TextEquiv><TextEquiv index="1"><Unicode>De Cælia duritie.</Unicode></TextEquiv></TextLine><TextLine id="l29"><Coords points="696,968 387,970 287,970 260,968 7,968 5,973 5,1002 696,1002"/><TextEquiv><Unicode/></TextEquiv><TextEquiv index="1"><Unicode>Sunt duri ſcopuli, ſunt dura &amp; matmora, durum</Unicode></TextEquiv></TextLine><TextLine id="l30"><Coords points="599,1003 205,1005 131,1004 113,1002 66,1002 66,1035 599,1035"/><TextEquiv><Unicode/></TextEquiv><TextEquiv index="1"><Unicode>Et ferrum, in ſummis robora dura iugis.</Unicode></TextEquiv></TextLine><TextLine id="l31"><Coords points="663,1068 663,1036 347,1038 161,1038 31,1036 31,1069 649,1069"/><TextEquiv><Unicode/></TextEquiv><TextEquiv index="1"><Unicode>Sunt duræ rupes, ſunt antra, &amp; cornua dura.</Unicode></TextEquiv></TextLine><TextLine id="l32"><Coords points="657,1069 473,1071 170,1071 73,1069 73,1101 657,1102"/><TextEquiv><Unicode/></TextEquiv><TextEquiv index="1"><Unicode>Atque adamas durus, durum hyemale gelu.</Unicode></TextEquiv></TextLine><TextLine id="l33"><Coords points="647,1134 647,1103 537,1102 493,1104 266,1105 212,1103 31,1102 31,1134 558,1135"/><TextEquiv><Unicode/></TextEquiv><TextEquiv index="1"><Unicode>Durior at ſcopulis mea Cælia, marmore, ferro.</Unicode></TextEquiv></TextLine><TextLine id="l34"><Coords points="648,1135 559,1135 457,1138 301,1138 150,1135 69,1135 69,1167 648,1167"/><TextEquiv><Unicode/></TextEquiv><TextEquiv index="1"><Unicode>Robore, rupe, antro, cornu, adamante, gelu.</Unicode></TextEquiv></TextLine><TextLine id="l35"><Coords points="581,1201 581,1171 223,1171 223,1202 438,1203"/><TextEquiv><Unicode/></TextEquiv><TextEquiv index="1"><Unicode>De dialogus.</Unicode></TextEquiv></TextLine><TextLine id="l36"><Coords points="520,1236 537,1235 597,1235 673,1238 679,1235 679,1202 439,1203 356,1205 244,1204 204,1202 28,1202 28,1241 512,1241"/><TextEquiv><Unicode/></TextEquiv><TextEquiv index="1"><Unicode>Quid nus, blade puer.ceſſas, &amp; frigore torpesl</Unicode></TextEquiv></TextLine><TextLine id="l37"><Coords points="746,1232 746,1261 826,1261 826,1232"/><TextEquiv><Unicode/></TextEquiv><TextEquiv index="1"><Unicode>u-</Unicode></TextEquiv></TextLine><TextEquiv><Unicode/></TextEquiv></TextRegion></Page></PcGts>