893 1339
307 26 688 50 HIERIANI
96 30 206 51 It
134 66 608 100 Suſcipe depharetris aurea dona tuis.
99 101 736 134 Quid blandus vocitor, ſi frigens torpeo? & aurum
134 134 663 166 Quid petis à miſero? corpora nuda vides.
100 166 704 199 Dum ſedet n nmli prato, & deſiderat auram,
136 200 673 232 Sæpe mouens flabrum Cælia, mitte faces.
99 234 697 267 Non vtor facibus, periit mea gloria; quondam
134 268 665 300 Diues eram, ſed nunc aſpice, pauper amo.
100 300 704 335 Quæ te res inopem?quæ te res fecit inermem
134 335 666 368 Quæ tenet in niuea flabra decora manu.
97 368 730 401 Quid video infelix, quid ſentio?turbor, & angor.
131 401 643 433 Et miror, tantum cur patrat ua ſcelus?
103 435 654 460 Ne mirere:oculis, oculis valet vna de oris?
129 467 551 500 Alliget vt cuiuis fortia colla deo.
98 501 721 535 Expertus loquor hoc:hærent conuerſa medullis
129 536 650 569 Arma meis, illi quum iacit arma manus.
82 568 744 602 Quare age non nudo flammas:aut quære ſagittas.
131 602 744 634 Illa illa imperium, & numen Amoris habet.
346 638 510 667 De Cli furio
97 669 868 702 Quum dormiret Amor, rapuit clam pulchra pharetram
133 702 619 735 Cælia; ſurrepta fleuit Amor pharetrâ.
86 736 667 769 Noli, Cypris ait, ſic flere Cupido; pharetram
131 769 588 801 Pulchra tibi rapuit Cælia?reſtituet:
95 802 651 836 Non opus eſt illi calamis, non ignibus;vrit
129 835 683 868 Voce, manu, greſſu, pectore, fronte, oculis.
293 870 621 903 Deſcipſo, & pictore dialgus.
82 902 808 938 Quid pingis pictor? volucrem non cenis Amorem?
127 936 679 970 Hic Amor?hoc nullus maior in orbe deus?
82 969 646 1003 Falleris; ardentes tua ſpongia deleat ignes:
128 1004 722 1038 Deleat & pharetram, quid niſi monſtra facis?
93 1035 674 1070 Non opus eſt arcu,non armis; corpora paru
131 1070 741 1105 Non haber hic, nec habet tela, facesque manu.
97 1100 760 1137 Non ſic nudus abit; niueas neque commouet alas;
131 1136 630 1162 Non ſi ſtat viuo flammeus ore color.
97 1167 748 1205 Quo pacto eſt, dicas, pingendum numen Amoris?
130 1200 606 1238 Nuda hic pingatur Cælia, pictus erit.
774 1234 860 1264 Ad C
