888 1341
223 25 659 65 EROTOPGNION.
308 72 511 103 Ad Cæliam.
45 96 633 137 Nunc reliquam degis vitamrquæ vita receſſit
77 136 556 176 Deſinit eſſe: hodie quæ viget, lla tua.
287 173 434 195 Ad Cæliam.
46 198 586 232 Dum cernit nitidâ ſeſe Narciſſus in vndâ,
82 237 597 268 Et perit, in florem vertitur omne decus.
48 270 599 304 Sæpe illum in pratis pueri & legere puellæ,
82 304 537 335 Texentes pexis florida ſerta comis.
43 335 652 368 Dum preſſat diſci moles onorofa Hyacinthum.
79 369 604 403 Quæſitus Phœbo, flos tener hæſit humo.
27 403 579 437 Ille etiam, rabies apri quem dira furentis
74 437 628 469 Preſſit, Acidalium per nemus omne rubet.
24 471 684 504 Tu, quia nec flammas noſti, neque dulcis amoris
72 504 606 538 Præmia; eris duro in marmore dura ſilex.
138 537 550 571 De ſcipſo, &Fortunâ dialogus.
23 568 697 604 Quæ tu?dic. Fortuna vocor.cur fœmina? quod fim
69 604 545 638 Mobilis, & fallax, & ſine lege fluam.
27 635 655 671 Luce cares? quùm dona fero nil cerno. globoſo
58 671 605 704 Stas ſaxo?quam ſint lubrica dona, patet.
22 704 686 737 At manus hæc virgam geſtat, manus altera cornu.
69 736 652 771 Virga hæc imperium monſtrat, & illud opes.
25 770 587 803 Hoc mirum certe, cum ſis regina, ferasque
49 804 531 833 Fortunas aliis, tu tibi nuda manes.
10 838 601 871 Ne mirere;aliis cum largiat omnia priuor;
63 871 505 905 Et patior caſus ſæpe coacta meos.
311 906 454 929 Ad Caliam.
16 936 698 973 Quid facit argentum preciosâ in veſte, vel aurum
61 972 593 1005 Aut color?vt corpus contegat illa datur.
29 1000 699 1038 Ex ebore albenti quid ſponda, aut fulcra? quid ipſs
68 1038 615 1072 Sragula picta, ſtruit ſi leuis hetba torum?
19 1071 638 1105 Num niſi priſcorum hiſtoriis variata nitebunt
69 1104 563 1135 Aulæa, infundet non ſua dona ſopor?
27 1135 667 1170 Ampla quid ex auro rutilant laquearia? & ampla
64 1170 678 1204 Quid ſub Mygdonio marmore nixa domus?
32 1203 556 1244 Si non hæc picet depellunt nubila cæli,
758 1235 824 1260 Nee
