<PcGts xmlns="http://schema.primaresearch.org/PAGE/gts/pagecontent/2017-07-15" xmlns:xsi="http://www.w3.org/2001/XMLSchema-instance" xsi:schemaLocation="http://schema.primaresearch.org/PAGE/gts/pagecontent/2017-07-15 http://schema.primaresearch.org/PAGE/gts/pagecontent/2017-07-15/pagecontent.xsd"><Metadata><Creator>User123</Creator><Created>2020-04-25T21:20:22</Created><LastChange>2020-04-25T21:20:22</LastChange></Metadata><Page imageFilename="0215.png" imageHeight="1341" imageWidth="888"><TextRegion id="r0" type="paragraph"><Coords points="1,1 886,1 886,1339 1,1339"/><TextLine id="r0_l001"><Coords points="223,25 223,65 659,65 659,25"/><TextEquiv index="1"><Unicode>EROTOPGNION.</Unicode></TextEquiv></TextLine><TextLine id="r0_l002"><Coords points="779,30 779,59 822,59 822,30"/><TextEquiv index="1"><Unicode>Ity</Unicode></TextEquiv></TextLine><TextLine id="r0_l003"><Coords points="308,72 308,103 511,103 511,72"/><TextEquiv index="1"><Unicode>Ad Cæliam.</Unicode></TextEquiv></TextLine><TextLine id="r0_l004"><Coords points="633,96 533,96 521,103 349,105 265,104 253,97 45,96 45,134 155,137 633,137"/><TextEquiv index="1"><Unicode>Nunc reliquam degis vitamrquæ vita receſſit</Unicode></TextEquiv></TextLine><TextLine id="r0_l005"><Coords points="556,138 476,137 155,138 77,136 77,176 227,176 231,174 245,173 335,170 419,172 491,171 501,176 556,176"/><TextEquiv index="1"><Unicode>Deſinit eſſe: hodie quæ viget, lla tua.</Unicode></TextEquiv></TextLine><TextLine id="r0_l006"><Coords points="287,173 287,195 434,195 434,173"/><TextEquiv index="1"><Unicode>Ad Cæliam.</Unicode></TextEquiv></TextLine><TextLine id="r0_l007"><Coords points="46,198 46,232 586,232 586,198"/><TextEquiv index="1"><Unicode>Dum cernit nitidâ ſeſe Narciſſus in vndâ,</Unicode></TextEquiv></TextLine><TextLine id="r0_l008"><Coords points="82,237 82,268 597,268 597,237"/><TextEquiv index="1"><Unicode>Et perit, in florem vertitur omne decus.</Unicode></TextEquiv></TextLine><TextLine id="r0_l009"><Coords points="599,270 48,270 48,300 62,301 224,304 599,304"/><TextEquiv index="1"><Unicode>Sæpe illum in pratis pueri &amp; legere puellæ,</Unicode></TextEquiv></TextLine><TextLine id="r0_l010"><Coords points="537,305 460,306 393,304 82,304 82,335 537,335"/><TextEquiv index="1"><Unicode>Texentes pexis florida ſerta comis.</Unicode></TextEquiv></TextLine><TextLine id="r0_l011"><Coords points="652,335 592,335 577,337 465,336 436,338 250,337 243,338 43,335 43,368 652,368"/><TextEquiv index="1"><Unicode>Dum preſſat diſci moles onorofa Hyacinthum.</Unicode></TextEquiv></TextLine><TextLine id="r0_l012"><Coords points="604,371 453,370 290,371 79,369 79,403 604,403"/><TextEquiv index="1"><Unicode>Quæſitus Phœbo, flos tener hæſit humo.</Unicode></TextEquiv></TextLine><TextLine id="r0_l013"><Coords points="579,436 579,404 225,405 27,403 27,435 120,435 141,437 554,437"/><TextEquiv index="1"><Unicode>Ille etiam, rabies apri quem dira furentis</Unicode></TextEquiv></TextLine><TextLine id="r0_l014"><Coords points="628,437 74,437 74,468 83,469 628,469"/><TextEquiv index="1"><Unicode>Preſſit, Acidalium per nemus omne rubet.</Unicode></TextEquiv></TextLine><TextLine id="r0_l015"><Coords points="684,471 24,471 24,504 31,502 82,504 684,504"/><TextEquiv index="1"><Unicode>Tu, quia nec flammas noſti, neque dulcis amoris</Unicode></TextEquiv></TextLine><TextLine id="r0_l016"><Coords points="606,537 606,504 72,504 72,538 144,538 160,536 232,536 240,538 533,538"/><TextEquiv index="1"><Unicode>Præmia; eris duro in marmore dura ſilex.</Unicode></TextEquiv></TextLine><TextLine id="r0_l017"><Coords points="388,569 550,569 550,538 240,539 232,537 160,537 145,538 138,542 138,565 147,569 191,569 219,571 310,571"/><TextEquiv index="1"><Unicode>De ſcipſo, &amp;Fortunâ dialogus.</Unicode></TextEquiv></TextLine><TextLine id="r0_l018"><Coords points="697,568 606,568 567,570 474,571 388,570 310,572 219,572 191,570 147,570 143,568 23,568 23,604 185,604 209,602 377,604 697,604"/><TextEquiv index="1"><Unicode>Quæ tu?dic. Fortuna vocor.cur fœmina? quod fim</Unicode></TextEquiv></TextLine><TextLine id="r0_l019"><Coords points="475,636 545,636 545,604 186,604 69,606 69,637 416,638"/><TextEquiv index="1"><Unicode>Mobilis, &amp; fallax, &amp; ſine lege fluam.</Unicode></TextEquiv></TextLine><TextLine id="r0_l020"><Coords points="563,670 655,668 655,635 600,635 593,637 475,637 416,639 316,638 258,640 27,637 27,669 77,669 124,671 328,671"/><TextEquiv index="1"><Unicode>Luce cares? quùm dona fero nil cerno. globoſo</Unicode></TextEquiv></TextLine><TextLine id="r0_l021"><Coords points="605,702 605,671 58,671 58,704 326,704"/><TextEquiv index="1"><Unicode>Stas ſaxo?quam ſint lubrica dona, patet.</Unicode></TextEquiv></TextLine><TextLine id="r0_l022"><Coords points="468,735 686,736 686,704 327,704 266,706 22,704 23,735 117,737 399,737"/><TextEquiv index="1"><Unicode>At manus hæc virgam geſtat, manus altera cornu.</Unicode></TextEquiv></TextLine><TextLine id="r0_l023"><Coords points="471,769 652,770 652,737 468,736 269,740 69,737 69,769 75,770 295,771"/><TextEquiv index="1"><Unicode>Virga hæc imperium monſtrat, &amp; illud opes.</Unicode></TextEquiv></TextLine><TextLine id="r0_l024"><Coords points="587,770 296,771 244,773 165,773 100,772 74,770 25,770 25,801 48,801 68,803 587,803"/><TextEquiv index="1"><Unicode>Hoc mirum certe, cum ſis regina, ferasque</Unicode></TextEquiv></TextLine><TextLine id="r0_l025"><Coords points="49,804 49,833 531,833 531,804"/><TextEquiv index="1"><Unicode>Fortunas aliis, tu tibi nuda manes.</Unicode></TextEquiv></TextLine><TextLine id="r0_l026"><Coords points="10,838 10,871 601,871 601,838"/><TextEquiv index="1"><Unicode>Ne mirere;aliis cum largiat omnia priuor;</Unicode></TextEquiv></TextLine><TextLine id="r0_l027"><Coords points="63,871 63,905 505,905 505,871"/><TextEquiv index="1"><Unicode>Et patior caſus ſæpe coacta meos.</Unicode></TextEquiv></TextLine><TextLine id="r0_l028"><Coords points="311,906 311,929 454,929 454,906"/><TextEquiv index="1"><Unicode>Ad Caliam.</Unicode></TextEquiv></TextLine><TextLine id="r0_l029"><Coords points="698,936 506,936 467,938 291,939 256,939 247,936 16,936 16,973 549,970 643,970 648,973 698,973"/><TextEquiv index="1"><Unicode>Quid facit argentum preciosâ in veſte, vel aurum</Unicode></TextEquiv></TextLine><TextLine id="r0_l030"><Coords points="521,1003 593,1003 593,972 323,972 116,974 78,973 70,974 61,978 61,1003 72,1005 481,1005"/><TextEquiv index="1"><Unicode>Aut color?vt corpus contegat illa datur.</Unicode></TextEquiv></TextLine><TextLine id="r0_l031"><Coords points="699,1000 646,1000 640,1003 629,1004 588,1005 524,1004 481,1006 313,1005 268,1007 72,1006 61,1004 29,1003 29,1036 114,1038 509,1038 582,1036 675,1036 679,1038 699,1038"/><TextEquiv index="1"><Unicode>Ex ebore albenti quid ſponda, aut fulcra? quid ipſs</Unicode></TextEquiv></TextLine><TextLine id="r0_l032"><Coords points="326,1070 545,1071 615,1069 615,1038 68,1038 68,1070 156,1072 293,1072"/><TextEquiv index="1"><Unicode>Sragula picta, ſtruit ſi leuis hetba torum?</Unicode></TextEquiv></TextLine><TextLine id="r0_l033"><Coords points="638,1071 326,1071 293,1073 19,1071 19,1102 147,1103 201,1105 494,1105 531,1103 623,1102 628,1105 638,1105"/><TextEquiv index="1"><Unicode>Num niſi priſcorum hiſtoriis variata nitebunt</Unicode></TextEquiv></TextLine><TextLine id="r0_l034"><Coords points="563,1133 563,1104 494,1106 363,1105 201,1106 147,1104 69,1104 69,1135 542,1135"/><TextEquiv index="1"><Unicode>Aulæa, infundet non ſua dona ſopor?</Unicode></TextEquiv></TextLine><TextLine id="r0_l035"><Coords points="667,1168 667,1135 543,1135 492,1139 377,1138 226,1139 102,1136 27,1136 27,1169 558,1170"/><TextEquiv index="1"><Unicode>Ampla quid ex auro rutilant laquearia? &amp; ampla</Unicode></TextEquiv></TextLine><TextLine id="r0_l036"><Coords points="678,1170 559,1170 335,1173 198,1170 64,1170 64,1202 78,1203 678,1204"/><TextEquiv index="1"><Unicode>Quid ſub Mygdonio marmore nixa domus?</Unicode></TextEquiv></TextLine><TextLine id="r0_l037"><Coords points="556,1204 483,1204 421,1206 293,1205 247,1206 208,1204 32,1203 32,1243 556,1244"/><TextEquiv index="1"><Unicode>Si non hæc picet depellunt nubila cæli,</Unicode></TextEquiv></TextLine><TextLine id="r0_l038"><Coords points="758,1235 758,1260 824,1260 824,1235"/><TextEquiv index="1"><Unicode>Nee</Unicode></TextEquiv></TextLine><TextLine id="r0_l039"><Coords points="777,1321 777,1339 832,1339 832,1321"/><TextEquiv index="1"><Unicode></Unicode></TextEquiv></TextLine></TextRegion></Page></PcGts>