884 1339
244 26 676 63 HIER. ANGERIAN
117 79 606 114 Nec ſedant curas, non ſatis ima tegesl
82 112 667 148 Ipſe ſibi qui pondus iners, fulgente vehatur
116 148 597 179 Lecticâ, aut acri conſpiciendus equo.
82 179 746 214 Quid meus acer equus? mea quid lectica refulgens
115 214 638 247 Si poſſum pedibus me modò ferre meis.
82 246 633 281 Quid quæſite epulæ? facili ſaturabitur eſcâ
113 280 716 315 Venter edax. quantum nuno gula ſæuit atrox
78 314 685 348 Hæc facit æquoreâ vt piſces capiantur in vndâ,
113 348 620 382 Vtque cadat duro vulnere foſſus aper.
76 381 665 415 Ambitio infelix permixta cupidine, quæ non
112 415 576 447 Cogit in aſſueto ferre labore mala?
75 447 683 481 Felices quos turba putat, non credo: ſepulchra
81 481 622 513 Sunt illi hæc intus turpia, pulchra foris.
77 514 742 547 Exiguum non munus adeſt, quod viuo,polumqu
112 548 658 582 Quod ſpecto, hoc ipſo munere diues, amo.
354 586 490 607 De Amore.
73 615 734 648 Numina cur tot habes, genus mortale, deorum?
105 648 636 681 Eſt Amor in cunctis rebus vbique Deus.
71 681 698 715 Mars hic bella gerens, terras Vulcanus adurens:
107 716 654 749 Iuppiter impellens fulmina, Solque diem.
72 747 623 781 Nocte ſoror Solis, curas ex pectore pellens
106 782 724 816 Bacchus; & Alcides quum fera monſtra domat.
74 815 708 849 Quum riſus, blandosq; iocos, blandosq; lepores
104 848 631 882 Affert, & miſcet gaudia, pulchra Venus.
68 881 693 915 Hermes, quum flectit mentes ſermone;quietat
103 916 695 950 Quum freta, Neptunus. ſic Deus vnus, Amor.
345 952 487 974 Ad Caliam.
66 980 605 1014 Me ſpectas oculis laſciua iocantibus, inde
101 1015 565 1050 Effugis, & rabidâ tigride peior ades.
67 1114 717 1151 Si læta accedis, placida, atque benigna parumper;
102 1147 706 1182 Quàm mihi poſt multo tempore ſæua manes?
67 1180 668 1217 Quicunque aſpectat tam raræ premia formæ;
101 1214 530 1245 Inter honoratas diceris eſſe deas.
750 1251 847 1280 Numi-
