894 1334
198 18 643 52 EROTOPÆCNION.
20 63 614 96 umined lædis tua. cum ſis impia nobis,
68 97 582 131 Vana, fugax, fallax, horrida, dura, leuis.
282 130 482 155 De Calia do ibus.
27 157 626 199 Tres quondam nudas vidit Priameius heros
68 198 586 230 Iuce deas: video tres quoque luee deas.
26 232 629 265 oc maius; tres vno in corpore: Cælia ridens
67 265 645 299 Iſt Venus, incedens Iuno, Minerua loquens.
272 300 484 324 De Cæliæ vulnere.
24 330 606 366 Cælia dum fulgens per florea rura vagatur,
68 366 607 397 Sæua manum illius, ſæua momordit apis.
26 398 727 433 Vnde has, inquit, habet volucris tam parua ſagittat
63 433 588 462 Illato vt tumt vulnere noſtra manus?
26 464 690 500 Tune reſpondit Amor, ſum paruus & ipſe tenerq;
62 499 610 532 Et iaculis quæ ſtant mollio ſaxa meis.
23 532 601 567 Tu paulo maior quid non facis? ore puſillo,
59 567 616 599 Atque oculis; montes, & maris vris aquan.
285 601 437 627 Ad Caliam.
15 628 609 668 Sa nimis intueor te Cælia, parce; loquuntur,
61 667 666 707 Quat patior, pœnas lumina:lingua nequit.
249 701 541 733 De querimonia ſu.
21 734 745 768 Dum canerem, & crebris nequicquam queſtibus auras
63 767 648 802 Implerem, incuſans terque, quaterque deos.
11 801 669 835 homine in querulam dij me vertere cicadam.
46 835 644 867 Hinc queror, & voces ob mea damna fluunt.
15 868 681 903 Næc medicina mihi, veniet quum frigidus imber,
51 901 555 930 Et moriar, ſtulto in carmine finis erit.
8 935 680 969 Mentior; hibernus me quamuis opprimat imber
53 969 635 1005 Atqus cadam; attrito corpore plura querar.
241 1003 482 1036 Ad Cæliæ picturam.
11 1035 767 1073 arthenopem quum læta ſuam Venus aduenit, atqut
58 1068 506 1103 Vadit olorinis conſpicienda rotis;
17 1100 611 1136 Gaudet odoriferis hortis, gaudetq; Veſeuo,
61 1134 669 1167 Quem colit intonſus Bacchus, & alma Cere.
11 1168 568 1202 Et modo Sebeti miratur fluminis vndas.
61 1202 581 1242 Et mod vermantis littora rata maris.
712 1237 809 1267 ru
