924 1336
287 28 667 66 HIER. ANGERANI
99 81 653 116 Mirum laudat opus præclaræ molis, & ipſa
135 114 761 150 Alta ducum, & regum culmina cuncta probat.
101 149 693 181 Prætereà videt in tabulâ te, Cælia, pictam:
133 182 668 211 Miratur. Veneri tum Chatis vna refert,
102 217 646 254 Quid ſi non pictos ſed viuos videris artus?
135 249 742 287 Quantaque ſit formæ gratia?quantus honos?
100 284 636 317 Dixeris; humanas præſtat virtute puellas:
133 317 635 350 Dixeris. æthereas præſtat honore deas.
99 348 770 381 Admirans ſine labe nouam Venus alma tabellam,
136 383 654 417 Telluri & figens lumina, & ore rubens;
371 486 534 509 De Cæliæ ror.
79 517 669 552 Puniceum digitis dum verſat Cælia florem,
133 552 601 588 Figit & in niueo pectore; Cypris ait,
101 583 770 619 Cur mea dona gerit virgo hæc ingrata?benigna.
134 619 680 653 Suſcepit mentem?mitis an ardet amans?
99 651 696 688 Omniuagas quatiens puer inſuperabilis alas
133 684 669 720 Reſpondit, nunquam deſinet eſſe ferox.
99 718 653 753 Etſi dona gerat nunc mitia, roſpice, ſi vis;
135 753 575 780 Sunt illa effuſo tincta cruore tuo.
101 785 670 818 Oſtendit rixas cruor, & fera prælia, & iras:
137 818 673 853 Sunt animi ſigna hæc ſanguinolenta feri
101 852 708 889 Care puer, rudis es, nec noſti tempora veris,
133 885 661 921 Mater ait; citius quàm Notus illa fluunt.
98 921 651 955 Hic flos lactoleo qui gaudet pectore vanæ
135 952 664 989 Significat formæ quam eito munus abit.
101 985 715 1019 Si findit folium; hæc ibi ſunt præcepta:puella,
135 1020 662 1051 Nunc viret vt folium, ſic tua vita meum.
343 1057 485 1080 Ad Caliam.
99 1085 710 1121 Fingeret vt fcalptor veros in marmore vultus,
136 1121 592 1156 Vultus quærebat poſſe videre tuos.
100 1154 708 1188 Huic dixi, ſimilem vis fingere? finge draconem
138 1187 643 1221 Qui teneat ſæuis corora ſciſſa modis.
98 1220 743 1255 Finge tuces angues, aut nigrum finge venenum;
840 1252 890 1276 At
