1595 1409
182 6 618 42 EROTOPGNION.
768 20 808 49 Ir
53 54 621 94 Aut marerquum tumidis exagitatur aquis.
21 92 724 128 Fnge Notos rapidos, atque humida nubila.arma
54 126 558 160 Finge Iouis: par his Cælia ſæua magis.
23 160 714 194 Non id quæro, refert: ſed pulchram quæro figuram
58 194 583 226 Illius, exuperat quæ ſine fine deas.
25 226 641 260 Tunc ego; nil opus eſt aliâ tibi imagine, pectus
64 261 615 293 Hoc aperi; in corde eſt pulchrior illa meo.
1 293 654 327 Cur linquis cœlum ob terras? tibi patriacælum.
1 327 582 360 In cœlo non hac pulchra puella magis-
257 361 496 393 Adimaginem ſuam.
1 394 693 427 Inunc ad dominam, mea imago, nitebis ab omni
57 428 595 460 Parte quidem, ætherei lux ibi ſolis adeſt.
1 460 675 496 Illa dat, illa aufert animas: illa omnia, tanquam
21 494 530 527 Immortale ſibi numen adeſſet, agit.
23 526 590 561 Accelera paſfus; ſed ne diſcede, priuſquam-
62 562 596 595 Non poteris celeres viua mouere pedes.
24 595 624 627 Deinde vbi vitali te mutam impleuerit aurâ;
59 628 562 662 Succurrat domini tunc tibi forma tui.
23 662 640 695 Dumque venit tacitis præceps occaſio pennis;
58 695 598 729 Voce piâ, quæ ſunt vulnera noſtra, refer.
23 727 624 760 Forſan fiet amans, & ſic mihi parcet amanti:
55 761 540 787 Et fic ambobus candidus annus erit.
25 795 663 829 Sed timeo hoc vnum, ne te dum pollice tangit.
59 828 576 862 Exuſta occumbas; ſimus & ambo pares.
210 863 506 895 De Cæliâ, & Amore pict.
22 895 605 929 In claro dum ſe ſpeculo pulcherrima comit
57 929 587 962 Cælia, vbi pictus cum face ſtabat Amor.
23 962 658 997 Quis credet?ſic inquit Amor; ſum pictus, & ipſ
57 996 596 1027 Ipſa videns me nunc Cælia, verus Amor,
303 1032 454 1055 Ad Cæliam.
23 1054 504 1095 Optarem fieri diues, ſic diues vt ille
60 1094 592 1130 Crœſus, & immen ſæ regna tenere Aæ.
21 1128 704 1157 Poſt cernens hominum caſus, & cuncta ſub Orcum
59 1161 541 1195 Ire;quid, optando talia, diſcrutior?
16 1194 632 1236 Diuitias contemno tuas,rex Crœſe, tuamqus
660 1229 804 1257 Vend
1010 1316 1100 1343 V
