947 1339
336 16 743 56 HIER. ANGERPN
186 67 784 102 Vendo Aſiam vnguentis, flore, ero, chorei.
382 102 618 132 De Calia, & ſpeculo.
153 134 715 172 Colligit in nodum pexos dum Cælia crines
183 168 735 204 Ad ſpeculum; ſpeculum talia verba refert.
156 202 691 238 Quid me tam fixis, fixis miraris ocellis?
189 237 693 273 Fulgorem ſuperat lux tua clara meum.
151 267 758 306 Nota loquor, vitreà puer ille venuſtus in vnd
183 302 674 340 Conſpectus; proprio lumine fata tuli.
147 329 786 373 Heu quia ſæua manes, tibi nec vis parcere;ſaltem
182 370 703 401 Parce mihi;tua me ſcrinia clauſa tegant.
149 402 780 434 Occular aut tenebris, aut totum rumpar:Amoris
183 436 715 472 Non poſſum vlterius vulnera tanta pati.
148 469 719 504 Etſi non habeam ſenſum, tua gratia ſenſum
181 504 660 536 Exhibet, & calidæ ſentio peſtis onus.
147 535 771 573 Dirigis huc quoties ſpectantia lumina, flamm
163 569 697 607 Succendunt inopi ſaucia membra mihi.
144 603 777 640 Hic neque veridicâ ſpectaris imagine; namque
183 637 713 674 Opprimor, & vires non tibi reddo mas.
149 670 711 708 Sic te, qualis apes, talem vis oſſe? tui nunc
179 703 723 740 Adſpice amatoris corda, ibi imago tua eſt.
324 739 665 773 De ſeipſo, & Amore. dialogus.
142 769 752 809 Quid me ſæue tua laceras cum matre Cupido?
180 801 774 841 Non ego; quid quereris? nec tibi mater obeſt.
144 837 743 872 Tu tibi cauſa mali: vacuo dum pectore molles
180 872 695 906 Stant curæ, feruens ſerpit in oſla vapor.
137 904 704 941 Num fruſtrà Cyprin veteres dixere? puella
176 937 732 974 Te cremat ignitâ cuſpide; Cypris abeſt.
147 968 831 1009 Numquid nullus Amor?nullus, ſed forma, ntqrque
182 1007 735 1040 Pulcher Amor; roſeæ plena pharetra genæ:
140 1041 690 1078 Spicula ſolares oculi;manus alba fauillæ;
156 1075 685 1107 Et riſus Charites; verbaque veris opes:
139 1105 795 1142 Aurea plectra comæ. tandem ferit illa, tenetque
183 1140 789 1172 Illa arcum, & flammas, nec mihi parcit, Amor.
146 1173 704 1207 Nil facis ergo?nihil, ſed nudus talia pando.
185 1205 753 1248 Qd andi?pulcri Cælia quiequid habet.
837 1239 921 1264 Dcæ
