1593 1354
181 1 676 41 EROTOPGNION.
769 12 834 48 os
248 51 524 86 De cælia, & pictore.
2 74 665 128 e nudam aurato dum ſpectat Cælia panno,
2 119 602 153 2 Et picturatum tangere gaudet opus,
2 145 609 194 pc, vbi me pictor vidiſti corpore nudo?
43 186 637 218 Fatur; vbi candens, & ſine labe femur?
1 208 758 259 Dic vbi crura?pedes? mammas? & cætera membra
954 221 1015 261 s
46 254 670 287 Quæ tam veridico ſcripta colore vigent?
2 281 725 319 Sic pictor, dubitas quid nunc?ſum doctus ab illo
55 320 598 353 Qu tuus eſt, vero corde fidelis amans.
1 350 721 393 Qo pacto, illa refert, me nudam vidit amator?
24 386 584 421 Illius, ex omni parte, fugatur amor.
1 410 677 453 Tt pictor, mœor, pallorque illius, & ardor
967 449 1004 468 i
15 453 660 487 Oſtendit, quantum ſit tua forma decens.
956 469 1005 485 I
1 484 738 525 Si ſum tam tetrica, & qi me ſectantur amantes
966 506 1005 529 .
12 520 564 553 Expellens, mitis cut ego pingor?ait.
1 548 725 595 Cui pictor, placidum facies tua gnat amorem,
12 585 665 620 Quod latetin tacito pectore, nemo vides.
1 615 720 659 Sæuieiam in pulchris ſi vis oſtendere membris,
1 653 610 691 Pinge ſuperciliis hæc fera veiba tuis.
1 685 661 724 procul hinc hoſpes, ſum fœt ſæuior vrsâ;
1 716 625 755 Sum lapis; & qui me poſcit, inanis erit.
1 745 60 781 .
250 754 508 785 De Amoris laudibu.
1 780 664 825 In terris quum fulſit Amor, ceſſere tenebræ:
1 817 555 853 tas Et magni viſa eſt ſemita clara poli
934 831 1086 885 I
1 841 707 893 Pune ceſfit torpedo grauis, ceſſitque veternum,
1 882 634 919 Petis, & infelix grando, niuisque furor:
32 916 696 958 Ceſerunt Iouis horrendi vagafulmina, ceſſit
6 953 613 986 Bellorum tabies, necis atra manus.
1 978 752 1022 Abſit Amor, ſurgunt tenebræ, torpedo, veternum,
1 1018 678 1058 Peſtis, grando, niues, fulmina. bella, neces.
271 1052 471 1084 De ſeipo
1 1079 680 1122 Flens veni in terras, & flens diſcedo;fuitque
1 1118 596 1166 Dum vixi fletus vita, dolor, gemits.
247 1154 532 1184 Ad tantidem.
938 1164 1100 1198 t
16 1173 755 1225 Qua bere iu mocum, volucris dulciſſima, vivis
704 1206 880 1248 t
11 1221 103 1239 F:
256 1251 456 1284 e
