1593 1354
239 0 676 41 EROTOPGNION.
248 51 524 86 De cælia, & pictore.
41 79 643 127 e nudam aurato dum ſpectat Cælia panno,
41 119 602 153 2 Et picturatum tangere gaudet opus,
41 146 609 192 pc, vbi me pictor vidiſti corpore nudo?
43 186 637 218 Fatur; vbi candens, & ſine labe femur?
41 216 698 259 Dic vbi crura?pedes? mammas? & cætera membra
46 254 670 287 Quæ tam veridico ſcripta colore vigent?
41 283 698 319 Sic pictor, dubitas quid nunc?ſum doctus ab illo
55 320 598 353 Qu tuus eſt, vero corde fidelis amans.
41 350 663 392 Qo pacto, illa refert, me nudam vidit amator?
41 386 584 421 Illius, ex omni parte, fugatur amor.
41 415 677 453 Tt pictor, mœor, pallorque illius, & ardor
41 453 660 487 Oſtendit, quantum ſit tua forma decens.
41 483 676 525 Si ſum tam tetrica, & qi me ſectantur amantes
41 520 564 553 Expellens, mitis cut ego pingor?ait.
41 548 676 587 Cui pictor, placidum facies tua gnat amorem,
34 585 665 620 Quod latetin tacito pectore, nemo vides.
34 619 676 659 Sæuieiam in pulchris ſi vis oſtendere membris,
34 653 610 690 Pinge ſuperciliis hæc fera veiba tuis.
33 685 632 720 procul hinc hoſpes, ſum fœt ſæuior vrsâ;
33 716 625 755 Sum lapis; & qui me poſcit, inanis erit.
250 754 508 785 De Amoris laudibu.
34 780 664 825 In terris quum fulſit Amor, ceſſere tenebræ:
34 816 555 853 tas Et magni viſa eſt ſemita clara poli
34 842 689 892 Pune ceſfit torpedo grauis, ceſſitque veternum,
34 881 634 919 Petis, & infelix grando, niuisque furor:
34 916 648 958 Ceſerunt Iouis horrendi vagafulmina, ceſſit
34 953 613 986 Bellorum tabies, necis atra manus.
34 978 715 1022 Abſit Amor, ſurgunt tenebræ, torpedo, veternum,
34 1018 678 1058 Peſtis, grando, niues, fulmina. bella, neces.
271 1052 471 1084 De ſeipo
34 1079 680 1122 Flens veni in terras, & flens diſcedo;fuitque
34 1118 596 1164 Dum vixi fletus vita, dolor, gemits.
247 1154 532 1184 Ad tantidem.
58 1173 712 1225 Qua bere iu mocum, volucris dulciſſima, vivis
755 1206 813 1248 t
