1589 1322
149 2 623 42 EROTOPÆGNION.
33 43 652 89 Quæ pars negligitur, pats illa decentior, alma
34 81 629 113 Cælia. non vtor te modo vt orner, ait.
34 109 664 146 um pulchra, vt dixti,cupio ſic pulehra videri,
34 146 601 181 Quid pulchro in terris gratius ore viget?
34 178 626 220 ubriit ſpeculum, iactanti & talia fatur,
33 213 568 245 Ne credas dictis facta ſuperba meis.
33 242 633 279 ec tibi ſic placeas; non eſt formoſa puella.
34 276 633 319 Nec prudens, quæ non ſentit Amoris opm
256 325 498 365 De ſpſo dialgus.
34 367 608 402 Viſcera ſ calidis tua ſunt exuſta fauillis,
34 403 608 438 Cur non puluereo funere merſus ohis?
33 437 608 474 Spiritus in gemitus ſi fluxit, & aëre gaudet
34 471 588 504 Liberiore; tibi qui mouet ora ſonus?
34 498 669 544 Cor ſi præreptum quo viuis corde?frequenter
79 537 630 570 Si ploras, cut non conteris ora fluens?
33 566 627 605 Si perciſſit Amor ſauo tibi vulnere pectus,
34 599 676 636 Cur non percuſſo in pectore vulnus habes
34 635 676 669 Deſine, quiſquis ades, miſeros ſic lædere maness
34 670 676 710 mbra mea eſt, corpus quæ regit; ipſe obii.
245 708 522 748 De Caliâ venane.
41 741 632 782 Dm vaga venatur per noſtros Cælia ſaltus,
41 781 620 815 Hanc cernens, ſubito Delius obſtupuit:
41 808 648 852 Cur his erratait eampis germana remotis?
41 847 633 882 Et iuga Patthenii linquit amœna ſoli?
43 875 648 921 Dum ſicmiratur, vergit ſua lumina; Cynthum
78 915 648 946 Luſtrat,& hic vero eſt Iumine viſa ſoror.
43 947 648 982 Annc duas, inquit, peperit Latona Dianas?
41 980 648 1020 Quæ conſanguinea eſt, iſta? velilla mil?
41 1015 522 1052 Hæc vadit paſſis, & paſſis illa capillis;
40 1041 648 1082 Hæc placet inſigni pectore, & illa placet.
40 1081 648 1120 Nuſquam tam ſimiles toto ſunt orbe Dianæ:
41 1115 602 1148 Vna ſtat effigies, vnus vtrique decor.
41 1145 648 1180 Venantes ambæ, verum; ſed diſpare præd,
40 1181 648 1218 Iuno ait: hæc homines coniit, illa feras.
