1589 1322
960 1 1019 24 ,
149 2 623 42 EROTOPÆGNION.
980 24 1026 53 a
1 44 652 92 Quæ pars negligitur, pats illa decentior, alma
27 81 629 113 Cælia. non vtor te modo vt orner, ait.
1 109 664 146 um pulchra, vt dixti,cupio ſic pulehra videri,
1 146 601 181 Quid pulchro in terris gratius ore viget?
1 173 626 220 ubriit ſpeculum, iactanti & talia fatur,
32 213 568 245 Ne credas dictis facta ſuperba meis.
944 214 1024 255 I
1 242 685 279 ec tibi ſic placeas; non eſt formoſa puella.
1 276 686 319 Nec prudens, quæ non ſentit Amoris opm
256 325 498 365 De ſpſo dialgus.
1 367 628 402 Viſcera ſ calidis tua ſunt exuſta fauillis,
20 403 652 438 Cur non puluereo funere merſus ohis?
1 437 666 474 Spiritus in gemitus ſi fluxit, & aëre gaudet
1 471 588 504 Liberiore; tibi qui mouet ora ſonus?
948 494 1037 529 i
5 498 669 544 Cor ſi præreptum quo viuis corde?frequenter
976 529 1019 549 .
79 537 630 570 Si ploras, cut non conteris ora fluens?
1 564 627 605 Si perciſſit Amor ſauo tibi vulnere pectus,
19 599 707 636 Cur non percuſſo in pectore vulnus habes
1 635 693 678 Deſine, quiſquis ades, miſeros ſic lædere maness
991 632 1100 671 .
947 648 1108 701 u
24 670 690 710 mbra mea eſt, corpus quæ regit; ipſe obii.
245 708 522 748 De Caliâ venane.
8 742 632 782 Dm vaga venatur per noſtros Cælia ſaltus,
10 781 620 815 Hanc cernens, ſubito Delius obſtupuit:
948 783 1067 833 i
1 808 683 859 Cur his erratait eampis germana remotis?
903 843 1108 895 .
24 847 633 882 Et iuga Patthenii linquit amœna ſoli?
43 875 684 921 Dum ſicmiratur, vergit ſua lumina; Cynthum
78 915 666 946 Luſtrat,& hic vero eſt Iumine viſa ſoror.
43 947 667 982 Annc duas, inquit, peperit Latona Dianas?
20 980 676 1020 Quæ conſanguinea eſt, iſta? velilla mil?
940 1015 1054 1051 II
1 1008 522 1052 Hæc vadit paſſis, & paſſis illa capillis;
968 1048 1039 1071 s
1 1041 650 1082 Hæc placet inſigni pectore, & illa placet.
1 1081 702 1122 Nuſquam tam ſimiles toto ſunt orbe Dianæ:
41 1115 602 1148 Vna ſtat effigies, vnus vtrique decor.
1 1141 676 1181 Venantes ambæ, verum; ſed diſpare præd,
1 1179 684 1222 Iuno ait: hæc homines coniit, illa feras.
492 1213 697 1255 N
893 1220 1068 1266 li
738 1267 935 1319 e M
892 1283 1033 1319 Hl
