954 1341
323 26 704 66 HIER. ANGERIANI
126 32 178 68 os
404 81 542 105 AdCaliam.
129 113 660 144 Miſiſti florem;florem mea Cælia pronus;
166 145 697 173 Pronus in obducto claudo & adoro ſinu.
131 180 662 213 Heſperidum cedent illi violaria; namque
165 212 581 243 Penſilis aurato vomere fiet ager.
129 244 691 274 Illum irrorabunt oculi fluitantibus vndis:
116 276 716 313 Pro molli Lephyro, flamina pectus habet.
125 311 738 344 Donec erunt lacrymæ, donec diffabit in auras
163 345 635 379 Spiritus hic, viridi flore virebit ager.
131 377 696 412 Semper ego flebo, ſemper ſuſpiria fundam;
165 411 651 444 Sub verno ſemper flos erit axe virens.
131 443 751 475 Si tamen arebit, condam ſublime ſepulchrum,
166 478 693 512 Nænia vbi imparili carmine talis erit;
129 511 698 542 Flos iaceo hic, crebro. fletu confotus, & aura
164 544 637 577 Vital;effugi nec graue mortis onus.
130 575 724 611 Quid tu, puluereo quæ ſtas ſub corticevelo
164 609 700 644 Vita magis tuasnunc gaudia carpeffuit.
363 644 595 677 Dſiipſo, & Venere.
131 676 773 709 Dum Venus in triuiis errantem quærit Amorem;
168 710 687 743 Huic loquor; errantis dic mihi ſigna dei.
132 744 725 777 Illa refert, do ſigna: meus meus ille proteruus,
167 777 623 810 Audax. & pæoeps. & ſine lege puer.
132 807 757 844 landitur cuiquam, cuiquam deſæuit;abitque,
125 843 733 877 Et redit, & quo vult fertur, vt aura volat.
133 875 784 909 Crine ſuo pulchrum caput, & pulcherrima ceruix
166 911 674 943 Vna nec in toto corpore menda manet.
132 943 697 976 ar color eſt igni ſuus; & ſualumina lucent
168 975 737 1008 Vt flammæ; it nudus, nilque. pudoris haber:
74 1003 750 1042 cum leua tenet, ſuper arcum dextra ſagittam.
167 1043 789 1075 Circum humeros calamis plena pharetra niter.
133 1076 782 1110 Non parcit matri; nunc hune nunc ſauciat illum:
166 1110 667 1143 Et domat æthereos, tartareoſque deos.
134 1142 702 1176 Quinetiam rapidos armis immiſcuit ignen,
148 1174 763 1208 Sic ſimul excindunt atma, ſimulque cremant.
136 1206 719 1243 Alloquitur quoties, bando ſermone, vel ors
812 1241 952 1279 Purpu-
