947 1325
308 20 743 49 HIE. ANGERIANI
130 32 240 50 2
165 67 725 101 Pingebat:cur non, dico ego, pingis aquas?
131 100 735 132 Cur non & flammas? curnon ſuſpiria? cur non
166 133 802 167 Hos gemitus? hæc ſunt quæ mihi damna nocent
130 167 726 195 Ille autem infauſto cernens me viuere fato;
137 202 635 235 Pimxit in ardenti corpus inane rogo.
315 235 582 265 Deculo.
130 261 699 296 Pectine frmolos concinnans Cælia crines.
144 300 772 334 Conſuluit ſpeculum, quæ ſibi forma foret.
90 331 815 375 Reſpondit ſpeculum, quid tecum fulgor honoſque?
167 368 701 400 Si fugis Idalium tam pudibunda torum?
83 401 680 434 Accedent anni, quibus iſthæe fugerit ætas,
166 434 640 467 Et quibus vrenti non eris apta ioco.
131 465 786 499 Viue hodie; cras nimbus erit, cras nubila ſurgent:
165 501 681 534 Impelletque tuam dira procella ratem.
131 534 747 567 Conteris ætatem viridem;no viuitur apte
163 567 755 596 Hic, vbi non lætus dona miniſtrat Amor.
131 599 768 635 Quid, tibi conceſſus decor? vtere temporevirgo
167 634 654 666 Caſta nimis, dici virgo ſepulta poteſt.
132 666 718 700 Omnia mutantur. quoties mutata dolebis,
166 700 692 727 Et dices heu cur dura in amore fui?
118 732 718 766 quàm ſæua tibi, cur perdis præmia formæ?
163 767 741 800 Forma quid eſt, fructum ni ſua dona gerunt?
132 800 836 833 Nunc propera,dum vernat humus, dum liia florent:
165 834 732 867 Hæc, non maturo tempore lecta, cadunt.
132 866 790 899 Nunc propera infelix; vertuntur tempora circùm,
165 900 670 934 Et redeut, ſed tu non reditura peris.
119 932 806 967 Hoc cui non notum? vita hæc niſi pulueris vmbra,
167 967 667 1000 Vita nihilcœlos ſuſpice, amore calent.
134 998 748 1035 Quid ſit amor; neſcis? res eſt dulciſſima;diſce,
166 1035 611 1068 Diſce tuâ ſapiens vtilitate frui,
134 1066 712 1101 Cur natura dedit quæ dona relinquis? & illa
167 1101 750 1133 Quam peccaslhomines mille relicta necant.
133 1133 738 1167 Lenta manos, nec credis inops; inſcitia tanti
169 1165 697 1200 Cauſa maligaude; ſæuamoraris; ama.
133 1195 733 1234 Hoc ho onnillum tibl do,do Cælia:umque
845 1237 920 1264 M,
