1599 1393
221 22 614 53 Eo oPNION:
39 63 718 110 eſpectas, ſpeculi hæc verba loquentis habe.
187 103 539 133 Ad moiem dcrmien em.
39 126 709 173 BDormis, ſæue puer, ſed non tuus arculus. ignem
38 168 642 203 Suſcitat, & vigili lampade corda crema
295 203 524 234 Ad imaginem Caliæ.
39 231 580 269 riſtia ſoiaris præcordia, daſque quietem,
39 269 580 302 Quum cerno vulus, picta tabella, tuos.
39 301 654 335 Contra illa infeſtat me totum, ſpernit. & odit;
38 335 660 368 Et quam formoſa eſt, tam ferus vrit amor.
39 368 627 408 Stibi lingua foret, proferres verba; ſed ill,
84 402 581 435 Ora potens miti voce mouere, ſilet.
39 434 621 476 Et quamuis ſileas, tu dicere verba viders,
79 468 538 497 Et mulces fletus; ſæuius illa tumet.
38 500 655 536 Annuis, ingredior quoties, reddisqte ſalutem..
80 535 586 568 Illa negans, folum dicere nouit, abi.
39 563 692 601 Eæta manes, mecumque ſedes immobilis;illa
80 602 606 635 Mobilior ſiccâ fronde, ſuperba fugit.
39 632 688 669 Tucrebro oſtendis, crebrò latet illa:querelas
81 669 544 701 Tu vanas audis; ſurdior illa freto.
45 701 640 735 Eſtis inæquales cunctis inrebus & ambæ
76 735 618 769 Diſpariles; ſed vos res facit vna pares.
38 766 696 802 Ilda ab amore procul, quia vitæ munera neſti,
62 803 698 836 Emoritur; tenebras tu quoque mortis habes
253 837 547 869 Decali, & Cupidine.
39 864 609 902 Armatur telis puer aliger, accipit arem,
48 903 647 936 Et ruit in dominam cum face,letor ego
38 935 634 969 Adomina vt torſit ſua lumina, diffugit ille:
39 968 696 1008 Non te,parce precor, cor peto amantis, ait
218 1003 575 1036 De ſeipſo, Cupidine.
38 1018 822 1073 Dum mea lingua vocat Mortem, Mors aduenit, &qu.
51 1066 664 1103 Vis? ait; hoc cupio, dico ego; cæde caput.
39 1093 629 1134 alcem aptat collo. cædit: nec cæditur vlla
45 1135 675 1167 Vena.nec elapſo membra cruore cadunt.
39 1164 721 1204 Miratut Mors; ipſe tremo, ceu canna paluſtris
42 1200 688 1250 Q(m qutitus tauco ſapius aa etoo
679 1217 836 1267 ii
