1599 1393
221 22 614 53 Eo oPNION:
718 34 845 67 2
3 64 718 110 eſpectas, ſpeculi hæc verba loquentis habe.
880 87 955 133 I
187 103 539 133 Ad moiem dcrmien em.
1 126 709 173 BDormis, ſæue puer, ſed non tuus arculus. ignem
879 153 954 197 I
1 168 642 203 Suſcitat, & vigili lampade corda crema
295 203 524 234 Ad imaginem Caliæ.
1 232 580 273 riſtia ſoiaris præcordia, daſque quietem,
32 269 580 302 Quum cerno vulus, picta tabella, tuos.
1 301 654 340 Contra illa infeſtat me totum, ſpernit. & odit;
18 335 660 368 Et quam formoſa eſt, tam ferus vrit amor.
1 367 627 408 Stibi lingua foret, proferres verba; ſed ill,
84 402 581 435 Ora potens miti voce mouere, ſilet.
1 434 621 477 Et quamuis ſileas, tu dicere verba viders,
79 468 538 497 Et mulces fletus; ſæuius illa tumet.
1 500 655 536 Annuis, ingredior quoties, reddisqte ſalutem..
80 535 586 568 Illa negans, folum dicere nouit, abi.
1 559 692 601 Eæta manes, mecumque ſedes immobilis;illa
80 602 606 635 Mobilior ſiccâ fronde, ſuperba fugit.
1 632 688 669 Tucrebro oſtendis, crebrò latet illa:querelas
81 669 544 701 Tu vanas audis; ſurdior illa freto.
45 701 640 735 Eſtis inæquales cunctis inrebus & ambæ
76 735 618 769 Diſpariles; ſed vos res facit vna pares.
19 767 696 802 Ilda ab amore procul, quia vitæ munera neſti,
62 803 698 836 Emoritur; tenebras tu quoque mortis habes
253 837 547 869 Decali, & Cupidine.
2 864 609 902 Armatur telis puer aliger, accipit arem,
48 903 647 936 Et ruit in dominam cum face,letor ego
6 929 634 969 Adomina vt torſit ſua lumina, diffugit ille:
24 968 696 1008 Non te,parce precor, cor peto amantis, ait
218 1003 575 1036 De ſeipſo, Cupidine.
1 1018 822 1073 Dum mea lingua vocat Mortem, Mors aduenit, &qu.
51 1066 664 1103 Vis? ait; hoc cupio, dico ego; cæde caput.
1 1093 629 1134 alcem aptat collo. cædit: nec cæditur vlla
45 1135 675 1167 Vena.nec elapſo membra cruore cadunt.
1 1164 721 1204 Miratut Mors; ipſe tremo, ceu canna paluſtris
42 1200 688 1250 Q(m qutitus tauco ſapius aa etoo
909 1211 1089 1263 t
679 1217 882 1269 ii
