951 1330
336 17 707 43 HIER.ANGERIANI
127 29 177 56 O4
128 59 672 100 Vidit vt id, ſummo dilabitur axe Cupido,
163 95 605 128 Et dicit, non hic enſe perire poteſt.
130 127 795 161 Si quiſſem hunc ferro, ſeu triſti abrumpere flammâ
163 161 649 194 Hoc a:cu quoties occubuiſſet amans?
128 194 746 226 Oſſibus hic tantum dolor eſt, & pallor & ardor:
161 228 773 260 Pulchra ſed eius habet Cælia pulchra animam.
328 260 584 296 De Cælia, & papilione.
125 295 715 328 Papilio fulgens dominæ dum lumen oberrat,
160 329 645 361 Carpit & e teneris oſcula grata genis;
127 360 789 395 Occidit. ante tamen nigum quàm viſeret Orcum,
105 394 665 425 Dicitur hæe ſurdis verba dediſſe Notis;
124 429 823 462 Icce, hominum quæ mille domat, quæ mille Deorum
159 462 749 496 Pectora, me manibus, quæ modo famalnecat.
392 497 541 520 Adlctorem.
85 525 710 561 Si molles elegos, & vana epigrammata texo;
108 562 712 596 Non mirum. mollis tu quoque vana facis.
358 596 570 630 e cpſo, & Calia.
123 630 621 655 Vt mouit crines ventoſo Clia flabro,
156 662 620 696 Acceſſere ipſi frigora flamma m:hi.
123 696 733 730 Hoc mirum, in glaciem duram conuertitur illa
159 730 699 763 Quæ nunquam æſtiuo ſole liqutre poteſt:
71 764 661 797 Ipſe cinis fio. ſed qui me nonit amantem;
156 797 663 829 Appoſuit cineri ſuibdita verba meo;
124 831 746 864 Cælia frigus amans, dum petcutit aëra pennis,
155 864 693 897 Fit glacies miſer hic fiigore aduſtus obit.
294 899 625 930 Ad Gaſfarem Agerianum.
121 930 664 963 Deſine ſollicitis vitam producere curis,
156 963 719 997 O pater. & quæ ſunt tempora, noſce, fluunt.
121 999 713 1032 Iam rude donatus requieſce, atq; ocia quære:
156 1032 671 1065 Clarus es, & doctâ Pallade factus eques;
121 1065 665 1098 Vndique laudaris: nouit Campania faſces
157 1100 649 1132 Tota tuos, diues Dauria, & Aprutium.
122 1132 726 1165 Et norunt Calabri, dulcisque Neapolis, omnes
157 1164 696 1198 Lucani; reliquum nunc tibi tempus habe.
124 1195 694 1239 Quo flui? optando cruciaris, & omnia venti
788 1237 905 1262 Concul
1 1244 100 1304 -
