948 1333
284 21 755 60 IERIANI
354 67 529 99 Ad Cæliam.
144 97 744 130 Nune iuo, & viuis; viui iungamur amantes;
144 129 671 164 Et læti in mediâ ſimus vterque rosà.
129 164 752 193 Gaudentes vitunt: bhandos excludet amores;
172 197 642 226 Et dulces luſus tetra ſenecta, obitus.
359 233 585 256 De Cæliæ venatione.
127 264 780 298 Dum cuſtodit agros canis, & loca peruia cingunt
173 298 701 331 Fila plagæ, & flatu cornua plena ſonant:
123 330 681 359 Dum ferit aëreas clamor venaticus auras;
170 365 633 398 Exilit exerto dente proteruus aper.
135 398 810 431 Nunc hac nunc ilc, ceu fulmen, perfurit; atque
169 431 765 464 Contra illum quiſquam comminus ire pauet.
122 464 656 489 Formidatis? ait Mauortia Cælia: veſtes
129 496 686 530 Complicat, effuſas aptat inaure comas;
121 530 767 564 Flectit equum in gyros, ſtringit venabula dextrà.
167 564 673 597 Ille ferox dominæ concidit ante pedes.
121 597 800 631 Obſtupuere omnes: tunc quidam; non ego miror,
167 630 599 663 Nec ſtupeo, ferro ſi fera cæſa fuit.
119 664 738 701 Eece poteſt oculis pulchris, & pectore pulchro.
163 698 637 724 Armatos homines, & laniare Deos.
303 732 682 761 Mittit corolam ad amicam.
130 764 697 794 Floribus intextam diuerſis mitto corollam.
165 797 706 830 Quam feci manibus nunc tibi, vita, meis:
119 830 699 864 Vt cingat flauos crines, & tempora circum
161 864 650 898 Fulgeſcat; tepidi munera veris habes.
118 898 659 930 Sunt hlc ecce vide, ridentia lilia, pulchti
162 930 790 963 Narciſſi, atque tuæpulchræ Hyacinthe comæ:
100 958 666 999 Nec non Idalio maculati ſanguine lores:
159 997 679 1030 Atque alij, tellus quos modo fœta tulit.
130 1030 716 1063 Si quæris, donum quid vult ſibi tale? corolla
161 1063 690 1096 Vt viret hæc, paruo tempore forma viret.
350 1097 531 1129 Iraſcitur amicæ.
115 1128 662 1164 ece tumetfomâ ptæſtanti Cælia; ſtatq;
159 1160 651 1191 Inſignis crine, & fronte nitente ferox.
101 1187 655 1234 Præteriens humiii dico vo alutem,
815 1224 946 1260 Non
