1588 1381
201 6 649 43 EROTOPGNION.
39 60 611 95 No audit vocem, nec meadamna videt.
38 94 586 129 ideor infelix: anni properate; diesq;;
39 127 539 160 Acceleraq; tuos eurua ſenecta pedes.
39 160 579 200 inge genas ſulcis, & canos effice: tantus,
39 194 519 249 Tantus vt e illo corpore faſtus eat
286 229 466 259 Ad Cæliam.
39 250 660 296 Ne fide humanis mea Cælia; cuncta creata
39 295 588 333 Sunt nihil, & nullâ cum ratione fluunt.
180 328 563 361 De ſeipſo, & Cupidine dialgus.
38 355 631 409 r ſic expalles? vbi nunc color igneus, artus
46 394 615 427 Qui tibi, ſi memini, condecorabat Amor?
39 418 637 461 ic; vbi labentes humana in corda fauillæ?
39 460 684 493 Vnde fugis? tua cur membra pauore tremunt?
39 491 764 527 Dic vbi ſunt alæ? atque arcus? vbi tela? pharetræ?
39 525 780 560 Non ille es, genuit quem Venus orta ſalo?
39 556 703 596 Ipſe fuit quondam deus, & cœleſtis, & ingens;
82 595 624 629 Quem peperit gratis fluctibus orta parens.
38 626 769 661 Nunc paueo, & fugio; nam me ſuperauit amantem
80 662 586 695 Quæ nata eſt damnis vnica forma meis.
39 687 769 740 Dic, non ſolus habes, non ſolus numen amantum ?
48 728 658 762 Numina quid prount? ſaucus ecce vagor.
39 761 651 796 Quis te prægrandes laculatur fortius ictus?
39 795 717 830 Vna Dea est, homines quæ ferit, atque Deos:
39 828 593 863 Et non eſt illi ſicut mihi debilis arcus,
39 860 622 896 Qi non tranſmiſsâ cuſpide vulnus agit.
38 886 769 933 ic, quibus hæc armis te tantum exterrit hoſtem
39 928 689 962 Arma, quibus vicit me modo nullus habet;
39 962 661 1000 lla oculis, oculis armata potentibus audet:
64 995 608 1028 Intuitu ex humeris excidit ala meis:
39 1022 665 1068 Arcum colloquio fregit, riſuq;pharetram;
66 1060 630 1094 Pallorem membris facta proterua tulit.
39 1091 597 1127 Exibat leni qui dulcis anhelitus ore
54 1126 604 1159 Surripuit mentem, ſurripuitq; facem.
39 1154 687 1194 Defeci infelix; mihi damna nigrumq; colorem
38 1193 610 1234 Inijciens, tapuit cuncta decora, vides.
