1588 1381
201 6 649 43 EROTOPGNION.
875 8 961 49 I
704 19 811 50 E
28 60 611 95 No audit vocem, nec meadamna videt.
1 90 586 129 ideor infelix: anni properate; diesq;;
26 127 539 160 Acceleraq; tuos eurua ſenecta pedes.
1 152 579 200 inge genas ſulcis, & canos effice: tantus,
1 194 519 249 Tantus vt e illo corpore faſtus eat
286 229 466 259 Ad Cæliam.
1 250 660 296 Ne fide humanis mea Cælia; cuncta creata
20 295 588 333 Sunt nihil, & nullâ cum ratione fluunt.
180 328 563 361 De ſeipſo, & Cupidine dialgus.
1 355 631 409 r ſic expalles? vbi nunc color igneus, artus
46 394 615 427 Qui tibi, ſi memini, condecorabat Amor?
16 419 637 461 ic; vbi labentes humana in corda fauillæ?
27 460 684 493 Vnde fugis? tua cur membra pauore tremunt?
1 491 764 537 Dic vbi ſunt alæ? atque arcus? vbi tela? pharetræ?
15 525 780 560 Non ille es, genuit quem Venus orta ſalo?
8 553 703 596 Ipſe fuit quondam deus, & cœleſtis, & ingens;
82 595 624 629 Quem peperit gratis fluctibus orta parens.
10 627 810 661 Nunc paueo, & fugio; nam me ſuperauit amantem
80 662 586 695 Quæ nata eſt damnis vnica forma meis.
10 687 805 740 Dic, non ſolus habes, non ſolus numen amantum ?
48 728 658 762 Numina quid prount? ſaucus ecce vagor.
1 755 651 802 Quis te prægrandes laculatur fortius ictus?
1 795 717 830 Vna Dea est, homines quæ ferit, atque Deos:
2 828 593 863 Et non eſt illi ſicut mihi debilis arcus,
2 860 622 896 Qi non tranſmiſsâ cuſpide vulnus agit.
1 886 806 933 ic, quibus hæc armis te tantum exterrit hoſtem
18 928 689 962 Arma, quibus vicit me modo nullus habet;
27 962 661 1000 lla oculis, oculis armata potentibus audet:
931 974 1107 1010 .
64 995 608 1028 Intuitu ex humeris excidit ala meis:
1 1020 665 1068 Arcum colloquio fregit, riſuq;pharetram;
66 1060 630 1094 Pallorem membris facta proterua tulit.
1 1085 597 1127 Exibat leni qui dulcis anhelitus ore
54 1126 604 1159 Surripuit mentem, ſurripuitq; facem.
1 1154 687 1194 Defeci infelix; mihi damna nigrumq; colorem
1 1193 629 1234 Inijciens, tapuit cuncta decora, vides.
794 1266 895 1292 .
1106 1344 1270 1379 v
