<?xml version="1.0" encoding="UTF-8" standalone="no"?><PcGts xmlns="http://schema.primaresearch.org/PAGE/gts/pagecontent/2019-07-15" xmlns:xsi="http://www.w3.org/2001/XMLSchema-instance" xsi:schemaLocation="http://schema.primaresearch.org/PAGE/gts/pagecontent/2019-07-15 http://schema.primaresearch.org/PAGE/gts/pagecontent/2019-07-15/pagecontent.xsd"><Metadata><Creator/><Created>2022-04-11T08:25:06</Created><LastChange>1970-01-01T00:00:00</LastChange><Comments/></Metadata><Page imageFilename="0236.png" imageHeight="1324" imageWidth="939"><TextRegion id="r1" orientation="0.0" type="paragraph"><Coords points="1,1 937,1 937,1322 1,1322"/><TextLine id="l1"><Coords points="276,15 276,40 721,40 721,15"/><TextEquiv><Unicode/></TextEquiv><TextEquiv index="1"><Unicode>HIER.ANGERIANI</Unicode></TextEquiv></TextLine><TextLine id="l2"><Coords points="751,57 111,57 111,91 118,92 622,93 698,91 751,93"/><TextEquiv><Unicode/></TextEquiv><TextEquiv index="1"><Unicode>Ergo vacas? &amp; noſtra ſilent incommoda? ſtatq;</Unicode></TextEquiv></TextLine><TextLine id="l3"><Coords points="691,123 691,93 146,93 146,126 565,126"/><TextEquiv><Unicode/></TextEquiv><TextEquiv index="1"><Unicode>Tutus amans? per me qualibet ire potes.</Unicode></TextEquiv></TextLine><TextLine id="l4"><Coords points="748,126 566,126 513,128 101,126 101,158 171,158 215,160 748,160"/><TextEquiv><Unicode/></TextEquiv><TextEquiv index="1"><Unicode>Sed manet in terris quæ me conſixit, &amp; vſſit.</Unicode></TextEquiv></TextLine><TextLine id="l5"><Coords points="671,161 116,161 116,195 263,195 269,192 330,192 350,194 396,195 671,195"/><TextEquiv><Unicode/></TextEquiv><TextEquiv index="1"><Unicode>Dic quæ? nota tibi Cælia? nota. necat.</Unicode></TextEquiv></TextLine><TextLine id="l6"><Coords points="561,225 561,195 396,196 309,194 309,226 469,227"/><TextEquiv><Unicode/></TextEquiv><TextEquiv index="1"><Unicode>De taeell onbus.</Unicode></TextEquiv></TextLine><TextLine id="l7"><Coords points="742,225 577,225 556,227 469,228 377,227 315,228 256,227 252,225 108,225 108,258 113,259 180,261 742,261"/><TextEquiv><Unicode/></TextEquiv><TextEquiv index="1"><Unicode>Aſſumptam lychno ſimul ac videt eſſe tabellam,</Unicode></TextEquiv></TextLine><TextLine id="l8"><Coords points="677,261 143,261 143,293 677,293"/><TextEquiv><Unicode/></TextEquiv><TextEquiv index="1"><Unicode>In quâ picta meæ lumina erant dominæ;</Unicode></TextEquiv></TextLine><TextLine id="l9"><Coords points="700,296 685,295 605,294 433,296 108,294 108,325 162,324 199,327 239,328 700,328"/><TextEquiv><Unicode/></TextEquiv><TextEquiv index="1"><Unicode>Incuſat lychnum pictor. cui ſic ego. demeus,</Unicode></TextEquiv></TextLine><TextLine id="l10"><Coords points="625,328 518,330 377,328 239,329 198,327 141,327 141,362 280,362 283,360 290,359 354,359 360,362 625,362"/><TextEquiv><Unicode/></TextEquiv><TextEquiv index="1"><Unicode>Falleris: ipſa ſuo lumine aduſta fuit.</Unicode></TextEquiv></TextLine><TextLine id="l11"><Coords points="310,363 310,390 537,390 537,363"/><TextEquiv><Unicode/></TextEquiv><TextEquiv index="1"><Unicode>De Cali, &amp; Aurâ.</Unicode></TextEquiv></TextLine><TextLine id="l12"><Coords points="104,394 104,428 652,428 652,394"/><TextEquiv><Unicode/></TextEquiv><TextEquiv index="1"><Unicode>Lactea fulgentes duminæ per colla capilli</Unicode></TextEquiv></TextLine><TextLine id="l13"><Coords points="746,460 746,427 371,430 142,428 142,461 644,461"/><TextEquiv><Unicode/></TextEquiv><TextEquiv index="1"><Unicode>Pendebant; quos dum proſpicit Aura, refert;</Unicode></TextEquiv></TextLine><TextLine id="l14"><Coords points="683,493 786,493 786,462 91,462 91,495 600,495"/><TextEquiv><Unicode/></TextEquiv><TextEquiv index="1"><Unicode>Quàm pulchram adſpicio frontem: par illa dearum</Unicode></TextEquiv></TextLine><TextLine id="l15"><Coords points="743,495 270,497 141,496 141,526 147,527 743,527"/><TextEquiv><Unicode/></TextEquiv><TextEquiv index="1"><Unicode>Frontibus: accedam? quis vetat? eccc patet.</Unicode></TextEquiv></TextLine><TextLine id="l16"><Coords points="109,528 109,558 630,558 630,528"/><TextEquiv><Unicode/></TextEquiv><TextEquiv index="1"><Unicode>Hæc ſimul vt dixit, veloces excutit alas,</Unicode></TextEquiv></TextLine><TextLine id="l17"><Coords points="143,562 143,595 682,595 682,562"/><TextEquiv><Unicode/></TextEquiv><TextEquiv index="1"><Unicode>Cœpit &amp; im niueâ fionte mouere comas.</Unicode></TextEquiv></TextLine><TextLine id="l18"><Coords points="594,627 700,628 700,595 461,595 403,597 107,595 107,627 115,628 255,629 274,627 315,627 372,629 536,629"/><TextEquiv><Unicode/></TextEquiv><TextEquiv index="1"><Unicode>Illa tamen motos crines adſtringit in orbem,</Unicode></TextEquiv></TextLine><TextLine id="l19"><Coords points="667,661 667,629 123,629 123,662 601,662"/><TextEquiv><Unicode/></TextEquiv><TextEquiv index="1"><Unicode>Increpat &amp; Lephyri, ſæuaq; flabra Noti.</Unicode></TextEquiv></TextLine><TextLine id="l20"><Coords points="668,662 458,664 107,663 107,694 668,695"/><TextEquiv><Unicode/></TextEquiv><TextEquiv index="1"><Unicode>Aura ſed inſiſtit, quæ dum turbare capillos</Unicode></TextEquiv></TextLine><TextLine id="l21"><Coords points="661,696 142,696 142,727 661,727"/><TextEquiv><Unicode/></TextEquiv><TextEquiv index="1"><Unicode>Non potis eſt, labris hæret, &amp; ora ſubit.</Unicode></TextEquiv></TextLine><TextLine id="l22"><Coords points="109,729 109,761 676,761 676,729"/><TextEquiv><Unicode/></TextEquiv><TextEquiv index="1"><Unicode>Hic, hic lætor, ait; nam duleia baſia carpo,</Unicode></TextEquiv></TextLine><TextLine id="l23"><Coords points="565,796 565,764 141,763 141,795 151,796 512,797"/><TextEquiv><Unicode/></TextEquiv><TextEquiv index="1"><Unicode>Baſia ſpiritibus baſia digna meis.</Unicode></TextEquiv></TextLine><TextLine id="l24"><Coords points="672,795 594,795 572,797 512,798 151,797 108,795 108,828 672,828"/><TextEquiv><Unicode/></TextEquiv><TextEquiv index="1"><Unicode>Dum ſic lætatur, dum fic ſua gaudia iactat;</Unicode></TextEquiv></TextLine><TextLine id="l25"><Coords points="143,829 143,861 575,861 575,829"/><TextEquiv><Unicode/></TextEquiv><TextEquiv index="1"><Unicode>Occidit, in caſto facta beata ſinu.</Unicode></TextEquiv></TextLine><TextLine id="l26"><Coords points="109,862 109,891 771,891 771,862"/><TextEquiv><Unicode/></TextEquiv><TextEquiv index="1"><Unicode>Hanc Venus in medio locat aëre, condit &amp; vrnam,</Unicode></TextEquiv></TextLine><TextLine id="l27"><Coords points="611,929 611,897 294,899 146,897 146,930 573,930"/><TextEquiv><Unicode/></TextEquiv><TextEquiv index="1"><Unicode>In qua ſub tali carmine nota cubat;</Unicode></TextEquiv></TextLine><TextLine id="l28"><Coords points="716,922 668,922 657,929 573,931 110,931 110,959 716,959"/><TextEquiv><Unicode/></TextEquiv><TextEquiv index="1"><Unicode>Aura in amore fui felix nunc ſum nihil aura:</Unicode></TextEquiv></TextLine><TextLine id="l29"><Coords points="574,967 564,967 555,965 142,964 142,1000 369,1000 420,998 521,998 525,1000 574,1000"/><TextEquiv><Unicode/></TextEquiv><TextEquiv index="1"><Unicode>Sic fie:, cui ſtat Cælia ſæua, nihi.</Unicode></TextEquiv></TextLine><TextLine id="l30"><Coords points="528,1002 524,1000 323,1001 323,1021 528,1021"/><TextEquiv><Unicode/></TextEquiv><TextEquiv index="1"><Unicode>Ad Cæliam.</Unicode></TextEquiv></TextLine><TextLine id="l31"><Coords points="108,1029 108,1064 707,1064 707,1029"/><TextEquiv><Unicode/></TextEquiv><TextEquiv index="1"><Unicode>Luce tuâà ipſe calens. timeo ne maximus igts</Unicode></TextEquiv></TextLine><TextLine id="l32"><Coords points="141,1065 141,1097 654,1097 654,1065"/><TextEquiv><Unicode/></TextEquiv><TextEquiv index="1"><Unicode>Sic calor hic terras, &amp; mais vrat aquas.</Unicode></TextEquiv></TextLine><TextLine id="l33"><Coords points="575,1129 575,1099 308,1099 308,1131 357,1131"/><TextEquiv><Unicode/></TextEquiv><TextEquiv index="1"><Unicode>Cœl comparat amicam.</Unicode></TextEquiv></TextLine><TextLine id="l34"><Coords points="633,1162 663,1163 663,1130 478,1130 357,1132 277,1132 247,1130 109,1130 109,1161 189,1161 274,1164 527,1164"/><TextEquiv><Unicode/></TextEquiv><TextEquiv index="1"><Unicode>Septem errant ignes per cœlemobilis axes,</Unicode></TextEquiv></TextLine><TextLine id="l35"><Coords points="737,1162 724,1162 718,1164 633,1163 527,1165 310,1164 274,1165 241,1163 147,1162 147,1192 157,1193 247,1195 266,1197 737,1197"/><TextEquiv><Unicode/></TextEquiv><TextEquiv index="1"><Unicode>Septem etiam illa ſuo in corpore ſigna tene</Unicode></TextEquiv></TextLine><TextLine id="l36"><Coords points="670,1200 654,1198 552,1197 518,1199 288,1199 247,1196 111,1193 111,1231 670,1231"/><TextEquiv><Unicode/></TextEquiv><TextEquiv index="1"><Unicode>Oſtendit gcdos vults argeutea Phœet</Unicode></TextEquiv></TextLine><TextLine id="l37"><Coords points="837,1225 837,1257 937,1257 937,1225"/><TextEquiv><Unicode/></TextEquiv></TextLine><TextEquiv><Unicode/></TextEquiv></TextRegion></Page></PcGts>