939 1324
276 15 721 40 HIER.ANGERIANI
111 21 155 41 2o
111 57 751 93 Ergo vacas? & noſtra ſilent incommoda? ſtatq;
146 93 691 126 Tutus amans? per me qualibet ire potes.
101 126 748 160 Sed manet in terris quæ me conſixit, & vſſit.
116 161 671 195 Dic quæ? nota tibi Cælia? nota. necat.
309 194 561 227 De taeell onbus.
108 225 742 261 Aſſumptam lychno ſimul ac videt eſſe tabellam,
143 261 677 293 In quâ picta meæ lumina erant dominæ;
108 294 700 328 Incuſat lychnum pictor. cui ſic ego. demeus,
141 327 625 362 Falleris: ipſa ſuo lumine aduſta fuit.
310 363 537 390 De Cali, & Aurâ.
104 394 652 428 Lactea fulgentes duminæ per colla capilli
142 427 746 461 Pendebant; quos dum proſpicit Aura, refert;
91 462 786 495 Quàm pulchram adſpicio frontem: par illa dearum
141 495 743 527 Frontibus: accedam? quis vetat? eccc patet.
109 528 630 558 Hæc ſimul vt dixit, veloces excutit alas,
143 562 682 595 Cœpit & im niueâ fionte mouere comas.
107 595 700 629 Illa tamen motos crines adſtringit in orbem,
123 629 667 662 Increpat & Lephyri, ſæuaq; flabra Noti.
107 662 668 695 Aura ſed inſiſtit, quæ dum turbare capillos
142 696 661 727 Non potis eſt, labris hæret, & ora ſubit.
109 729 676 761 Hic, hic lætor, ait; nam duleia baſia carpo,
141 763 565 797 Baſia ſpiritibus baſia digna meis.
108 795 672 828 Dum ſic lætatur, dum fic ſua gaudia iactat;
143 829 575 861 Occidit, in caſto facta beata ſinu.
109 862 771 891 Hanc Venus in medio locat aëre, condit & vrnam,
146 897 611 930 In qua ſub tali carmine nota cubat;
110 922 716 959 Aura in amore fui felix nunc ſum nihil aura:
142 964 574 1000 Sic fie:, cui ſtat Cælia ſæua, nihi.
323 1000 528 1021 Ad Cæliam.
108 1029 707 1064 Luce tuâà ipſe calens. timeo ne maximus igts
141 1065 654 1097 Sic calor hic terras, & mais vrat aquas.
308 1099 575 1131 Cœl comparat amicam.
109 1130 663 1164 Septem errant ignes per cœlemobilis axes,
147 1162 737 1197 Septem etiam illa ſuo in corpore ſigna tene
111 1193 670 1231 Oſtendit gcdos vults argeutea Phœet
