1563 1367
258 11 715 49 EROTOPGNION.
816 30 862 57 os
69 41 720 96 Illa ſuum intextum de niue pectus habet.
50 90 696 128 Mercurius linguæ decoratur dotibus; illa
1 102 593 162 Eloquio dulci ſaxa fretumq; domat.
964 101 1026 134 i
51 156 709 206 AIiquidis veniens Sol præclariſſimus vndis
1 190 639 226 Enitet, illa ſo quum venit ore nitet.
1 218 612 262 Fortior armato ſars milite ſurgit, & illa
1 246 565 296 Fortior armato milite ſurgit atrox.
1 288 698 333 Apparet cum mane Venus, cum veſpere; & illa
71 324 619 363 Vtroque apparet tempore clara magis.
1 352 731 398 Iuppiter adſpiciens, cum terrâ pacat Olympum;
91 390 685 434 Cum cœlo, adſpiciens, illa ſerenat humum.
3 421 580 458 Curuatur ſenio triſtis Saturnus, & illa
58 452 658 492 Pulchra ſatis, tantum moribus extat anus.
948 446 997 482 l
18 484 761 534 Quicunque ergo meum non vnquam vidit amorem,
52 522 659 563 In cœlum attollat lumina doctus erit.
257 560 472 590 Adcitharam.
10 574 600 627 Te pulſo digitis, & curuo pectine pulſo;
73 621 624 662 Me pulſat ſæuo verbere ſæuus Amor.
24 653 696 696 Tu cincta es neruis; mea ſunt religata catenis
1 687 700 731 Pectora: dulce ſonas carmen; at ipſe queror.
1 719 751 764 In medio ſtant bina tibi, ſtant vulnera; pectus
58 753 686 796 Mille meum quaſſant vulnera mille faces.
1 776 656 825 Ebuxo contexta nites; ego pallidus humor
50 818 704 861 Tabeo, & in vilem, reſpiee, vertor humum.
1 850 852 908 Quum pulſaris, habesanimam; nam membra reſultapt
904 862 935 896 I
56 886 666 929 Spiritibus: tecummortuus iſta loquor.
303 926 506 956 Ad Cæliam.
1 950 735 1000 a,lege nune florem. ſi foris præterit ætas,
1 986 673 1034 Non florem, at ſentes væ tibi, cana leges.
232 1025 578 1059 De cCæli & Cupidine.
948 1026 1032 1076 I
1 1038 726 1093 Cælia conſpicuos ornarat flore capillos:
26 1086 720 1134 Captus Amor pulchri floris amore, refert;
1 1117 728 1164 Da mihi diua tuum florem. do Cælia florem
66 1151 624 1190 Inquit, Acidalias ſi dabis ipſe faces.
1 1183 720 1232 scipiens florem puer hic, ſua tradidit ara:
1368 1205 1402 1234 :
909 1207 1033 1268 I
730 1222 873 1275 S
551 1230 680 1258 O
