1563 1367
258 11 715 49 EROTOPGNION.
69 41 720 96 Illa ſuum intextum de niue pectus habet.
63 90 696 128 Mercurius linguæ decoratur dotibus; illa
64 120 593 162 Eloquio dulci ſaxa fretumq; domat.
64 156 709 206 AIiquidis veniens Sol præclariſſimus vndis
63 190 639 226 Enitet, illa ſo quum venit ore nitet.
64 218 612 262 Fortior armato ſars milite ſurgit, & illa
64 252 565 296 Fortior armato milite ſurgit atrox.
64 287 698 333 Apparet cum mane Venus, cum veſpere; & illa
71 324 619 363 Vtroque apparet tempore clara magis.
64 352 731 398 Iuppiter adſpiciens, cum terrâ pacat Olympum;
91 390 685 434 Cum cœlo, adſpiciens, illa ſerenat humum.
56 421 580 458 Curuatur ſenio triſtis Saturnus, & illa
58 452 658 492 Pulchra ſatis, tantum moribus extat anus.
56 484 761 534 Quicunque ergo meum non vnquam vidit amorem,
55 522 659 563 In cœlum attollat lumina doctus erit.
257 560 472 590 Adcitharam.
56 574 600 627 Te pulſo digitis, & curuo pectine pulſo;
73 621 624 662 Me pulſat ſæuo verbere ſæuus Amor.
56 653 696 696 Tu cincta es neruis; mea ſunt religata catenis
56 687 700 731 Pectora: dulce ſonas carmen; at ipſe queror.
56 719 751 764 In medio ſtant bina tibi, ſtant vulnera; pectus
58 753 686 796 Mille meum quaſſant vulnera mille faces.
56 779 656 825 Ebuxo contexta nites; ego pallidus humor
56 817 704 861 Tabeo, & in vilem, reſpiee, vertor humum.
56 850 852 908 Quum pulſaris, habesanimam; nam membra reſultapt
56 885 666 929 Spiritibus: tecummortuus iſta loquor.
303 926 506 956 Ad Cæliam.
38 949 735 1000 a,lege nune florem. ſi foris præterit ætas,
56 985 673 1034 Non florem, at ſentes væ tibi, cana leges.
232 1025 578 1059 De cCæli & Cupidine.
55 1038 677 1093 Cælia conſpicuos ornarat flore capillos:
56 1086 677 1133 Captus Amor pulchri floris amore, refert;
56 1117 677 1164 Da mihi diua tuum florem. do Cælia florem
66 1151 624 1190 Inquit, Acidalias ſi dabis ipſe faces.
56 1183 677 1232 scipiens florem puer hic, ſua tradidit ara:
730 1222 873 1275 S
