972 1344
325 53 816 92 HIER. ANGERIANI
141 100 696 135 SicAmor it lætus flore, puella faee.
365 135 598 165 De anica.
168 161 698 197 Hic vb ſum, mites auræ, felicis & horti
178 201 734 230 Sunt ederæ, & lauri, Phœbe decore, tuæ.
166 231 690 267 Hic laſſus recubar Boreas; hic ocia littus
200 267 709 300 Imcitat, & ſomnos du.ilet vnda facit.
165 300 834 334 Commoda Parthenopes hic balnea, veris & ampa
197 334 720 366 Rura, vbi perpetuo flore niteſcit humus.
166 367 761 400 Sed quoniam dulcis procul extat Cælia; mitis
169 400 744 433 Aura fugit, ſentes & meus hortus habet:
141 427 700 465 Frigidus inſurgit Boreas, & littora fluctu
198 466 713 499 Curua ſonant, vigili cedit ab ore ſopor.
165 497 778 532 Nil hic Parthenopes, ſed inhoſpita ſaxa Lycæi
197 531 742 566 Adſpicio. hic illa, hic ſit modo, diuus ero.
373 568 550 591 Ad Cælam.
163 595 838 632 Qui ſpuma exortam Cyprin, qui Cypride Amorem
194 632 706 664 Dixit, non vidit quam tua forma nitet.
160 663 709 697 buia tu quoties ſis nobis, vna nitenti
194 697 758 730 Adſpectu exoritur Cypris, & vnus Amor.
288 731 643 764 De ſeipſo, & Cupidine dialgus.
160 761 742 796 Cur veheris curru, nec pennis alme Cupido?
178 795 693 828 Sum laſſus, pennas non habet ala ſuas.
159 829 828 860 Non meus hic currus, ſed matris; cerne columvs
189 863 692 894 Purpureas: tales dat mihi mater aues.
155 895 821 929 Aduehor his auibus; ſed poſtquam laſſa columba,
190 928 705 962 Aduehor à gemino paſſere laſſus Amor.
158 961 851 1000 Quâ veheris volucri, quum laſlus paſſer anhelat,
144 994 693 1028 ,Nec potis eſt pennis ſe mage ferre ſuis?
156 1028 785 1060 Cælia tunc paſſer, tunc Cælia pulchra columba,
189 1061 739 1095 Cælia tunc albus cygnus, & albus Amor.
365 1096 565 1128 Ad pictorem.
157 1124 790 1160 Dele opus hoc, pictor, duplici ne Cælia flamma
141 1159 663 1195 Nos vrat: picta & viua dat ore faces.
319 1196 604 1227 De Cæl cupicnte auram.
158 1219 710 1267 tiuâ recubana lub quercu Clia, diit:
862 1272 951 1300 Nuns
