1573 1335
184 3 717 41 EOTOPÆGNION.
69 37 742 79 Factus ego, in lapidem vertor, & addor humo.
69 76 678 110 Hinc data fama mihi; nam turbæ dicor eunti,
70 113 674 152 Hic lapis, hic quondam mollis amator erat.
295 148 518 174 Ad Amorem.
68 172 750 213 uis tibi tot flammas? tot tela miniſtrat? amæno
69 213 661 248 Cælia dat flammas pectore, tela oculis.
295 247 549 279 DeCælia, &ſiorre.
46 272 803 318 Dum pulchrum hamatis lorem, mea Cælia, ſpinis
46 309 660 347 Eligit, atque nouâ contegii arte comas.
45 346 697 381 Flos ait, abruptus ſi ſum ſemel arbore, grati
46 379 691 414 Quum venient veris tempora, rurſus ero.
46 414 620 448 At tua laniſicæ mutilant ſi licia Parcæ,
46 442 650 479 Non redit ex atro puluere frontis honor.
46 480 702 514 Illa refert: grati non florem veris eundems
46 514 702 548 Sed ſimilem, video, tempora ferre ſolent.
46 546 718 583 Sic ego quum fuero tenues dilapſa per auras,
47 581 672 614 Lqualem, non me forte videbit humus.
46 607 741 648 Flos inquit, nunquam ſi reddunt fata iuuentam,
48 648 672 684 Cur temnis quæ dat munera dulcis Amor?
46 680 606 713 ic numeraſe dies ſi funus ſentiet atrum,
46 713 622 752 Mœrebit: tradent ſecula nullaparem.
252 747 561 781 De Cali, & uuidine,
46 771 680 815 Cælia ſub quernâ captabat frnde quietem:
46 814 710 847 Quam ſimul vt vidit, currit amator Amor;
46 846 720 888 Dulciaq; labris dum carpit ſuauia ſomnus
46 881 647 915 Euolat: illa gemit, lumina pandit, ait;
46 910 720 952 ,Quis me preſſat? Amor dulcedine captus, abire
46 947 694 981 Dum neſcit, captur; fit noua præda; dolet.
45 978 677 1018 Donec det pretium, ſeu pignus; linquitur ala
46 1013 626 1048 Nunc illa auratas ventilat ala comas.
45 1047 680 1084 Et quoties mitis renouatur ab aëre ventus;
46 1079 640 1116 Ipſe miſer toties igne calente cremor.
242 1115 546 1147 De uo amore tcrno.
45 1140 715 1187 Tempore tecta ruunt prætoria, tempore vires,
46 1179 633 1221 Temporc quæſitæ debilitantur opes.
650 1205 828 1251 Tepeo?
