1573 1335
184 3 717 41 EOTOPÆGNION.
765 8 866 41 a1;
49 37 742 79 Factus ego, in lapidem vertor, & addor humo.
1 76 678 110 Hinc data fama mihi; nam turbæ dicor eunti,
70 113 674 152 Hic lapis, hic quondam mollis amator erat.
295 148 518 174 Ad Amorem.
1 162 750 213 uis tibi tot flammas? tot tela miniſtrat? amæno
33 213 661 248 Cælia dat flammas pectore, tela oculis.
295 247 549 279 DeCælia, &ſiorre.
1 272 803 318 Dum pulchrum hamatis lorem, mea Cælia, ſpinis
962 289 998 317 I
1 309 660 347 Eligit, atque nouâ contegii arte comas.
1 346 697 381 Flos ait, abruptus ſi ſum ſemel arbore, grati
948 375 1008 399 :
1 379 691 414 Quum venient veris tempora, rurſus ero.
1 413 620 455 At tua laniſicæ mutilant ſi licia Parcæ,
906 428 936 477 I
24 442 650 479 Non redit ex atro puluere frontis honor.
1 481 702 514 Illa refert: grati non florem veris eundems
1 513 702 548 Sed ſimilem, video, tempora ferre ſolent.
944 529 1053 564 I
8 546 718 583 Sic ego quum fuero tenues dilapſa per auras,
47 581 672 614 Lqualem, non me forte videbit humus.
1 602 741 648 Flos inquit, nunquam ſi reddunt fata iuuentam,
48 648 672 684 Cur temnis quæ dat munera dulcis Amor?
906 663 941 695 I
1 680 606 713 ic numeraſe dies ſi funus ſentiet atrum,
939 696 1084 746 t
1011 686 1118 716 M
1 713 622 752 Mœrebit: tradent ſecula nullaparem.
252 747 561 781 De Cali, & uuidine,
1 772 680 820 Cælia ſub quernâ captabat frnde quietem:
22 814 710 847 Quam ſimul vt vidit, currit amator Amor;
1 846 740 888 Dulciaq; labris dum carpit ſuauia ſomnus
1 881 647 916 Euolat: illa gemit, lumina pandit, ait;
1 910 772 953 ,Quis me preſſat? Amor dulcedine captus, abire
27 947 694 981 Dum neſcit, captur; fit noua præda; dolet.
776 948 875 987 æ
1 972 735 1018 Donec det pretium, ſeu pignus; linquitur ala
2 1014 626 1048 Nunc illa auratas ventilat ala comas.
3 1047 680 1084 Et quoties mitis renouatur ab aëre ventus;
1 1079 640 1116 Ipſe miſer toties igne calente cremor.
242 1115 546 1147 De uo amore tcrno.
4 1140 715 1187 Tempore tecta ruunt prætoria, tempore vires,
16 1179 633 1221 Temporc quæſitæ debilitantur opes.
650 1205 861 1251 Tepeo?
897 1207 1088 1265 us
408 1215 610 1253 O
768 1288 966 1333 A
444 1294 621 1332 a
