951 1332
366 11 747 39 HIERIANI
357 55 539 86 Ad Cupidiem.
145 84 739 128 Si tua caſtra ſequor, cur me crudeliter vris?
183 124 686 164 Parco tibi. neſcitiura modumq; puer.
356 165 597 199 De ſeipa, & Cæliâ.
137 202 789 236 Sum cinis in gelidis tumulis, ſum viuus amator;:
183 236 808 273 Sum mœſtus, lætor; ſum ſine voce, loquor.
144 268 751 305 Et locuples, & pauper amo; ſpe nutrior exſpes,
182 303 727 330 Et mando chartis carmina, mando Notis.
148 335 769 372 Terra mihi colitur, tumidis & mergor in vndis.
181 369 749 405 Sum ſaturo & farto ventre, premorq; fame.
146 401 763 437 Haurio fontis aquas, & anhelis faucibus hæret
173 434 682 470 Sicca ſitis; video, lumine caſſus, iter.
145 466 890 502 Hic moror, atque etiam hic propero; miſer audio, ſurdis
177 500 650 529 Auribus: includor carcere, liber eo.
146 534 768 570 Ora madent lacrymis, & rident ora; profundos
177 567 747 605 Corda ciett gemitus, corda peruſſit Amor,
147 600 693 636 Torqueor infelix ex omni parte; ſed vna
173 634 702 672 Vna mihi ſemper, ſemper iniqua mihi.
360 677 500 699 Ad corollas.
138 709 730 746 Ante fores madida ic, ſic pendete corollæ.
171 745 658 781 Mane orto, imponet Cælia vos capiti.
134 776 790 816 At quum per niueam ceruicem, influxerit humor,
168 810 729 854 Dicite: non roris, ſed pluuia hæc lacrymæ.
332 853 603 887 De Cælia, & Cupidine.
135 881 726 918 Pelliceam induerat ſe frigens Cælia veſtem;
30 889 65 906 V
167 916 741 955 Inquit Amor, calido me tege, quæſo, ſinu.
22 927 63 955 E
135 949 848 988 Canet humus niuibus, ſtridens Aquilonibus imber
143 983 741 1017 Sæuit: eo nudus; reſpice; membra tremunt.
130 1013 718 1055 Illa, libens faciam, ſed primum pone ſagittas.
165 1050 681 1089 Pone arcum: iecit protinus arma puer.
20 1042 61 1092 I
131 1080 617 1116 Illue ingreſſus ſubito ſe fouit amictu:
164 1114 668 1147 Perpetuo hic vtinam vita daretur, ait.
131 1145 728 1190 Mox paulo tantum ſenſit ſub tegmine frigus,
110 1177 690 1222 Ad Paphon vt celeri fugerit inde pede.
864 1233 909 1259 a
