1557 1447
138 1 688 44 EROOOHGNION.
270 44 434 74 Fos.
34 67 730 114 os ego qui venio, ſum nuntius; alloquor: hora
34 111 737 152 Fulgorem vna meum præripit, vna tuum
218 153 622 192 De ſeipſo, & Amore dialgus.
34 185 633 229 u, ſolitus quondam cœlo gaudere nitenti,
34 228 688 263 Quid facis hic nudus? nudus amator amo,
33 261 668 294 gora non Brumæ ſentis ego torreor. ala
34 293 676 328 Cur non ex humeris pendet? aduſta fuit.
34 324 732 364 Non arcum pictum, pictam non cerno pharetram
35 361 732 396 Non mirum, maius tu quoque vulnus habes.
33 393 732 434 uis tibi cor miſerum, quis ſenſus abſtulit imos?
33 429 526 463 Fregit & ingenij florida dona tui?
33 460 728 496 Ergo ſumus triſtes ambo; fumus ambo ſub vno
38 495 732 536 inclo; vnum vinclum preſſat vtrumque, vid.
34 525 678 565 Credebam ipſe meum te cor fixiſſe ſagittis.
36 553 713 597 Falſus eras ; qumnam fiit inermis Amor?
34 592 718 635 Quum tibi viſa fuit; quæ ſole nitentiot etat
34 630 612 670 Cælia, inillius pectore clauſus eram.
201 667 563 704 De Cali nvuigante.
34 702 633 742 Nauigat aurat dum ſolers Cælia naui.
39 742 569 775 Neptuni & læto lumine regna videt.
34 767 732 812 Cantabat;, memini, ſtans celâ in puppe, faceſque
33 805 612 840 Iniiciens ndis, talia pulcher Amor:
34 835 732 875 ſſimus ambo polos, nunc vrimus æquora; flexo
34 870 664 912 Ipſe arcu, hæc oculis: & miſer vrar ego.
268 913 625 948 Depictore, & Cupidine.
34 939 758 987 Piugerer Idalium in tabulis quum ictor Amorem.
34 979 698 1015 Pictori nqult Amor, me male pingis iners.
34 1008 768 1054 Non ſum pennatus, pharetram nec geſto, nee arm,
34 1044 685 1080 Nec manus accenſas ventilat igne faces.
34 1073 746 1117 eetriſtem & mœſtum pingas, ſi pingere me vis:
34 1110 685 1148 Ora gemant, madeant letibus ora meis.
34 1140 776 1182 Cui pictor, quid aues ita pingier? amplius, inquit.
34 1176 780 1222 on ſum Amor; illa, ilha eſt Cælia pulcher Amot
725 1200 838 1250 D
