1557 1447
138 1 688 44 EROOOHGNION.
728 5 839 41 ri
1 17 151 60 I
270 44 434 74 Fos.
1 67 730 114 os ego qui venio, ſum nuntius; alloquor: hora
1 111 737 152 Fulgorem vna meum præripit, vna tuum
218 153 622 192 De ſeipſo, & Amore dialgus.
1 185 633 229 u, ſolitus quondam cœlo gaudere nitenti,
1 229 688 263 Quid facis hic nudus? nudus amator amo,
1 261 668 294 gora non Brumæ ſentis ego torreor. ala
964 261 1011 289 i
962 290 994 321 i
1 293 676 328 Cur non ex humeris pendet? aduſta fuit.
1 324 764 368 Non arcum pictum, pictam non cerno pharetram
35 361 810 396 Non mirum, maius tu quoque vulnus habes.
1 385 756 434 uis tibi cor miſerum, quis ſenſus abſtulit imos?
932 394 1026 440 l
1 429 526 463 Fregit & ingenij florida dona tui?
1 460 728 496 Ergo ſumus triſtes ambo; fumus ambo ſub vno
38 495 776 536 inclo; vnum vinclum preſſat vtrumque, vid.
1 525 678 569 Credebam ipſe meum te cor fixiſſe ſagittis.
36 553 713 597 Falſus eras ; qumnam fiit inermis Amor?
1 584 718 636 Quum tibi viſa fuit; quæ ſole nitentiot etat
6 630 612 670 Cælia, inillius pectore clauſus eram.
201 667 563 704 De Cali nvuigante.
1 702 633 742 Nauigat aurat dum ſolers Cælia naui.
39 742 569 775 Neptuni & læto lumine regna videt.
966 750 1083 789 t
1 765 774 812 Cantabat;, memini, ſtans celâ in puppe, faceſque
1 806 612 840 Iniiciens ndis, talia pulcher Amor:
1 835 749 875 ſſimus ambo polos, nunc vrimus æquora; flexo
1 869 664 912 Ipſe arcu, hæc oculis: & miſer vrar ego.
268 913 625 948 Depictore, & Cupidine.
1 940 758 987 Piugerer Idalium in tabulis quum ictor Amorem.
1 979 698 1015 Pictori nqult Amor, me male pingis iners.
904 1002 942 1045 I
1 1008 805 1059 Non ſum pennatus, pharetram nec geſto, nee arm,
8 1044 685 1080 Nec manus accenſas ventilat igne faces.
942 1042 991 1077 B
1 1067 746 1117 eetriſtem & mœſtum pingas, ſi pingere me vis:
28 1110 685 1148 Ora gemant, madeant letibus ora meis.
1 1131 776 1182 Cui pictor, quid aues ita pingier? amplius, inquit.
1 1176 780 1222 on ſum Amor; illa, ilha eſt Cælia pulcher Amot
1 1208 119 1242 A
725 1200 838 1250 D
1375 1201 1410 1231 .
466 1213 666 1256 O5
1 1243 78 1265 I
805 1264 969 1303 s
