976 1340
298 8 796 43 HIER.ANGERIANI
155 15 225 43 I
385 50 616 85 De eipſo, & Caliâ.
161 83 750 119 Quærebat lucem extincto dare Cælia lychno.
195 117 784 151 Quid quæris lumen? dico ego; lumen habes:
167 151 785 183 Sole magis fulges. ait illa vaferrima, quod nunc
196 184 759 218 Quæro mihi, potis es tradere, namq; cales.
163 216 814 246 Ecce adſum, refero: immenſam de corde fauillam
127 249 749 286 Excute: reſpondet; tu ſine corde manes.
412 286 593 309 De Cælia niue.
164 315 769 351 Tranſibam frigens; vidit me Cælia, riſit;
198 351 710 383 Et meæcompreſſam iecit in ota niuem.
159 383 800 416 Non nix illa fuit, rapido ſed qualis ab Euro
200 417 680 450 Arentes calamos vrere flamma ſolet.
168 448 754 482 Tunc arſi infelix, ſunt hc miracula, poſſunt
201 484 640 518 In mediâ fieri flammea tela niue.
156 515 788 551 Credo equidem denſas potuiſſet adurere nubes,
199 551 721 584 Cumq; pruiniferis æquora fluminibus.
171 583 789 616 Pone arcum, pudeat te flammas ferre Cupido
203 618 797 650 Hoc numen verum, hoc, corda cremare gel
43 624 84 664 I
429 653 569 676 Ad Cæliam.
44 664 84 693 I
167 679 722 718 Femet aquis æquor, ventis impellitur aët;
183 718 703 749 Et furit accenſis Sicelis tna rogis.
140 750 816 784 u ſimul hæc noſtro mala ſunr in corpore:fletus
42 771 82 806 I
138 783 799 818 Fundit aquas: gemitus flamina; corq; faces.
377 819 629 851 De iippoodialogus.
173 850 817 885 Cr gemis? vror amans. vrit quæ flamma? puella
197 885 718 918 Sit quamuis, animos abſtulit na meos.
173 918 780 951 Dic crines? flauos. oculos? nigrore coruſcant.
36 941 81 998 I
208 951 771 985 Ceruicem? mira eſt. labra? corollina habet.
161 984 761 1017 Dic faciem? Venerem, venatricemq; Dianam
207 1017 742 1052 Poſſet, & æquoreas exuperare Deas.
175 1051 795 1084 Quanto hæc ingenio? cœleſti. pectore quanto?
208 1085 820 1119 Procero. atq; humeris? ampla. benigna? nhil.
175 1117 766 1151 Albicat? illa niuem, &. candore coagula lactis
208 1151 675 1186 Vincit; natiuus tingit & ora rubor.
174 1182 858 1224 Pinguis, an exilis? manet inter vtrunque. mamiilæ?
864 1218 957 1254 Turgi-
39 1243 127 1280 s,
