1559 1435
197 9 674 49 EROTOPGNION
696 14 836 49 9
1 35 672 91 Turgidulæ, quibus & baſia mille darem.
1 90 617 123 Nec ſatiatus adhuc, illic me perdere vellem.
1 123 644 159 Contingant , precor, o, talia fata mihi.
1 156 684 193 ætera dicuouit quis cætera? veſtis opacat;
1 190 594 223 Nec fas illa loqui, quæ meliora puto.
1 223 598 257 exere ſcit? ſolers tels ſuperatur Arachne,
1 256 544 290 Penelope fuſo, prouida Pallas acu.
1 289 820 332 Scit Muſam, & Phœbi citharam?quum cantat, habetq;
8 323 566 358 Plectra manu, dici Calliopea poteſt.
13 356 687 390 Nunc noſco: illa potens eſt Cælia. deſipis amens.
1 391 656 433 Deſipio? hoc noſco; cor necat illa meum.
953 412 1019 447 Hi
267 424 494 451 De Ioue.
899 431 935 489 I
27 451 765 496 Fit cygnus , taurus, Satyrus, fit Iuppiter aurum,
3 492 663 533 Ob Ledam, Europen, Antiopen. Danaën.
222 524 545 558 De Cælio, & Cupidine.
950 519 993 550 Hi
950 550 993 572 I,
1 553 692 591 Cælia candentes ferro quum aderet vngues.
943 573 1013 609 i
1 591 612 626 Infecit læſo pollice ſanguis humum.
1 622 707 661 Hoc vt vidit Amor, nolite huic fidere, clamat;
963 644 1040 665 t
57 658 526 694 Hmpegit, vidi, vulnera ſæua ſibi.
22 686 648 724 Nondum finierat voces ſua lingua, per auras
37 719 825 762 Quum volat, & dominam fit prope, & hret hun
3 758 649 795 Clam clam diffuſis intingit ſpicula gutts;
53 792 592 824 Et dicit, nunc ſum fortis & aſper ego.
940 804 1073 858 u
1 824 644 858 Imde vbi ſe niueis abduxit in aëra pennis,
1 857 715 896 Vllarum & ſummo in culmine ſedit atrox:
1 892 659 926 Imeœpit maria, ac terras exſcindere; tuta
1 925 553 969 Nec fuit ex illis ictibus aula Iouis.
287 959 570 992 De ſeipſo, & ſpeclo.
15 985 825 1028 Cernebar vitreo in ſpeculo, & mecum ipſe quereb,
57 1024 667 1061 Quod tam præcipiti curreret hora pede
12 1058 680 1096 Igemui, & vitæ memorans diſpendia, leui:
13 1089 643 1126 Et dixi euadam, qui modo cerno, nihil.
18 1116 698 1158 Non ſum ſicut heri; paulatim mutor, & anni
1 1157 579 1194 Dum ſerpunt, faciem ruga ſenilis arat.
6 1182 784 1230 Hæc ego dum lurdas nec quicquam vanus ad autas
897 1198 967 1236 I
658 1212 865 1261 iorr-
888 1217 1086 1263 I
1367 1228 1399 1258 f
885 1261 1011 1296 u
763 1286 970 1320 h
716 1313 843 1344 i
