964 1330
342 4 770 35 HIER. ANGERIANI
145 18 198 36 220
184 51 696 86 Proferrem: ſpeculi dixit imago mihi,
151 81 841 123 Quid nihil appellas? requies tranquilla malorum,
184 121 786 153 Certe illud peior mors tibi morte manet.
151 151 795 182 Nam ſtantis, dum fles, ætatis labitur vmbra,
184 187 694 222 Et quæ non captas gaudia,perdis inops.
149 219 782 254 Incipe, ſi ſapies; dubum nec differ in annum
180 255 653 287 Si potes, optati munus amoris; ama.
149 287 714 320 Vt moriens dicas: ego vixi, nubila terge;.
183 321 724 355 Sic tibi perpetui tempora veris erunt.
329 354 658 387 De calâ, & ſeipſo dialgus.
151 386 824 422 Quid ſpectas? ſpecto tua lumina. quid tibi noſtra
173 421 758 452 Lumina vis? noſtrum ſurripuere animum.
136 454 781 488 Miror. vera loquor; radios iaculantur, & ignes;
181 488 760 522 Perq; mea accedunt lamina, abitq; animus,
363 521 580 555 De ſeipſo, & aura.
150 552 756 586 Cantabam in ſiluis; aura & Lephyræa, calores
134 588 686 621 Excute ab attritis artubus; aura venit.
151 620 792 655 Quid me poſcis? ait, non ſunt mea flatina tanti:
187 654 792 689 Adſpice quam paruo murmure parua feror.
150 688 739 722 Det licet affatus Boreas, det Nereus vndas,
185 722 661 754 Non poſſem ardores attenuare tuos.
149 754 713 788 Fontano mulcens ego tunc incendia fletu.
36 763 77 786 I
186 789 662 821 Dixi, infelici quis mihi tradet opem?
150 820 690 854 Hæc roſeo ſpirans curſu ſic aſſerit; ignes
30 844 81 908 I
148 855 673 891 Si vult extinguet Cælia, tota gelu eſt.
304 891 622 922 De Cæl a conualeſceote.
26 908 75 933 I
152 920 727 955 Qum mea feruenti langueret fcbre puella,
185 957 740 989 Purpureo & ſtarent candida membra toro.
149 989 751 1021 Induit inuiſum Mors lurida prot: nus enſem;
32 988 73 1021 I
183 1023 614 1056 Et petit infeſtis aurea tecta rogis.
32 1022 72 1049 I
103 1056 722 1089 Irruit; at poſtquam vidit ſine labe papillas,
180 1090 709 1123 Et quales profert flaua Minerua oculos:
152 1120 707 1157 Obriguit, retroq; dedit veſtigia, & inquit,
185 1154 761 1190 Non hæc Lethæam digna ſubire ratem.
153 1184 782 1222 Sic fata, infernas pudibunda receſſit ad vmbras,
801 1225 934 1260 Ausà que
