1579 1399
232 6 728 58 EROTON.
729 27 844 55 22
43 56 648 92 Aufaque ſic nigro verba tonare Iou.
19 92 715 127 Quæcunq; æthereo ſub regno regna morantur,
980 99 1032 144 i
44 127 682 161 Sunt noſtra, vna precor Cæl:a morte vacet.
1 156 800 198 Annuit hoc Pluto, facta eſt Dea, & illico cedunt
977 180 1010 206 t
32 193 708 227 Nubila, & intonſus dat quoq; Phœbus opem.
1 227 846 264 I HSperandum eſt, poſtquam Mors importuna pepercit,
1 250 661 300 Facta Dea vt noſtras audiat illa preces.
267 295 487 323 Ad Cæliam.
1 322 736 357 Mors mihi dat vitam, mihi mortem vita ; ſed omni
94 361 649 394 Vita mihi peior morte, dolenter amo.
281 394 582 427 De eipſo, & Cupidine.
1 420 773 466 Poſtquam picta fuit facies mea, protinus arcum
90 461 659 493 Sumpſit Amor, pictam comtudit & faciem.
40 495 748 529 Quid pictos, inquam, laceras puer inuide vultus?
87 528 561 559 An non ſat telis pectora noſtra tuis?
1 552 754 603 In te nullus, ait, locus eſt ſine vulnere. vulnus
88 594 739 630 Addere vulneribus, quid niſi laſſo manus?
1 620 678 660 Te laſſas, dixi, magis hic; nam ſpicula perdis,
92 660 719 692 Et flammas. caret hæc picta tabella anima.
51 693 803 726 Hoc verum inquit: habet præclara at Cælia numn;
86 726 643 760 Aſpectu vt caleant omnia pulchra ſuo.
312 762 475 794 DeCupidie.
2 786 806 838 Quum puerum Veneris vulgus ſpectaret inermem
32 826 703 859 Vulgus ait, cur es factus inermis, Amor?
1 859 685 902 eſpondit genitrix; pro certis ecce ſagittis
42 893 602 926 Vtitur illius pectore, & aſtra ferit.
276 928 518 959 De æliæ rericulao.
3 952 790 1000 eticulum ex auro intextum rutilante venuſtam
69 992 672 1026 Veſtierat frontem, veſtieratque comas.
1 1021 802 1064 Quod quum vidit Amor, dixit, flammatur amore:
92 1059 616 1093 Cælia, nam gignunt aurea fila faces.
4 1091 700 1135 Non hoc, Cypris ait; nihi eſt vt carius auro.
90 1125 585 1152 Sic illa in toto carius orbe nihil.
43 1156 746 1196 Sed miror quare, quare illud vulnerat aurum?
41 1191 548 1232 Vt video,longa cum face tela iacit
663 1214 840 1264 ie
913 1224 1037 1264 It
142 1273 231 1296 .
767 1311 844 1341 L
