945 1320
337 29 712 57 HIERIANI
144 38 193 60 2
103 74 774 109 Falleris, inquit Amor; non aurum vulnus, at il
183 109 662 142 Illi oculi faciunt; aſpice, ſaxa terunt,
382 144 650 176 De Cælia, d Cupidine.
104 176 793 210 Forte videns natum Veneris per prata vagantem
186 211 741 243 Cælia fronte placens, Cælia crine placens:
151 243 838 278 Pone arcum, & certemus, ait; pone arma faceſque,
185 276 658 310 Hic tibi ſi mecum prælia inire libet.
148 310 709 344 li dicit Amor ſi pono hæc arma, quid in te
185 345 795 377 Nudus agam, pungax tu magisatq; potens.
151 377 729 409 At ſi bella placent, & ſtat tibi tanta libido-
184 411 671 443 Certandi; tela hæc lege repono mea,
146 443 725 476 Vt claudas oculos, oculi fulgore perurunt.
183 476 702 510 Vt frænes linguam, lingua diſerta necat.
150 510 832 544 Nil horum impediet pulchra hæc certamina, fatnr
184 543 737 575 Cælia; claudo libens lumina, lingua ſilet.
145 576 740 610 Non expectat Amor, ſed in aëra tollitur alis:
181 610 735 645 Et fugit, exclamat: ſat tua forma poteſt.
396 646 606 668 Ad Cæliam.
149 670 774 709 Si Deus eſt Amot, & pacem meditatur, & optat
183 709 844 745 Quæ bona ſunt; cur non hunc celebrabo Deum?
333 744 653 776 De Venere, & Cupidine.
2 735 47 786 I
142 775 766 809 Forte fubvmbrosâ requieſcens arbore Cypris
179 810 680 842 In gremio puerum fouerat aligerum.
145 843 685 876 Cypridis abſcedit gremio puer aliger; illa
179 876 734 909 De ſomno ſurgens quærit anhela Deum .
135 911 750 944 Quærenti exclamat genitrici vulgus, Amorem
180 942 767 977 Oum quæris, ſplendens Cælia ſurripuit.
428 978 569 1001 Ad Cæliam.
1 1004 39 1026 I
143 1009 733 1044 t ſcirem quanto ſim tecum iunctus amore
177 1043 688 1077 Atque fide, miſi cor tibi; non tediit.
142 1076 772 1110 Hoſpitium prædulce tuum non amplius optat
176 1109 686 1144 Hos artus; gremio gaudet adeſſe tuo
142 1141 730 1177 Pbſt gemitum eieci, qui cordis nuncius eſſet:
146 1174 840 1211 Illum etiam, eſt quanquam ſæpe reuerlus, habot.
111 1196 743 1245 Nſcit vbi ſit cornec nouit dicere; ſolm
825 1244 926 1279 Spirat,
