1563 1425
226 56 617 102 EROTOGNIo.
90 102 582 140 Spirat, & exuſti pectoris auget mus.
46 133 694 178 i pe loquor; quid agit mea Cælia? quid cor?
47 174 628 207 Nilreferens linquit corpus inane, fugit.
46 205 715 240 At nunc mitto animam, quæ ſi non ipſa redibit,
47 239 622 285 Protinus infelix hac tumulabor humo.
339 275 504 297 Ad eandem.
47 295 738 339 Quid ſpeculum ſpectas? vis verum nofſe colorem?.
92 339 566 373 Quantaq; ſit vultus gratia viua tui?
46 371 669 410 Adſpicias quum mitto tibi mea ſaucia corda;
47 406 546 447 llic tedoctâ cuſpide pixit Amor.
287 439 586 467 De Cæliâ, & libe.
46 467 768 507 Quum legeret ſeriptas in parnocodice lammas-
89 506 589 538 Cælia; mentitur qualia ſcriptor, ait:
47 538 716 580 Non ſicexardet, nec ſum tam pulchra, decenſq;
92 573 614 605 Vt fatur. ſunt hæc cortice vana magis.
47 599 712 646 Tunc codex, chartis qui voluebatur apertis,
46 639 671 672 Ter voluit, nequiit voce referre ſonos.
47 672 571 705 Hoc fecit, vacuo miſit ſuſpiria cœlo:
85 704 692 740 Et mecum in cineres igne crematus abit.
268 738 547 772 De cCæliâ, & Cupidine.
47 761 753 807 idit Amor dominam, ſtupuit; cecidere ſagittæ
83 805 536 840 Armauit ſeſe Cælia, fugit Amor.
285 840 660 872 De ſeipſo, & flore dialg.
47 863 681 906 ellule flos ſalue, quis te flos bellule miſit?
47 904 587 939 Illa tibi tneas quæ iaculata faces.
47 933 697 972 Flacceſcis, cerno, ſic vultus flaccet amantis;
92 973 602 1007 Mœrenti ſic ſtat, ſic ſtat in ore color,
47 999 741 1045 Inunc ad dominam, retroq; reuertere non id
46 1039 697 1073 Signifieans quamuis ſit mihi nulla quies.
47 1066 754 1108 Sed quoniam vitidem non ſeruas vſq; decore;
90 1106 649 1139 Qum cito crudelis deperit illa, doce
311 1140 579 1167 De Vere, do Dian.
46 1166 717 1207 Sumeretà labiis quum baſia Cypris Adoni
46 1205 620 1236 Laſciua os, dixit caſta Diana, nimis.
47 1232 681 1281 Qod ſum. Cpprs ait, fateos laſcior; h t
754 1260 859 1301 Cam
