1563 1425
226 56 617 102 EROTOGNIo.
728 66 827 94 a
90 102 582 140 Spirat, & exuſti pectoris auget mus.
1 115 694 178 i pe loquor; quid agit mea Cælia? quid cor?
969 126 1013 162 i
1 174 628 211 Nilreferens linquit corpus inane, fugit.
1 205 715 240 At nunc mitto animam, quæ ſi non ipſa redibit,
951 234 1004 260 i
1 238 622 285 Protinus infelix hac tumulabor humo.
339 275 504 297 Ad eandem.
1 295 738 339 Quid ſpeculum ſpectas? vis verum nofſe colorem?.
92 339 566 373 Quantaq; ſit vultus gratia viua tui?
903 349 997 387 I
1 371 669 410 Adſpicias quum mitto tibi mea ſaucia corda;
37 406 546 447 llic tedoctâ cuſpide pixit Amor.
287 439 586 467 De Cæliâ, & libe.
904 455 992 486 IIi
1 467 768 507 Quum legeret ſeriptas in parnocodice lammas-
89 506 589 538 Cælia; mentitur qualia ſcriptor, ait:
1 538 716 580 Non ſicexardet, nec ſum tam pulchra, decenſq;
904 528 999 562 Ii
92 573 614 605 Vt fatur. ſunt hæc cortice vana magis.
1 595 712 647 Tunc codex, chartis qui voluebatur apertis,
45 639 671 672 Ter voluit, nequiit voce referre ſonos.
1 662 571 713 Hoc fecit, vacuo miſit ſuſpiria cœlo:
85 704 692 740 Et mecum in cineres igne crematus abit.
268 738 547 772 De cCæliâ, & Cupidine.
1 761 753 807 idit Amor dominam, ſtupuit; cecidere ſagittæ
83 805 536 840 Armauit ſeſe Cælia, fugit Amor.
285 840 660 872 De ſeipſo, & flore dialg.
951 856 1024 884 I
2 863 681 906 ellule flos ſalue, quis te flos bellule miſit?
1 902 587 939 Illa tibi tneas quæ iaculata faces.
2 932 697 972 Flacceſcis, cerno, ſic vultus flaccet amantis;
92 973 602 1007 Mœrenti ſic ſtat, ſic ſtat in ore color,
3 999 741 1048 Inunc ad dominam, retroq; reuertere non id
40 1039 697 1073 Signifieans quamuis ſit mihi nulla quies.
959 1065 1087 1097 I
3 1066 754 1108 Sed quoniam vitidem non ſeruas vſq; decore;
90 1106 649 1139 Qum cito crudelis deperit illa, doce
311 1140 579 1167 De Vere, do Dian.
8 1167 717 1207 Sumeretà labiis quum baſia Cypris Adoni
918 1184 1022 1234 M
5 1205 620 1236 Laſciua os, dixit caſta Diana, nimis.
6 1232 724 1281 Qod ſum. Cpprs ait, fateos laſcior; h t
895 1235 1024 1280 I
975 1256 1048 1295 i
689 1261 859 1301 Cam
1 1300 66 1333 -
833 1304 899 1327 T.
