969 1323
371 15 744 39 HIER. ANGERIANI
213 55 848 89 Clam facis; Hippolytus tecum in amore manet.
418 92 597 114 De Cæliæ cantu.
180 122 944 156 Gaudebam, audiui dominam quum voce canentem:
214 155 765 189 Gaudebam; qualis tunc mihi, qualis erati
178 189 745 218 Ex humeris nullo fluitabant ordine crines,
211 223 685 248 Et nulla nitidus ſtabat ab arte color.
177 255 947 291 Tunc mage compta mihi, mage tunc formoſa, decenſque
211 288 686 323 Viſa fuit: poterat ſaxa mouere ſono.
176 323 751 356 Sed quia nulla diu firmantur gaudia; volvit
208 357 755 389 Fronte oculos; videor, viſa repente dolet.
162 389 841 422 Lingua ſciens cantum ſilet, & ſua plectra recondit
209 423 707 456 Turbatur, miſero multa minatur, abit.
175 456 755 489 Deſeror infelix auulſocorde, cdoque
207 490 715 523 Adclinans oculos mortuus; illa redit.
172 522 695 555 Illico vt aſpexit, conſumpti corporis oſſa
210 556 710 589 Colligit, & nullo funere condit humi.
172 589 815 622 Impia, nil mœrens, haud plenum carmen ibidem
208 622 783 664 Inſeripfit; Dulci hic voceperemptus amans.
427 669 604 694 Ad Lectorem.
174 701 763 734 i tibi non placeo, placeo mihi; lector, abibis.
204 735 707 774 Hoc ſatis, auctori ſi ſua ſcripta plaeent.
440 782 575 807 Dedmore.
172 824 793 860 In tabulâ primus tenerum qui pinxit Amorem,
203 861 682 893 Ingenio, & doctâ non fuit ille manu.
172 892 826 928 Non puer eſt, qui Pana poteſt ſuperare; fretumq;
206 928 725 961 Qui domat, & terras, aëra quiq; polos.
173 961 807 994 Non cæcum dicam; pungentibus vtitur armis;
207 994 723 1028 Et quæcunq; ferit, num ſine luce ferit?
175 1028 746 1062 Non findit latum pernicibus æthera pennis:
208 1061 743 1094 Sic nunquam à noſtro corporefius abit.
177 1094 860 1128 Non mihi nudus erit: ſpoliat qui membra Deorum
209 1127 821 1162 Quiq; hominum, nunquid veſte carebit inops?
169 1157 851 1200 Dum loquor id,ridens inquit mihi Cælia, Amorem
207 1190 726 1229 Pingere vis? vultus, aſpice, pinge meos.
928 1233 959 1256 De
