1568 1467
255 81 629 119 EROTOPEGNION.
760 92 912 124 a2
267 127 523 160 Detipſo dialgus.
1 147 601 200 Dic cur ia vultu ſic palles? ſanguis ad ima
97 194 709 227 Corda fluit, quæ ſunt pene cremata rogis.
1 225 662 293 aæ
1 282 681 325 Cur gemis? ambeſos vt amabile frigus in artus
905 305 1000 347 t
62 327 619 359 Currat, & inſanas temperet vnda faces.
3 359 658 392 Cur quereris ſolus? ſolus comburor ab igne.
905 351 992 394 i
92 393 704 428 Qui non credit, amet, nunc ego ſicut amo.
1 427 704 460 Cur. non in mutos cineres conuerteris? ingens,
84 459 595 496 Ingensid dominæ non ſinit eſſe gelu
346 493 485 519 Ad Cæabam.
12 516 704 557 Ni lacrymæ fluerent, in flammam totus abirem:
80 560 608 593 Et ni flamma foret, diflluerem lacrymis.
1 591 678 627 Sic ſeruor lacrymis, ſic flammâ ſeruor. adurar
34 626 759 666 Aut lacrymer. vitam præbet vtrumque; obeam.
288 660 590 689 DeCælia, & Bore.
42 693 522 726 t Boreas vſſit glaciali frigore flores,
77 724 652 759 Auſa eſt in Boream Cælia probraloqui.
43 749 771 792 Audes, Nympha Deum petulantelaceſſere lingua
76 792 597 824 Reſpondit Boreas: num tibi hotus ego?
40 826 664 858 Te rapiam leuibus ſublimem in nubila pennis,
38 859 564 892 Et iungere meo præda coacta toro.
12 890 738 926 Subſtitit illa ferox, vt ſaxum in montibus altis,
28 926 654 959 Quod ruere ex imâ rupe procella nequit.
5 947 681 993 Non potis ille frui quod amat; dat baſia labris.
29 992 691 1025 Nunc magis illa gelu labra notata placent.
1 1013 688 1062 Denique tanta fuit dulcedo, & tanta voluptas,
1 1059 599 1099 Aiſerit amiſſo vt frigore ventus amans.
304 1094 496 1125 Ad Caliam.
35 1118 660 1154 Dum lætor, vuo:morior, dum triſtor: abibo
53 1157 625 1198 Lætus ego, poſtquam cura perire facit.
325 1194 475 1224 Ad eandem.
948 1204 986 1226 A
1 1220 776 1260 Quum ſumis citharam, & diffundis in aëracantum,
10 1258 652 1298 Saxa auidis pendent augibus; aura ſilet.
569 1298 633 1321 P
911 1333 984 1375 s
