978 1336
334 15 749 43 HIER.ANGERIA
152 59 745 97 Quum ſoluis crines vento, Dictynna videris,
197 95 701 127 n ſyluis quando cæde cruentat apros.
155 127 714 162 Quum rides, læti diſcerpunt nubila venti:
192 160 786 195 Quyum loqueris, fulgent ſidera, vernat humus
157 194 838 229 Q n motas oculos, quid non Amor impius audet?
189 226 644 258 udet, & irato præripit arma Ioui.
151 259 806 296 Quum graderis, te tota cohors miratur euntem:
196 293 708 326 ota cohors paſſus laudat, amatq; tuos.
157 327 742 360 Sed quia maturæ non carpis poma iuuentæ,
189 359 813 392 Hæc in tam pulchro corpore ſunt lacrymæ.
444 394 584 416 d Cælsam.
155 426 706 459 Cur immortalem te reris? pone tumentes
187 459 640 490 Faſtus; mortalis fis, pietate carens.
394 492 678 522 De Ioue, & Iunone.
150 524 708 559 Iuppiter, inſani dum ſæua Cupidinis arma,
187 558 669 591 Et nequit accenſas pertolerare faces;
45 571 88 609 I
150 590 724 624 Iane biceps, cœli cuſtos, mihi limina pande,
187 624 732 655 Pande, nec hoc vuquam ſentiat vxor, ait.
152 657 773 690 Senſit vt noc vxor, turbatur, & vndique fluctus
35 674 82 722 l
187 690 741 722 Ore vomit; liquida fit magis atra pice
148 723 799 760 Iruere m magnum magnâ cum voce Tonantem
32 749 80 785 Mi
184 756 711 789 Audet, & illius detrahit arma manu.
151 789 773 822 Clauigerum terret Ianum; luſtratq; per omnes
29 795 78 830 I
183 822 686 854 Terras, an videat quo vir ab igne calet.
27 829 76 862 I
146 855 779 888 Nunc huc, nunc illuc, dum toruo lumine ſe fert,
182 888 634 922 Adſpectu patuit Cælia pulchra ſuo.
144 921 698 957 Qum ſimul vt vidit, cæcas exarſit in iras:
184 952 779 989 tque inquit, ſenti, quid mea regna queunt.
144 987 817 1022 Dum rotat, & piceo contorquet ab æthere fulmem
180 1021 699 1054 Illud in hæc durus pectora flexit Amot.
400 1054 646 1082 De Cæliâ, & Anmore.
139 1086 761 1124 Vdit vt æthereos oculos Amor illius; inquit,
181 1120 786 1156 Inqit Amor, nulla hac pulchra puella magis.
145 1152 742 1188 Seniit vt immites animos Amor illius; inquit,
176 1185 752 1221 Inquit Amor, nulla hac ſauapuella magis
1 1223 61 1258 l
901 1236 944 1258 De
