1557 1450
198 2 679 45 EROTOPGNIO.
308 48 516 82 Deipſo.
60 72 798 114 um canerem, & citharam pulſarem pectine ſolus,
68 113 654 148 Solus apud dominæ, ncteſilente, fores:
61 144 693 184 Audiui fateor vocem; ſic dixit, amator
61 181 676 214 Stultas es, in ventos irrita verba fluunt.
60 208 786 248 eſpondi, nileſſe, loquor quodcunques ſed ægrum
61 248 637 280 Sa pe iuuat pœnas promere vote ſuas.
60 276 645 314 Hæc mihi non aliis refeio. ſint ſidera teſtes:
61 308 680 348 Etſi ſurda manent ſidera, ſaxa precor,
61 347 740 384 Et ventos, nubeſque atras, & lumina, quæ me
61 380 716 420 Excludunt; ſunt hæc verba doloris, amo.
267 413 564 447 De Cpidine querente.
60 444 728 484 Hic arma, atq; faces, & myrtea ſerta, roſaſque
72 480 679 514 Linquo; quibus quondam gloria parta fuit.
61 513 759 549 Linquo ſales, ludoſq; meos; atqueomnia pulchta.
73 547 758 582 Quæque Charisdocuit, quæ q; venuſta parens.
60 580 699 614 Exuor hic leuibus pennis, & lumine claro:
61 613 553 646 Externas, o ſors, cogor adire vias.
61 646 712 682 Sed vos hoc vnum moneo, parete monenti,
84 679 688 714 Certa loquor, ſunt hæccerca probata mihi.
61 713 672 746 uitate malum. potuit quæ lædere Diuos,
100 746 651 784 Vos lædet. quando ridet, abeſte; necat.
356 780 500 814 D ſeipſi
61 808 736 846 Fles, rides, gaudes, mœres, requieſcis, oberras.
61 844 640 882 Non mirum; vita eſt talis amantis; amo.
326 878 541 911 Ad Celiam.
61 908 673 949 In cinerem fuero ſi poſt mea fataſolutus,
97 943 583 978 Ille tua excuſſus curret in ora cinis.
60 974 675 1011 Hic repetet cœlum ſi ſpiritus, arduus illint
60 1009 664 1043 Et lammas mittet, mitret & arma necis.
60 1042 672 1077 Si non legitimæ complërim munera vitæ,
61 1072 620 1108 Errabo ante tuas oſſea larua domos.
61 1103 698 1141 Corporeos iterum ſi commutabor in artus;
88 1141 699 1176 Corpus habes, corpus mole grauabo tuum.
61 1173 736 1214 Aëre i pendam pœnas ; leuisibo, daboque
