954 1339
306 17 721 55 HIER. ANGERIANI
113 27 163 55 22
152 61 690 96 Verbera; ſi mergar flumine, flumen eris.
119 94 746 135 Ad nubes iero, mittam de nubibus imbres,
155 130 660 163 Ignibus aduoluar, te ferus igne petam.
121 162 712 197 Quicquid ero moriens tecum crudelia tecum
155 195 661 228 Bella geram: flagris flebis inulta meis.
123 225 732 261 Sinihil euadam, nihil hoc torquebere: crede,
159 260 717 295 Crede mihi vultus perfequar vſque tuos.
125 294 627 328 Conabor Stygiis exire paludibus; & ſi
157 327 696 362 Parca negat, rumpet tartara læſus Amor.
123 361 797 396 Nam tibi cum nequeam dum viuo redderepœnas,,
155 396 594 421 Extinctus tanti vulneris vltor ero.
289 429 663 461 De viatore, &ſeipſo dialgus.
128 456 834 496 Quis iacet hic? Veneris iacet hic pulcherrima prole.
160 495 679 527 Quam ſtrauit forti Cælia pulchra manu.
87 526 677 561 Si Deus hic, quare falcato decidit enſe
160 561 675 587 Mortis? & in vili ſic tumulatur humo?
127 594 701 627 Acupido hæc illi vis eſt generoſa Tonante,
160 627 700 659 Vt valeat terræ, & bella mouere polo..
124 658 738 693 Vade hoc? illa Dea eſt cunctis ſpecioſior aſtris.
161 692 777 728 Hac mundus quid nunc adſpice maius habet?
127 727 746 761 Nom hic armatus? pharetrâ ſuccinctus & areu?
161 760 656 793 Quid tum? ſuccubuit: fortior illa fuit.
125 791 760 819 urea non mater flammas? non vitricus haſtam
160 826 668 860 Exhibuit? contra bellicæ Pallas erat.
123 859 734 893 gida formoſis mammis ſcutumque lacerto
157 894 621 926 Aptarat; dextræ tela triſulca patris.
125 925 809 955 Non oberant Muſæ comites, non Phœbus, & Euan;
159 959 677 994 Hic puer, illa ingens; hic rudis, illa ſagax
121 992 699 1027 rgo quis extincto poſthac ſuccedet Amori?
157 1025 834 1058 Huic pharetrathuic iaculum?huic flexilis arcus erit
123 1059 759 1090 mperium molle hoc; illa eſt caſtiſſima, & Euro
160 1093 718 1121 Sæuior; heul cui non funera ferret atrox?
126 1123 685 1158 m turbam rutili globnlos deflecteret auri:
159 1154 615 1192 Ipſa ſibi plumbi frigida dona daret.
123 1186 816 1232 nuneabſqqs acu & fcibus domat mnia victi,.
