1559 1458
279 32 643 84 EROTOPÆGNION.
96 84 636 125 Quld ſi pennatus regna teneret Amor?
367 123 521 154 Deſepo.
15 154 629 188 Si nitet auratis mea candida virgo capills,
1 183 654 222 Et pulchro æquoreas vincit honore Deas;
1 218 609 255 Effutire leues cur demens cogor amores?
1 254 661 289 Ferreque vt iratus tam mala verba puer?
953 276 1016 312 l
1 279 649 327 Cur turbor toties? & inania murmura iacto?
62 321 500 356 Cur toties illuc irrequietus eo?
910 331 939 394 I
1 356 716 395 Heu, heu, quid feci? quo vertot? numina eœlo
98 390 679 423 Aut nulla, aut certe non mala noſtra vident.
1 412 647 455 Non potui tunc eſſe ſilex? aut æquoris vnda?
95 455 604 487 Siue cinis? ferrem non ego tanta miſer.
1 478 668 526 Hoc peius, promo inſanas ex pectore voces;
51 522 646 555 Nil proſunt voces, & tamen vſque loqor.
956 549 991 579 I
1 546 736 589 Heul quid agam melius? lanient hæc dicta procellæ:
32 588 647 621 Et ſi quid chartis illino, flamma voret
1 613 587 656 Præteriit quæ danda fuit virtutibus ætas.
50 652 678 688 Quicquid ago, video, ventus & vndarapit.
1 688 674 724 Iſta loqui nollem, niger obtegit omnia puluit.
76 722 624 753 Obtegar an viuam? viuere pœna mihi.
1 746 593 797 Non eſt viuenti niſi tetri funeris vmbra,
946 783 1020 807 i
40 788 643 821 Si quicquam ingrati vita laboris habet.
1 812 667 855 Viuite vos alij quibus omnia iugiter affert
60 852 670 888 Lætus amor, gladium tu mea ſume manus,
1 886 677 932 Ne trepida; rapidus quum ſpiritus ibit ad auras
18 920 584 958 Clamabit; mortis Cælia cauſa fuit.
918 923 1049 961 l
301 954 524 984 Incerius æuctor.
1 981 631 1019 actus Amor mitis, transfixo clauſit amanti
1 1019 594 1054 Lumina; collegit corporis oſſa Charis.
1 1052 678 1086 Tradidit inferias pia Cypris, carmen in ips
63 1085 665 1120 Vrna Erato ſcripſit: tu lege quiſquis amas.
1 1119 706 1152 Non hic corpus adeſt, non hic cinis ater: at vna
18 1151 716 1186 Flamima calens, cremat hæc flamma, viator, abi.
305 1186 603 1218 Libellus ad Lectorem.
928 1187 1010 1223 t
1 1214 664 1264 Doctrinam ſi forte cupis, ſi forte lepores
684 1250 842 1290 Pieio,
496 1250 570 1280 P
