1559 1458
279 32 643 84 EROTOPÆGNION.
96 84 636 125 Quld ſi pennatus regna teneret Amor?
367 123 521 154 Deſepo.
64 153 629 188 Si nitet auratis mea candida virgo capills,
64 187 654 222 Et pulchro æquoreas vincit honore Deas;
48 218 609 255 Effutire leues cur demens cogor amores?
48 254 661 289 Ferreque vt iratus tam mala verba puer?
48 285 649 327 Cur turbor toties? & inania murmura iacto?
62 321 500 356 Cur toties illuc irrequietus eo?
48 356 716 390 Heu, heu, quid feci? quo vertot? numina eœlo
98 390 679 423 Aut nulla, aut certe non mala noſtra vident.
47 421 647 455 Non potui tunc eſſe ſilex? aut æquoris vnda?
95 455 604 487 Siue cinis? ferrem non ego tanta miſer.
48 484 668 523 Hoc peius, promo inſanas ex pectore voces;
51 522 646 555 Nil proſunt voces, & tamen vſque loqor.
47 549 736 589 Heul quid agam melius? lanient hæc dicta procellæ:
48 588 647 621 Et ſi quid chartis illino, flamma voret
47 622 587 656 Præteriit quæ danda fuit virtutibus ætas.
50 652 678 688 Quicquid ago, video, ventus & vndarapit.
48 688 674 724 Iſta loqui nollem, niger obtegit omnia puluit.
76 722 624 753 Obtegar an viuam? viuere pœna mihi.
48 753 593 788 Non eſt viuenti niſi tetri funeris vmbra,
48 788 643 821 Si quicquam ingrati vita laboris habet.
48 813 667 855 Viuite vos alij quibus omnia iugiter affert
60 852 670 888 Lætus amor, gladium tu mea ſume manus,
47 887 677 926 Ne trepida; rapidus quum ſpiritus ibit ad auras
47 920 584 958 Clamabit; mortis Cælia cauſa fuit.
301 954 524 984 Incerius æuctor.
48 981 631 1019 actus Amor mitis, transfixo clauſit amanti
48 1019 594 1054 Lumina; collegit corporis oſſa Charis.
48 1052 678 1086 Tradidit inferias pia Cypris, carmen in ips
63 1085 665 1120 Vrna Erato ſcripſit: tu lege quiſquis amas.
48 1119 706 1152 Non hic corpus adeſt, non hic cinis ater: at vna
48 1151 716 1186 Flamima calens, cremat hæc flamma, viator, abi.
305 1186 603 1218 Libellus ad Lectorem.
48 1214 664 1263 Doctrinam ſi forte cupis, ſi forte lepores
684 1250 842 1290 Pieio,
