978 1322
366 21 614 49 GEOGII
128 31 187 58 e
166 61 628 97 Pierios, domini ne lege ſcripta mei.
133 96 730 131 Dum ninis igne calet, ſolum deſciibit inertes
167 130 735 164 Curas, & quanta eſt Cælia, quantus Amor.
214 201 809 240 IClANANSELM I.
405 265 573 298 Ad Soſthyrin.
137 294 974 331 VM te ego, theſaurum, dun me, Soſthyri, palumbem
134 326 792 364 Dicis;tunc miſer, hu, maceror, heu, morior.
92 364 653 395 Baſia ſed labis dum figis ſuauia hiulcis,
167 397 801 431 Hincq; traho dulcis tenuem ego florem anim:
138 431 715 463 Spiritus, oris iter noſtri quia ſentit apertum,
167 463 683 496 Totus in ora idem mollia anhelus abit.
134 497 735 529 Sic adeo infelix languens maleſano in amore,
131 529 654 565 Ni teum viuam, diſpereo ipſe mihi.
408 565 540 590 De Furria.
22 571 66 625 I
135 593 869 630 Gratiæ erant quondam tres; ſed nunc addita quara s
165 630 768 664 Furnia: Gratia enim gratim & inde petunt.
346 664 568 696 DeMlemmii.
82 694 667 729 Quod mella Attiea, mala quod, puellâ
1 702 82 744 l
83 729 579 757 Sueuerunt redolere morſicante.
133 761 756 795 Mus quod muſcus, Eous & quod annum
134 795 678 827 Phœnix dum renouatur in ſequentem;.
134 827 596 861 Quod & ſolliciti legunt ygantes:
135 860 642 888 Mei hoc Memmiæ amoris, os beatum.
135 894 634 928 Quod bullantibus incitatus vniis
1 927 588 1010 m
133 961 603 993 Alpinas quod & inter acta fagos
138 994 568 1029 Adulto meditatur Aura vere;
85 1028 588 1059 Quod vertigine mundus niuersâ;
87 1058 792 1094 Meæ hoc Memmiæ amœna verba, voxq; e.
125 1093 607 1126 æc poſſum tibi compaxare, clum,
136 1126 701 1159 Hæe, terta, & tibi. fomæ eim ac pudoris,
4 1143 42 1174 I
135 1157 531 1194 Et aras fidei is genique dotes,
137 1189 685 1227 Quis nulla eſt, puro, vel ſecunda, vel par;
849 1233 918 1258 Nee
1 1227 94 1270 ,
