978 1322
366 21 614 49 GEOGII
166 61 628 97 Pierios, domini ne lege ſcripta mei.
133 96 730 131 Dum ninis igne calet, ſolum deſciibit inertes
167 130 735 164 Curas, & quanta eſt Cælia, quantus Amor.
405 265 573 298 Ad Soſthyrin.
116 294 922 359 VM te ego, theſaurum, dun me, Soſthyri, palumbem
208 329 792 364 Dicis;tunc miſer, hu, maceror, heu, morior.
107 364 653 395 Baſia ſed labis dum figis ſuauia hiulcis,
167 397 801 431 Hincq; traho dulcis tenuem ego florem anim:
138 431 715 463 Spiritus, oris iter noſtri quia ſentit apertum,
167 463 683 496 Totus in ora idem mollia anhelus abit.
134 497 735 529 Sic adeo infelix languens maleſano in amore,
131 529 654 565 Ni teum viuam, diſpereo ipſe mihi.
408 565 540 590 De Furria.
135 593 869 630 Gratiæ erant quondam tres; ſed nunc addita quara s
165 630 768 664 Furnia: Gratia enim gratim & inde petunt.
346 664 568 696 DeMlemmii.
107 694 667 729 Quod mella Attiea, mala quod, puellâ
106 729 579 757 Sueuerunt redolere morſicante.
133 761 756 795 Mus quod muſcus, Eous & quod annum
134 795 678 827 Phœnix dum renouatur in ſequentem;.
134 827 596 861 Quod & ſolliciti legunt ygantes:
135 860 642 888 Mei hoc Memmiæ amoris, os beatum.
135 894 634 928 Quod bullantibus incitatus vniis
106 927 588 961 m
133 961 603 993 Alpinas quod & inter acta fagos
138 994 568 1029 Adulto meditatur Aura vere;
107 1028 588 1059 Quod vertigine mundus niuersâ;
106 1058 750 1093 Meæ hoc Memmiæ amœna verba, voxq; e.
125 1093 607 1126 æc poſſum tibi compaxare, clum,
136 1126 701 1159 Hæe, terta, & tibi. fomæ eim ac pudoris,
135 1157 531 1194 Et aras fidei is genique dotes,
137 1189 685 1227 Quis nulla eſt, puro, vel ſecunda, vel par;
849 1233 918 1258 Nee
