1538 1415
342 6 594 35 ANSELM
63 49 566 84 Nec terræ volo comparare, nec Diis.
339 87 516 109 In Heliodorum.
63 116 663 152 Omnia cùm facias ſine teſtibus Heliodore
64 150 637 183 Quid mirum, toties ſi negat Hybla tibi.
362 186 527 209 In Eunomum.
64 212 812 250 Lentibus inire fugam, pofitâ celer, Eunome. meneaes,
110 249 653 283 Cruribus, Eunome, edas, ſi ſapis, ore fuge.
364 285 514 316 Ad Soſylum.
74 310 723 349 Ferre olidum mihi fæpe hircum te poſſe negabas.
56 349 690 383 Nunc temet, quaso, Soſyle, quomodofers?
363 385 497 416 Ad Peplin.
36 416 742 448 Totrara ac tanta in te, & tam generoſavidendo,
107 449 633 482 Hei mihi. deficiunt cur geminæ hæ aciesl
73 482 685 514 O fierem Inachiæ cuſtos, mea Pepli, iuuencæ,
107 514 703 548 Noſtra nec obtegeret lumina ſomnus hebes.
71 548 691 582 Sæpius adſpiciam in te, ſpes mea ſola ſaluſque,
102 581 657 612 Vt bona luminibus innumera innumeris.
304 629 618 660 In Memmiæ imaginem.
70 669 737 705 Nmme hæc Memmia amata, amare vt æquum et
71 706 666 738 Vnumquemque fidem innocentiamquet
72 739 584 773 Et velata comam, & remiſſa ocellos
51 771 568 803 Vernâ candidior rosâ & liguſtris?
51 804 528 837 Ceſſo lactea colla, colla vtrinque
72 839 468 872 Illa ſtringere centies lacertis?
71 871 652 904 Ceſſo. os prominulumque Hymettiumqe:
69 905 405 938 Preſs ſugere baſiatione?
69 937 580 970 O ſors credula amantium atq; fallaxt
58 970 555 1004 Demens viuere imaginem putabam.
361 1013 511 1048 Ad Turiam.
77 1050 634 1085 Mentitur, quotiens Chil ſe iurat amre
111 1084 639 1118 Tutia: nempe odit te, tua quifquis amat.
344 1119 539 1151 De Lanio Soſylo.
84 1149 723 1184 De lanio, medicus fit Soſylus: haud noua res et.
108 1183 661 1222 Fecit enim lanius quod facit & medicus.
748 1215 862 1250 4duu-
