994 1371
405 52 660 83 GEORG
380 100 534 131 Ad Blſiam.
152 132 493 166 Ate, Blæſia, baſiationum
155 166 616 198 Nobis millia mille cum darentur;
152 198 674 235 Hgra ecce, ægra anima ad labella venit.
152 233 536 264 Itura aërias repente in auras;
154 267 564 298 Ni mellitulo ab halitu retenta
150 295 621 328 Rurſum viſcera ad intima excidiſſet.
150 330 679 369 Quare de hinc magis ac magis magiſque
149 365 652 397 Dedo, lux mea, me tibi; hoc ob vnum,
150 398 622 436 Quod mors iura tulit, tulitque vita.
148 432 498 463 Ate, Blæſia, baſiationum
148 465 584 495 Nobis millia mille cum darentur.
403 500 531 522 In Helm.
145 530 844 566 Mens leuis, Heli, leueſq; pedes tibi. certat vterque
177 566 719 599 Mens ſuperat. currit pes citus: illa volat.
312 600 550 631 In Thaliam.
145 631 711 663 Græcia tres Charitas fallax mentita:Thalia
175 665 744 693 In ſe habet alteruter mille oculus Charites.
413 704 597 728 Ad Melibæam.
124 734 736 776 Mellitos, Melibœa, oculos dum ſuauior iſtos;
188 777 658 810 Labitur occultus dura per oſſa calor.
124 803 725 841 l verum voite noſtris labiis ſitientibusaufers,
174 842 698 876 Heu, glacie obſeſſus dirigeo, ac morior.
139 876 777 910 Qualiſcumque anceps vatios rotet alea amantes,
170 909 687 942 Et quæ ſunt nobis dulcia acerbet amor:
124 942 838 982 i Gratius eſt vri, quid enim graue amantibus vti eſt
168 975 705 1012 Suauia dum ſæpe his ſurripiam ex oculis.
426 1015 559 1048 De ynthio.
124 1052 806 1092 Catmina cum caneret querulas animantia chordas
165 1087 678 1119 Cynthius, & mirâ plecteret arte lyram;
132 1119 701 1153 Obſtupuit, iuuenemq; diu miratus Apollo,
163 1150 604 1185 Talia ſuſpenſo protinus ore dedit:
129 1183 780 1216 Fallor? an ille ego ſum, noſtriue ſimillimus alter?
164 1218 722 1258 tate, arte. comâ, nomine, voce, chely?
862 1265 948 1297 Ad
