947 1334
404 29 647 68 GEORGII
129 37 173 59 l4
360 75 602 108 In Virgilij Aneida.
132 108 815 142 Dic mihi Calliope, cuium eſt opus? anne Sororum?
165 142 769 175 Non: verum hoc Siren Mantuæ alumna dedit.
133 175 791 208 Qui labor? ingentem ruit alto à culmine Troiam:
165 208 676 241 Exiguus tanta eſt nil niſi flamma cinis.
133 240 774 273 Felix ſemper opus ſternis dum Pergama cantu
166 275 567 310 Erectas vrbes concutis inuidia.
330 309 634 340 De Floriano Anſelmo.
134 340 790 375 Mars animos, mentemq; tibi; præſtantia membra
166 375 647 408 Iauictaſq; manus Amphitryoniades.
135 408 785 448 Cynthius ingenium, ſpeciem Semeleius Euan,
170 441 681 473 Suadela os; mores ipſe tibi dederas.
136 474 725 508 Iupiter inuidit terris tot Cælitum honores,
168 508 665 539 Atque immaturo funere te rapuit.
138 537 789 574 Haud tamen ipſe velim lacrimis vexare quietum:
164 574 672 607 Nam bene qui vixit, vixit & ille diu.
382 609 571 640 De Arch.agaths.
137 640 770 674 Vnum amat Archagathus ſemet. felix in amore
170 674 679 707 Vnus riualem non habet Archagathus.
414 709 606 740 Ad Pamphilam.
137 739 597 772 Cara Pamphila, quando te videbo?
138 773 683 807 Quand o pectora, quando colla, quando
141 805 547 840 Os, ac roſcida labra ſuauiabor?
140 840 565 872 Cunctis candidior diebus. o lux:
139 872 552 907 Vel ſi nox mihi tam beata fiat;
140 906 573 931 Cunctis candidior diebus noxt
340 942 580 973 De Eliſſæ amore.
139 972 730 1006 Aurao vellens rutilum de vertice crinemt
173 1007 662 1039 Vt capti in bello vinxit Eliſſa manus.
140 1039 723 1073 Facta diu texi, facilcvt qui abſoluere palmis
172 1073 706 1102 Serarem ambroſiæ tenuia vincla comæ.
141 1105 817 1140 Dum fiuſtra quatio, atque arctos efhingere nodos
177 1139 672 1172 Molior; æratis ſtringor vt in manicis:
143 1169 775 1205 Semiauimis crine ab nitidæ nunc pendeo Eliſſæ,
176 1203 797 1245 Quqs trahit pendentem hao ego pars ſequox
