<?xml version="1.0" encoding="UTF-8" standalone="no"?><PcGts xmlns="http://schema.primaresearch.org/PAGE/gts/pagecontent/2019-07-15" xmlns:xsi="http://www.w3.org/2001/XMLSchema-instance" xsi:schemaLocation="http://schema.primaresearch.org/PAGE/gts/pagecontent/2019-07-15 http://schema.primaresearch.org/PAGE/gts/pagecontent/2019-07-15/pagecontent.xsd"><Metadata><Creator/><Created>2022-04-11T08:39:24</Created><LastChange>1970-01-01T00:00:00</LastChange><Comments/></Metadata><Page imageFilename="0262.png" imageHeight="1334" imageWidth="947"><TextRegion id="r1" orientation="0.0" type="paragraph"><Coords points="1,1 945,1 945,1332 1,1332"/><TextLine id="l1"><Coords points="404,29 404,68 647,68 647,29"/><TextEquiv><Unicode/></TextEquiv><TextEquiv index="1"><Unicode>GEORGII</Unicode></TextEquiv></TextLine><TextLine id="l2"><Coords points="360,75 360,108 602,108 602,75"/><TextEquiv><Unicode/></TextEquiv><TextEquiv index="1"><Unicode>In Virgilij Aneida.</Unicode></TextEquiv></TextLine><TextLine id="l3"><Coords points="132,108 132,142 815,142 815,108"/><TextEquiv><Unicode/></TextEquiv><TextEquiv index="1"><Unicode>Dic mihi Calliope, cuium eſt opus? anne Sororum?</Unicode></TextEquiv></TextLine><TextLine id="l4"><Coords points="165,142 165,175 769,175 769,142"/><TextEquiv><Unicode/></TextEquiv><TextEquiv index="1"><Unicode>Non: verum hoc Siren Mantuæ alumna dedit.</Unicode></TextEquiv></TextLine><TextLine id="l5"><Coords points="791,175 133,175 133,208 791,208"/><TextEquiv><Unicode/></TextEquiv><TextEquiv index="1"><Unicode>Qui labor? ingentem ruit alto à culmine Troiam:</Unicode></TextEquiv></TextLine><TextLine id="l6"><Coords points="676,208 165,209 165,240 172,241 676,241"/><TextEquiv><Unicode/></TextEquiv><TextEquiv index="1"><Unicode>Exiguus tanta eſt nil niſi flamma cinis.</Unicode></TextEquiv></TextLine><TextLine id="l7"><Coords points="774,240 730,240 723,242 391,241 172,242 133,240 133,273 774,273"/><TextEquiv><Unicode/></TextEquiv><TextEquiv index="1"><Unicode>Felix ſemper opus ſternis dum Pergama cantu</Unicode></TextEquiv></TextLine><TextLine id="l8"><Coords points="320,307 384,305 413,305 424,306 427,308 456,309 567,308 567,276 166,275 166,310 315,310"/><TextEquiv><Unicode/></TextEquiv><TextEquiv index="1"><Unicode>Erectas vrbes concutis inuidia.</Unicode></TextEquiv></TextLine><TextLine id="l9"><Coords points="634,309 330,309 330,340 634,340"/><TextEquiv><Unicode/></TextEquiv><TextEquiv index="1"><Unicode>De Floriano Anſelmo.</Unicode></TextEquiv></TextLine><TextLine id="l10"><Coords points="790,340 591,340 422,342 325,342 319,340 134,340 134,374 143,375 790,375"/><TextEquiv><Unicode/></TextEquiv><TextEquiv index="1"><Unicode>Mars animos, mentemq; tibi; præſtantia membra</Unicode></TextEquiv></TextLine><TextLine id="l11"><Coords points="647,407 647,375 166,376 166,407 511,408"/><TextEquiv><Unicode/></TextEquiv><TextEquiv index="1"><Unicode>Iauictaſq; manus Amphitryoniades.</Unicode></TextEquiv></TextLine><TextLine id="l12"><Coords points="785,408 135,408 135,441 229,440 299,442 629,440 687,441 697,447 785,448"/><TextEquiv><Unicode/></TextEquiv><TextEquiv index="1"><Unicode>Cynthius ingenium, ſpeciem Semeleius Euan,</Unicode></TextEquiv></TextLine><TextLine id="l13"><Coords points="681,442 573,441 293,443 193,441 170,442 170,473 681,473"/><TextEquiv><Unicode/></TextEquiv><TextEquiv index="1"><Unicode>Suadela os; mores ipſe tibi dederas.</Unicode></TextEquiv></TextLine><TextLine id="l14"><Coords points="136,474 136,508 725,508 725,474"/><TextEquiv><Unicode/></TextEquiv><TextEquiv index="1"><Unicode>Iupiter inuidit terris tot Cælitum honores,</Unicode></TextEquiv></TextLine><TextLine id="l15"><Coords points="665,508 168,508 168,539 665,539"/><TextEquiv><Unicode/></TextEquiv><TextEquiv index="1"><Unicode>Atque immaturo funere te rapuit.</Unicode></TextEquiv></TextLine><TextLine id="l16"><Coords points="789,537 679,537 671,541 557,542 203,541 138,539 138,572 287,574 508,574 546,572 607,574 789,574"/><TextEquiv><Unicode/></TextEquiv><TextEquiv index="1"><Unicode>Haud tamen ipſe velim lacrimis vexare quietum:</Unicode></TextEquiv></TextLine><TextLine id="l17"><Coords points="672,575 164,574 164,607 672,607"/><TextEquiv><Unicode/></TextEquiv><TextEquiv index="1"><Unicode>Nam bene qui vixit, vixit &amp; ille diu.</Unicode></TextEquiv></TextLine><TextLine id="l18"><Coords points="382,609 382,640 571,640 571,609"/><TextEquiv><Unicode/></TextEquiv><TextEquiv index="1"><Unicode>De Arch.agaths.</Unicode></TextEquiv></TextLine><TextLine id="l19"><Coords points="137,640 137,674 770,674 770,640"/><TextEquiv><Unicode/></TextEquiv><TextEquiv index="1"><Unicode>Vnum amat Archagathus ſemet. felix in amore</Unicode></TextEquiv></TextLine><TextLine id="l20"><Coords points="170,674 170,707 679,707 679,674"/><TextEquiv><Unicode/></TextEquiv><TextEquiv index="1"><Unicode>Vnus riualem non habet Archagathus.</Unicode></TextEquiv></TextLine><TextLine id="l21"><Coords points="414,709 414,740 606,740 606,709"/><TextEquiv><Unicode/></TextEquiv><TextEquiv index="1"><Unicode>Ad Pamphilam.</Unicode></TextEquiv></TextLine><TextLine id="l22"><Coords points="597,740 357,741 353,739 137,739 137,771 597,772"/><TextEquiv><Unicode/></TextEquiv><TextEquiv index="1"><Unicode>Cara Pamphila, quando te videbo?</Unicode></TextEquiv></TextLine><TextLine id="l23"><Coords points="683,773 472,775 349,775 316,773 138,773 138,806 245,806 294,804 388,807 683,807"/><TextEquiv><Unicode/></TextEquiv><TextEquiv index="1"><Unicode>Quand o pectora, quando colla, quando</Unicode></TextEquiv></TextLine><TextLine id="l24"><Coords points="547,839 547,808 388,808 294,805 245,807 141,807 141,837 182,837 212,839 345,838 398,840 520,840"/><TextEquiv><Unicode/></TextEquiv><TextEquiv index="1"><Unicode>Os, ac roſcida labra ſuauiabor?</Unicode></TextEquiv></TextLine><TextLine id="l25"><Coords points="565,840 140,840 140,869 152,870 176,870 198,872 565,872"/><TextEquiv><Unicode/></TextEquiv><TextEquiv index="1"><Unicode>Cunctis candidior diebus. o lux:</Unicode></TextEquiv></TextLine><TextLine id="l26"><Coords points="552,875 509,874 405,875 353,873 139,872 139,903 148,904 335,905 396,907 552,907"/><TextEquiv><Unicode/></TextEquiv><TextEquiv index="1"><Unicode>Vel ſi nox mihi tam beata fiat;</Unicode></TextEquiv></TextLine><TextLine id="l27"><Coords points="573,909 571,908 140,906 140,931 573,931"/><TextEquiv><Unicode/></TextEquiv><TextEquiv index="1"><Unicode>Cunctis candidior diebus noxt</Unicode></TextEquiv></TextLine><TextLine id="l28"><Coords points="340,942 340,973 580,973 580,942"/><TextEquiv><Unicode/></TextEquiv><TextEquiv index="1"><Unicode>De Eliſſæ amore.</Unicode></TextEquiv></TextLine><TextLine id="l29"><Coords points="730,972 633,972 514,975 343,974 331,972 139,972 139,1004 272,1004 335,1006 481,1006 499,1004 530,1004 541,1006 730,1006"/><TextEquiv><Unicode/></TextEquiv><TextEquiv index="1"><Unicode>Aurao vellens rutilum de vertice crinemt</Unicode></TextEquiv></TextLine><TextLine id="l30"><Coords points="173,1007 173,1039 662,1039 662,1007"/><TextEquiv><Unicode/></TextEquiv><TextEquiv index="1"><Unicode>Vt capti in bello vinxit Eliſſa manus.</Unicode></TextEquiv></TextLine><TextLine id="l31"><Coords points="723,1039 511,1042 442,1042 377,1039 140,1039 140,1071 150,1072 723,1073"/><TextEquiv><Unicode/></TextEquiv><TextEquiv index="1"><Unicode>Facta diu texi, facilcvt qui abſoluere palmis</Unicode></TextEquiv></TextLine><TextLine id="l32"><Coords points="706,1074 457,1075 344,1073 172,1073 172,1101 189,1102 706,1102"/><TextEquiv><Unicode/></TextEquiv><TextEquiv index="1"><Unicode>Serarem ambroſiæ tenuia vincla comæ.</Unicode></TextEquiv></TextLine><TextLine id="l33"><Coords points="817,1105 761,1105 754,1107 497,1108 296,1107 262,1105 141,1105 141,1134 211,1135 275,1139 817,1140"/><TextEquiv><Unicode/></TextEquiv><TextEquiv index="1"><Unicode>Dum fiuſtra quatio, atque arctos efhingere nodos</Unicode></TextEquiv></TextLine><TextLine id="l34"><Coords points="672,1141 399,1141 177,1139 177,1168 228,1169 272,1172 672,1172"/><TextEquiv><Unicode/></TextEquiv><TextEquiv index="1"><Unicode>Molior; æratis ſtringor vt in manicis:</Unicode></TextEquiv></TextLine><TextLine id="l35"><Coords points="775,1169 698,1169 685,1172 655,1174 328,1174 272,1173 195,1169 143,1169 143,1198 171,1200 254,1202 298,1205 775,1205"/><TextEquiv><Unicode/></TextEquiv><TextEquiv index="1"><Unicode>Semiauimis crine ab nitidæ nunc pendeo Eliſſæ,</Unicode></TextEquiv></TextLine><TextLine id="l36"><Coords points="797,1207 693,1206 619,1208 392,1208 298,1206 254,1203 176,1203 176,1245 797,1245"/><TextEquiv><Unicode/></TextEquiv><TextEquiv index="1"><Unicode>Quqs trahit pendentem hao ego pars ſequox</Unicode></TextEquiv></TextLine><TextLine id="l37"><Coords points="878,1238 878,1264 922,1264 922,1238"/><TextEquiv><Unicode/></TextEquiv></TextLine><TextEquiv><Unicode/></TextEquiv></TextRegion></Page></PcGts>