1542 1435
239 11 622 54 ANSELMM
308 52 510 84 Ad Theodoram.
43 88 581 125 mabo, Theodora, dic potentis
43 124 604 159 Sic te heræ ſque ſenecta & vſque in aul
43 158 558 192 Immunem videat minarum & iræ;
42 192 604 226 Nec curam exhibeat negotiumve
43 224 540 259 Ne e te adficiat labore quiſquam
43 256 605 292 Dum fronti nigra candidæ, & capillo
43 292 509 324 Prætendis caliendra ſubligato,
43 319 583 354 Num te fulmina ferre, num te & illum
43 358 634 389 Eſt ferre intuitum, vnde fax, & nde
43 390 469 422 Amori noua tela ſæuienti?
43 424 466 458 Tu felix Theodora, tu beata;
43 455 529 491 tud ſi dominæ Dexque noſtræ
42 492 586 530 Non times prope, quo procul perimus
300 526 555 557 Ad Terminum.
42 551 680 591 Tu quicunq; tribus finem decernis agellis,
43 591 622 623 Seu ffipes fixus, Termine, ſiue apis:
43 623 644 658 Hos à lævâ hortos geminis defende rapinls:
62 658 555 690 Seruabunt triplices cetera iura viæ.
43 688 720 731 ic noſtrâ exiguam ſedem de parte, quotanns
83 723 580 756 Facturi. nullo ſanguine ſacra, damus.
43 756 728 797 Turpe hoe, vicino, Capitolij immobile ſaxum
47 791 576 819 Mortali velle cedere, nolle Ioui..
316 825 560 855 In Homeri libror.
43 848 708 900 Quid, Lector, iſto in opere tam diu pendes,
43 891 429 923 Rerum ſtupens mnacula?
43 923 574 959 Tulee non iuga hæc niuoſa Parnaſi,
58 958 449 991 Non Pythij vatis, mele.
46 987 684 1031 Non impotentum iubila alta Faunorum
58 1024 488 1057 Rupes vel Arcadum inuiæ:
46 1056 456 1090 Huis vel incitata fulguatoris
54 1088 418 1122 Obis decemplicis rota.
52 1116 702 1162 Sed Dij Deæque omnes, parenſque Natura.
90 1156 508 1189 Nam mois hoc tantæ fuit
23 1181 717 1236 Quid ſpitus oſſent, quid & animæ, && vres.
