950 1338
378 34 628 62 GEORGII
165 80 553 114 Menſi omnibus ſemel modis.
392 114 556 147 DeHy puero.
133 145 762 179 Dum Phaëthontæi puer æquora præterit amnis,
170 180 653 214 Succiduos liquit lubrica arena pedes.
133 213 733 250 Quiq; ſimul torto luctantem in vortice fluctus
166 247 707 280 Occupat, hic mediis mergit auarus aquis.
137 278 746 310 Aut inuiderunt Veneto ſub flumine Nymphæ
165 312 680 346 Herculeum vobis, quæ rapuiſtis Hylan:
131 344 771 380 Aut patri Eridano vitreis dum epulatur in antris,
165 379 698 413 Pro Ganymede puer pocula miſcet Hyas.
386 413 577 445 In Thraybulum.
122 446 627 480 Rogatus olim, cum tyrannis volueret
166 479 544 513 Thraſybulus exitium Atticis:
131 513 547 548 Quas gratias ipſi referret Patria,
163 545 507 579 Tam maſculo auſu libera?
127 578 674 614 O, inquit; omnes Dij velint, quod debeo,
160 614 446 645 Vt retuliſſe me putet.
361 645 488 678 De Eirâ.
131 677 629 711 Aurea Ledeo formoſior anſere Eliſſa,
161 712 461 741 Viſa Deæ vt Veneri eſt;
124 744 795 772 Inuidiam ſenſit meruiſſe: etenim hanc Dea raram
157 780 414 813 Effigiem obſtupuit.
124 811 687 847 Quippe, ſui oblitæ, ſubitò cecidere ſoluta
158 847 434 879 Cingula de manibus.
124 877 828 913 Sumpſit virgo, atq; omnium ei, vt ſuperata Dione eſt,
155 915 404 940 Conciliatur amor.
343 948 604 979 Atollo ud Arachnem.
120 977 702 1013 Inuiſa dudum Diis, Arachne quid ſacram
154 1014 547 1047 Laurum implicas nequiſſima?
113 1047 626 1086 An arborem occupate te neſcis meam,
155 1080 519 1106 Amaram amanti etiam ſuo?
121 1113 578 1147 Ecquid plagas & rara nectis retia,
157 1146 490 1180 Caſſes & incaſſum ſtruis?
120 1180 574 1213 Tenere tune ſcilicet demens putas
151 1213 469 1248 Apollinem quæ fugerit?
854 1249 901 1274 Ad
