1545 1418
258 2 592 43 ANSELMI.
314 51 480 74 Ad Næuiam.
53 74 696 125 Cuncta ſimul video cum te video:omnia ſed ſi
53 115 545 163 Adſpiciam ſine te, Næuia nil video.
281 151 537 182 In Amorcm ligatum.
52 175 735 221 Funde diu vinctus gemitum, Deus improbe, & exle,
53 215 575 249 Funde diu tepidas ex oculis lacrimas;
53 248 626 284 Prædo pudicitiæ & rationis, mentis abactor,
57 283 656 315 Cæcum vulnus, edax cura, proteruus Amor.
53 315 681 357 Abſoluunt homines grauidis tua vincula curis:
86 350 596 381 Tu moda da rapidis irrita verba Notis.
52 378 752 422 Nam quem accendiſti miſeris in mentibus ignem.
53 417 688 451 Extinctum lacrimis nunc quoque cerne tuis.
276 451 463 475 In Manam.
52 481 752 521 Mœna, nimis mendax ſpeculum eſt tibi. vera referre
53 516 591 552 Si velit, hoc iterum velle videre neges.
199 550 626 581 In libros Theorematum Anſelms aui.
27 580 610 617 Syntaxin Anſelmi vt quadruplicem mod.
83 616 396 649 Epidaurius vidit Deus.
27 643 580 688 Iouem increpans; quid profuit telis, ait,
55 683 388 716 Necaſſenos Typhoëis
27 707 542 750 Inuenta ſi mortalium vincunt Deos?
27 750 407 783 Non vnus his reuixerit.
339 784 514 817 Ad Peplin
27 804 719 859 Te partes ſequorexanimis, mea Peplis; in omnes
74 850 666 883 Anne oculis magnes, ferrea mi eſt anima?
27 876 703 922 Cæſiolisne mihiinſanum, precor, hiſce ab ocellis,
73 917 618 950 Fert vna & vulnus Peplias haſta; & opem?
26 949 611 983 An lucis ſtudio mortemper tela per ignes,
26 983 642 1016 Per laqueos peto, per vincula, per gladios?
27 1007 765 1050 Quàm miſerum iſta iuuat ſors ambigua anxia & exle
71 1049 697 1083 Dum te, dum meæ te pupula, Pepliſequar.
282 1086 483 1116 Ad Furniam.
1 1112 737 1147 lagaAmor eſt miſero; fluit alto à vulnere tabes,
68 1148 720 1181 Heu nunquam ſiccoà vulnere inops lacrima.
19 1181 608 1223 Defiit auiliimendiga:nulla Machaon
742 1214 817 1243 Sol
