950 1323
426 8 668 43 GEORGII
191 53 703 87 Sollicitus ſpargit phatmaca ſemianimi,
160 87 759 120 Telepſus, ahperii, niſi tu, fera Furnia, Achilles
191 121 743 154 Forma ſalus eadem eſt vnica quæ pupugit.
388 157 579 178 In Mendemum
159 187 795 221 Qui tibiſint mores, Menodeme, aut qualia facta,
191 221 778 252 Neſcio; ſed ſcio te peſſimam habere animam.
357 256 551 288 Ad Peplin.
156 288 755 320 Vinnuli ego rapio oris nectar; inops cor amore
190 320 750 353 Perdo ego: præripiunt vda labella animam.
154 354 805 387 Protinus ora iterum repeto tua, corquerequiro,
191 387 717 420 Exanimisque animam mi reluo in labiis.
149 420 824 452 Hei nimio miſerum cor liquitur; haud mora amore
191 451 688 482 Vvidulis anima, hei, mi labat in labiis.
153 486 858 520 Quod ni illex os, Pepli, relambo, iterumque relambo.
191 520 856 554 Et labia;, hei neque cor mi eſt, neque deinde anima.
403 555 584 584 Ad Poſtumum.
150 586 742 620 Pauca rogas, tua depereant ne nomina, de te
184 620 801 650 Vt ſcribam. Inſcribam, Poſtume, pauca: latro es,
328 654 662 687 Epitaphim Hilarii Anſelmi.
151 684 780 720 Hoc, Hilarii quodcunque fuit mortale, ſepuloro:
192 718 744 747 Cetera nec verſu claudere, nec tumulo eſt.
420 755 565 778 Ad Pholoen.
152 784 681 820 Vſque adeo iugi ſi te iuuat impia fletu,
190 820 750 852 Et longum, Pholoe, viuere morte meâ:
149 852 814 886 Quid moror?in noſtrum cur ceſſat dextera pectus?
189 886 854 920 Quanquam haud perficies:pectus inane meum eſt.
155 919 871 953 Tecum animus quacunque volens occumbere morte.
1 945 48 986 l
190 953 713 985 Sed vitam infelix inde habet, vnde perit
151 986 911 1027 Cauſſa eadem, vt viuam, vt peream, tua lumina. nec me
190 1021 680 1053 Setuare, vt cupias, nec iugulare potes.
428 1055 575 1087 Ad Nyſam.
150 1085 705 1118 Mirari,mea Nyſſa, ſoles. dum baſia amanti
190 1119 647 1147 Das miſero, miris ora calere modis.
153 1151 763 1186 Currit inops labiis animus quia feruidus iſtis,
189 1186 658 1219 Hauriat, an potius baſia det, dubito,
889 1223 948 1262 H
