1514 1424
221 3 559 36 ANSELMI.
771 21 814 43 Mo
1 41 713 96 oe certum eſt; quod plura dares ſi baſia amanti,
1 87 765 136 Linquerem ego ambroſiis hanc animam in labiis.
294 123 421 144 II Lium.
1 142 623 188 Cum tu ſcis facie tali, Line, ne pete fontem,
1 183 671 220 Neu iugaquà nitida defluit amnis aquâ.
1 213 581 256 Adſpiciens ne tenimio Narciſſus amo re
1 253 588 292 Vt quondamipſe odio ſic moriare tui.
238 287 551 316 In ſtatuam IuliiIIP. .
35 312 701 352 Dextra tenet fulmen, gelidos habet altera fontes:
1 352 602 391 Iulius alterna cum Ioue ſceptra tenet.
279 388 441 410 In Manlium.
1 417 698 459 nſuber, & blæſus, nec ſat tibi lingua pudica eſt:
4 452 685 488 Quid mirum, Manli, tam male ſi loqueris.
296 486 471 510 De ne.
31 519 631 552 Confectum ætate neas per bella, per ignes,
1 553 659 586 Dum pius hinc patrem portat, & inde Deos:
1 577 737 621 Quid mihi, ait, Danaum inſidiæ? quid Achaica caſtra
15 619 605 653 Relligio inuictum quem facit, & Pietas.
1 678 790 743 . rRANCISCIAPOSTOLII.
219 740 635 781 AMONTE MAGNO.
128 781 578 815 AdElenmoram, Ducem Mantua.
1 821 739 860 VMMoDDo tu terras habites, Auſtraſia proles,
1 854 590 893 Et facias vultu cuncta beata tuo;
1 889 621 928 Tunc Venus & Iuno, Pallas, Diana, Cybelle;
65 927 697 961 Turbaque Diuorum ſidera ſumma colant.
25 960 678 995 Ia terris quid enim præſtent ea Numina?cum tu
74 994 592 1023 Mille tuâ referas fronte micante Deas?
280 1030 466 1052 Ad eandem.
26 1058 695 1092 Laus te cùm laude, Eleonora, extollere vellet,
47 1092 540 1127 Forma cæcatua, mutaq; facta fuit.
30 1124 662 1160 genii ſpecimen verum cum venit ad aureis;
83 1157 588 1194 Obſtupuit, ſubit ſurdaque facta fuit.
27 1190 694 1233 nc ſecum: ſileat quidquid celebrauimus anta:
697 1218 822 1260 ta
912 1247 980 1279 A
