959 1339
307 19 712 46 IO.FRANCISC
164 63 614 98 Exſuperat laudes Eleonora, meas.
394 98 586 124 De Laurâ.
87 128 724 166 Ah quoties faculas, quoties, fera tela, ſagittas
169 163 583 189 In me direxit deſidioſus Amor:
137 194 770 229 Cum mihi nec faculæ, mihi nec nocuere ſagittæ,
168 229 647 265 Irrita quin toties tela Cupido ſcidit.
135 262 722 296 En modo vix Lauræ proſpexi flentis ocellos,
170 296 715 332 Quis credet?lacrimis me ferus vrit Amor.
138 328 795 364 Heu, quò confugiam, lacrimis ſi accenditur ignis?
170 365 718 397 Vror. iam lacrimas comprime, Laura, tuas.
299 412 686 444 Ad Anton. Georgium Alexium.
138 444 702 472 Cur cæcus Deus erret Amor, miraris Alexi,
172 477 735 511 Curq; ego factus inops & ſine corde ferar
135 511 681 542 Deſine mirari:mecum dum forte Cupido
178 544 662 578 Spectaret Lauræ lumina pæta meæ;
140 577 678 611 Vno illa intuitu,riſuque & fronte ſerenâ,
170 611 683 640 Eruit huic oculos, & meacorda mihi.
342 660 608 684 Cum Virtute Fortuna.
141 690 695 725 Fortuna comes,dum Virtus ipſa carinæ
173 725 704 760 Imperet, haud verear tradere vela Notis.
139 756 763 793 Tunc mihi pro patriâ quæuis ſit terra quid vltrà
117 791 765 828 Perſequor? his ducibus viuere vbique datur.
380 828 588 859 Ad Cupidinem.
141 850 818 896 Solus, inops, exſpes tunc ſum, cum ſidera frontis
175 892 623 925 Ame deflectit Laura ſuperba ſuæ.
138 925 685 959 At formoſa in me ſi vertit luminareddor
174 960 666 992 Torridior flammi frigidiorque nive.
141 990 791 1025 Hos precor adfectus, aut miſce, aut ſolue Cupido:
177 1028 677 1058 Sentiat aut ictus fac, mea Laura pares.
336 1076 628 1097 De Neme Draconæ Cottæ.
142 1103 776 1137 Pingentem Nemen Venus aurea vidit Apellem
176 1137 761 1172 Conſtitit, atque inquit, num tibi viſa fui?
142 1171 731 1200 Cui Cous:non te, ſed Nemen vidimus; illam
179 1206 746 1241 Qu pro te interris eſt modo dicta Venus.
812 1238 928 1266 AdGl.
