1515 1402
243 6 675 53 APOSTOLII.
203 63 620 95 AdGul. Campum Mledicum.
27 95 662 137 Hippocratem fleuit, fleuit Medicina Galenum.
76 129 612 170 Viue diu, ne te, Campe, perrenne fleat.
263 164 475 186 De Dianâ.
27 183 674 235 Tergeminam perhibent mortales eſſe Dianam,
79 230 575 262 In cœlo, in terris, Tartareisque vadis.
26 262 595 291 In terris caſtam referunt; in faucibus Orci
27 294 619 330 Sponſam;laſciuiam regna tenere poli.
26 328 660 362 r Superûm pietaslan terræ numina vincunt,
27 362 573 400 Inferni & cœlinumina magna Dem?
274 397 489 428 In vulgus.
27 423 718 463 In mequid rabido vulgus, fremis ore, profanum?
26 462 594 497 L,Crudeliq; animo bella craenta moues?
26 494 723 533 Nondum in me poterit vetus illa paræmia dici;
77 528 536 562 Deiecta quiuis arbore ligna legat.
27 561 698 599 Hæret enim mea lautus adhuc radicibus imis
27 594 557 634 Nix,feritque altâ ſidera celſa comâ.
297 629 449 661 Ad Lauram.
27 658 645 694 Adſpicis & refugis.fugiensque ardentia iactas
77 695 692 728 Spicula, quæ feriunt corque animumq; meum.
27 727 649 761 Spiculaquæ cœlo valeant deducere Phœbum.
27 761 650 794 Atqe iterum in tauri vertere terga Iouem.
27 792 648 825 Deſine, Laura, meos toties geminare dolores,
33 826 580 854 Nec votis frauda brachia noſtra ſuis.
26 858 653 904 Quid miſer, ah volui?pereo ſi lumine ſolo,
27 894 580 928 Quid. faciam toto corpore, Laura. tuo?
314 929 472 960 In Forrunam.
27 959 674 993 Curnunquam, Fortuna, potes conſiſtere eodem
27 994 527 1026 In tractu, tentas ſed variare vices?
27 1023 690 1060 Inima nunc tollens ad lucida ſidera, nec non
75 1060 594 1091 Ale quæ tuleras rurſus ad ima trahens?
31 1092 686 1124 Id rota noſtra ſacit:caueas, dam gaudia monſtro
54 1124 586 1161 Tunc etenim miſeris deteriora pato.
277 1160 504 1184 De cct. uia Patra.
27 1179 613 1227 Forte Cithoriaco pectebat pectiue ctines
723 1222 842 1263 Elect
