937 1322
289 11 737 36 IO.FRANCISCI
116 18 167 40 24
151 51 630 81 Electro ſimiles candida Paltra ſuos;
120 85 773 120 Quos cernens Pataræus, ait; quid lumina proſuut
120 119 778 152 Noſtra?quid igniuomis addere calcar equs?
118 152 700 185 Si tellus Solemiqueſuum, ſua lumina profert,
155 185 703 217 Si Paliræ illuſtrat crinis honosque ſolum?
389 221 541 245 Ad Lauam.
115 249 825 286 Dum genus humanum reparat cum coniuge Iyrrha
151 284 635 319 Et ſilices iactant poſt ſua terga ſenes;
120 318 711 353 Non antiqua pares genuit te, ferrea Laura,
150 351 580 384 Iactatis laxis, aſt adamante rudi.
401 386 548 416 d ern.lem.
117 416 733 450 Cum rigeat tibi, Laura, ſilex in pectore, quis te
153 450 688 483 Non genitam Pyrrhæ dixerir eſſe manu?
407 485 487 508 Edem.
114 512 636 549 Si rigidas ſilices, ipſam Propætides auſas
147 549 657 582 Eſſe negare eam, fecerat alma Venus;
112 583 784 615 Audes quæ Venerem, Venerisque negare puellum,
148 616 686 650 Quas meritas pœnas, ferrea Laura, dabis?
113 648 851 680 Laura dabis pœnas:tibi namque vt ferrca mens ſt,
146 682 647 715 Sic cernere ferox reddita iure chalybs.
397 716 541 747 Adeand m.
113 746 701 781 ulcra verecundo faciem dum, Laura, ruboe
121 780 630 814 Suffundis, pallent protinus ora mihi.
103 813 660 846 Adfectu ſi quis varios mirabitur, hi ſunt
144 847 650 880 In nos i. on eadem ſpicula fixit Amor.
110 880 669 912 Tela tuos vultus tantum petiere; medullas
141 912 626 946 Intus atox noſtras vrit at igne Deus.
374 948 597 977 Ad Nar ſſum.
109 978 712 1012 Das merit, arciſſe puer puceriime, na.
100 1012 637 1045 Das merito, & facis te tua ure cupit.
88 1045 632 1071 Iact ba: fiuſtra voces reſonabilis Ecno:
142 1078 639 1111 Nun fruſtà vultus expet s ipſe tuos.
349 1114 506 1135 Ad Laur. m.
109 1142 669 1180 Vidit Amyclidæ fomam torm oſus Apollo
143 1176 586 1212 tus asoo uus.
789 1216 935 1244 Pulee
