1538 1423
228 25 598 49 APOSTOLII.
726 22 846 59 t
1 44 694 105 lcer Amyclides putuit ſi vincere Diuum,
103 100 627 133 Pulcrior an poteris vincere Laura, Deos?
1 130 820 168 Vincere, Lauia, Deos poteris quis deneget?lomues:
102 167 708 201 Sed caue ne Semeles tu quoque ab igne cadas.
248 202 645 234 De Laur ad aſp lelttanum.
1 233 702 267 Cur ſpeculum, quæris Veneri mea Laura dicarit?
43 267 584 300 Nec vultus fonti credat, vr ante, ſuos?
1 300 629 334 Occurrunt animo Narciſſi, Gaſpar, amores.
890 322 921 372 I
1 333 608 370 Et ſimili dubitat pulcra perire nece.
294 368 527 399 In Aſtrelogum.
946 386 978 421 l
1 399 522 437 Nunquam te eneris latese curſus,
1 433 520 468 Nec Maiâ geniti vagos recurſus,
1 466 492 494 Iactas, nec coitus latere Phœbes-
1 498 544 525 Phœbi nec varium laborem & æſtus.
60 533 446 565 Curſus & coitus, perite vates,
57 566 500 595 Dic cur te lateant tuæ maritæ?
343 600 508 624 In. lalbulum.
1 624 662 665 Cur peſtem refugis, cum tu ſis, Balbule, peftis
93 665 624 698 An valeas vmbram profugere ipſe tuam?
220 700 578 723 Ad Luciam FPaltram.
53 730 698 765 Eucia, cùm facies tibi luceat, vt ſolet almus
89 765 525 793 Lucifer, Eoo cim vehit axe diem;
53 797 675 832 tque ſolet Phœbus, cùm claro ſidera cœlo
76 832 568 866 Pellit & æquoreis lucidus exit aquis.
51 863 652 898 Nomine quod ſignas, ſic præſtas luce ſeren,
89 899 553 928 Et luces animo Lucia, & ore micas.
52 931 626 965 u claram præbes lucem mortalibus ægri,
88 964 513 1000 Lucia, tu lucis diceris eſſe Dea.
315 1000 519 1030 Ad Nemen.
1 1024 599 1060 tumina ſ vertens in te mortalia, Neme
93 1063 586 1096 Pectora ſidereæ frontis honore rapis.
2 1096 584 1131 Nil miror cœlo, Neme, delapſa ſereno
95 1126 659 1164 Nos, qæ Cælicolis grata futura, docen
55 1161 604 1195 Inde Dionæos crines, formamque tuliſti,
95 1195 676 1236 Numina Iunonis, Palladiumque capu
557 1232 643 1279 C
855 1248 989 1292 A
