952 1325
259 1 744 26 44O.FANS
122 33 696 71 Inde pudicitiam Veſtæ, mentemque Dianæ;
150 68 649 104 Et pro luminibus ſidera dempta polo.
99 98 763 139 QuidiCharites ſociæ tibi ſunt, doctæque ſorores
159 133 711 171 Teque volunt decimo compoſuiſſe thoro.
123 168 638 203 Lumina ſi tapias igitur mortalia Neme;
145 200 636 234 Nil miror, rapias cum ſpecioſa Deos.
324 234 604 268 Ad Io Bapt. Parlaſcum.
125 265 670 304 Cur ego decipiar toties, Parlaſce requitis,
160 300 628 336 Meque meâ falli credulitate ſinam?
125 332 759 372 Quære parce: mihi ſemper nam verba dabuntur
157 366 649 398 Donec dediſcam candida verba loqui.
307 401 638 433 Ad Magar. Cupham.
124 433 695 469 Palladis ingenio Genius dum inuidit, acuto
159 466 691 502 Ingenio tibi dat vincere, Cupha, Deam.
455 500 603 524 In Laliam.
97 530 773 568 Eſt forma, eſtque decor cum nobilitate, pudorq;,
159 566 645 602 Eſt dos ampla tibi, Lælia ſunt & opes.
108 597 731 633 Eſt in te ſed enim quoque tanta ſuperbia; tete
158 633 723 664 Et formam, & dotes perdat, & oris opes.
413 668 586 699 In Torquatum.
112 698 724 737 Quod tibi ſint tereti gemmata monilia collo,
159 732 688 766 Mirantur populi, miror & ipſe ſimul.
126 765 731 801 Cum rapias etenim, præderis que omnia. coll
158 799 713 833 Num magis apta forent ſtupea vincla tuo
323 834 613 857 Ad Deianiram Paltram.
113 865 663 900 Situa vidiſſet quondam Priameius heros
158 900 582 932 Pectora, ſi mores, Deianira, tuos;
124 932 670 966 Inter formoſas cum ſis formoſior omnes,
160 965 656 1002 Oraque purpureis ſint tibi plenaroſis;
124 999 778 1030 Non Helces forinam celebrarent carmine vate,
160 1033 701 1068 Sed ſpeciem;mores, ingeniumque tuum.
364 1068 542 1090 d Lauram.
111 1099 698 1134 Si vinclis teeum qteis vinxit Lemrus olim
161 1132 749 1169 Cum. Manorte Cyprin vinctus & pſe ſorem;
112 1167 770 1201 Tum. meaa aura, cos accerſe.et vndique velle:
811 1202 919 1234 Mul-
