1540 1435
217 26 602 53 APOSTrOLIII
24 58 582 102 Mulciber, vt fierem fabula nota polo.
25 101 658 137 Hoc vnum ne quis diſſolueret illa, timerem
25 136 629 199 Suauius hic donec conderet vrna forem.
206 171 607 202 Guliel. Gonagæ Motiferrati Pr.
25 199 606 234 Secula ferratos montes antiqua ferebant
86 234 551 260 Aferro:& merito. luſtra fuere feris.
24 263 659 301 Corruerat Virtus;, tantum fera bella vigebant,
84 302 617 334 Iuſtitia hinc aberat cum pietate Fides.
25 334 572 371 Aſt iterum cœlo cum ſit delapſa ſereno
79 368 571 402 Aſtræa atque fides, te Gulielme duce;
25 394 744 437 Quo duce cuncta valent, quo condecorata vireſcun.
25 435 604 469 Omnia, quo populis eſt data vera quies.
25 468 638 501 Sint priſco procul a ferro;dicantur ab auro
81 501 558 533 Iure tuimontes: aurea ſecla vigent.
230 535 577 565 Ad Eleonoram Auſtiacam.
46 567 598 602 Qud facies in te cœlo ſit digna ſereno,
80 601 579 635 Mortales omnes, Eleonora, ſtupent.
46 635 747 669 Sed magis atque magis mirantur, cum quoq; cernunt
63 669 529 701 Virtutes animi vincere cuncta tui.
4 698 647 735 Sed cum te pateat regno veniſſe ſupremo,
48 732 680 769 Quid mirum ſi par forma animusq; polo eſt
246 769 544 797 Ad Petrum Maillardum.
25 791 694 833 In numeros vertiſſe tuos ſua ſpicula Amorem
79 834 635 867 Senſimus & nullus, Santo poëta, neget.
40 866 657 900 Carmina vix oculis poteram cognoſſe, repentè
77 901 701 935 Vſſit lamma recens corque animumq; meum.
1 935 604 967 Saucius & dixi; veteres iam cedite amores;,
12 969 617 1000 Santonis en vatis me nouus vrit Amor.
299 1003 531 1026 Annæ Guatiæ.
39 1032 682 1066 Iupiter omnipotens, rerum bonus arbiter, Anna,
80 1065 573 1099 Cum cuperet terris tradere mira ſuis;
40 1099 603 1134 In te vnâ poſuit, cælo quæcunque feruntur
79 1131 654 1165 Mranda, ingenium, conſpicuumque decu.
313 1167 475 1191 I Fabianum.
35 1197 592 1239 Hactenus auxilio gato mihi praſto fuiſti;
743 1225 842 1259 Nune
