951 1322
123 2 775 38 a46IO.PRANCISCI
157 46 703 83 Nunc temere officium conteris ipſe tuum.
119 81 722 120 Quæ te cauſſa mouet:ſacti, dic, pœnitetian me
159 112 690 152 Ingratum cenſes, immemoremqe fore?
91 143 759 191 Quod petulans mulctræ iam plenæ lactis abundè
159 179 652 216 Capra ſolet pedibus, ſic Fabianæ facis.
401 219 542 247 In sCyrnum.
122 245 715 279 Nomina ſi vatum ſacrorum, Cyrne, peribunt;
158 279 662 311 Tunc dabitur vatum laurea prima tibi.
123 314 716 347 Extabunt vatum ſed dum ſacra nomina; toto
158 347 658 375 Extabit nullum nomen in orbe tuum.
361 381 634 411 In obitum Lauraſiæ.
124 412 741 444 Vt Lauram vidit Mors effera falce perempta;
158 445 702 480 Maius, ait, noſtro quæ Dea numen habet?
124 479 682 510 Concidit hoc ictu Pallas, Diana, Venusque;
161 512 729 547 Concidit & quicquid pulcrius orbis habet.
310 549 632 579 De ead ad Caſp leltrarum.
128 578 754 617 Hic qui ſit tnmulus, quæ ſint hæc buſta requiris?
162 613 660 645 Hoc tumulo, neſcis? Naſia pucra iacet:
127 645 717 679 Nec mirere velim, ſi tot modulamina ſentis,
162 680 671 716 Quæ mulcent aures nocte dieque tuas.
128 710 760 743 Hic Muſæ, hic Charites caram, Beltrane ſororem
161 747 722 777 Dum flent, certatim carmina culta canunt,
424 783 547 805 In eadem.
128 812 771 849 Vrna qud hæc ſpiret redolentia balſama quæris
162 845 777 881 Balſama quodque fluant vndique mixta roſis?
127 880 797 914 Hic Lauram Cytherea Venus concluſit ademptam;
163 914 769 952 Quarta ſoror Charitum quæ fuit vna trium.
407 949 529 973 De eadem.
128 979 747 1013 Hoc incluſa iacet ſub marmore Naſia: ſed quidt
161 1013 684 1047 Naſia non iacet hic; ſed iacet ipſa Venus
392 1049 510 1072 In eandem
129 1082 698 1113 Iam Lauræ tumulum lauri exornate, poetæ;
161 1115 661 1154 Frondibus: hic lauri gloria Laura iacet.
430 1149 554 1172 In candem.
127 1181 760 1221 Ino, Venus, Charites, Phœbus, Diana,Ninerua,
831 1217 918 1248 Rel
