1516 1444
299 7 675 45 APOSTOLII.
98 44 633 83 Relligio, Pietas, Theſpiadumq; chorus,
57 82 663 114 Forma decens, & recta fides, clementia, cels
65 116 614 151 Gloria Taurini, virgimitatis honos,
58 145 720 184 Conduntur tumulo, quid prodeſt dicere in iſto
57 181 685 222 Hoc tumulo, ſatis eſt dicere, Laura iacet.
270 217 579 247 Epita h. Aloiſi Taliuani.
65 247 668 281 Conduntur cineres alijs atque oſſa ſepulcris;
103 282 613 314 Hctcgitur Virtus, hic Medicina acet.
58 314 641 349 Hoc iacet in tumulo Pæon loiſius alter,
58 347 667 382 Hic decus, hic patriæ ſpes columenq; iacet.
58 379 647 415 Viderit hæ iccis oculis qui marmora, lætus
58 415 549 465 Exitium patriæ viderit ille ſuæ.
329 450 487 473 De edem.
57 478 653 515 Qui tumulo dignum Talianiſcribere carmen
68 515 666 553 Percupit, hæc ſcr bat: Cynthion vrna tegit.
256 550 558 572 Ad Iaurentiam Palt m.
58 578 714 615 Qu Triuiæ, & Veſt, quæ contribuere Mineruæ,
101 614 622 648 Iunoni & Cypiæ ſecula priſca Deæ;
47 647 668 681 Paltra, in te plenè modo repperiuntur in vnâà:
47 681 639 715 Ingenium, ſpecies, cum ſpecieq; decus.
226 716 612 745 De Vuleani & Amori.
46 743 654 781 Lucida Vulcani fugiant cur lumina amantes,
54 782 561 814 Quris? priuigni lucidiora micant
56 811 700 845 His ducibus fretus, tendit per opaca locorum
96 847 769 897 Quiſquis amat: magnum eſt lumen amantis amor.
274 883 553 913 In Lauri cor icem.
46 910 775 947 Non tegis, heu, cortex Daphnes pulcerrima membra;
95 947 637 979 At Clarij vætis mentem animumq; tes.
211 981 524 1013 In mulierum formam.
55 1010 635 1047 Perfpiciens canos tandem Ledæa capillos
32 1046 639 1079 Et ſcabrum rugis os, tremulasq; manus:
61 1079 721 1113 Atridum fuerat quæ mens, quæ eſtotis? inquit.
100 1112 659 1145 Hctora quid cepit Priamidemve Parim?
61 1144 698 1178 Eu opæ atque Aſiæ, clades qoc noſtra tulerunt
34 1176 675 1213 mina qnæ, facies non bene nota, mala
