955 1329
317 2 734 28 IO.FRANCISC
140 9 197 36 2:
353 45 606 80 Ad Laurent. Tbm.
146 78 770 111 Soluere ſi noſtrum poiſet Siluaius amorem,
182 112 685 144 Nil intentatum linqueet ille, Tuba.
146 144 708 178 Soluere tardipedis itias ſed vincula poſſit,
182 179 804 220 Qieis Venerem vin:it, Ihreiciuuq; Deum
344 214 504 241 In aclu m.
145 245 811 275 Cum tua te ſacies. & Hebræum nomina clament,.
181 280 752 312 Cui genus itendis. Saule, negase tuum?
106 312 752 345 Teſtibus id magnis, ſtulte, infrmate laboras?
182 344 727 385 Tolle procul teſtes: mentula ſola piobat.
260 379 731 411 A Theod. Sangcogium, de ſia Iohann.
145 411 746 444 Si, Theodore, ætas Iohannam priſca tuliſſet,
183 445 691 477 Nullum Penelopes eſſet in orbe decus.
144 478 721 513 Nec mihi Phyllacides, nec laudaretur liſa,
179 512 677 543 Nec comes abſumpto Laodamia viro.
143 544 741 579 Occuleret tinctos generoſa Lucretia cultros,
178 579 655 613 Reijceret calidas Porcia ab ore faces.
139 613 694 646 Romaq; turrigerâ caput exornata corona
176 645 657 678 Diſceret ingenuas diſſimulare nurus.
142 679 769 712 Scilicet eſt clarus, cui per fera vulnera nomen;,
177 712 686 747 Claior at caſtus. ſed ſine cæde pudor.
355 747 605 770 De ieere & Dinâ.
142 779 748 811 Certantem vt ſiluis vidit cytherea Dianam
178 813 668 845 Subridens, cuiſus quis tibi finis? ait.
140 844 796 879 Cui Dictinna reſert; dubitas quid Cypria? curſu
174 879 755 915 Non ego Gradiuum, ſed ſequor vſque feras.
362 915 502 938 Ad Nemen
138 945 774 980 Ille ſuis iungit Nymphis te Rhenus, at arua
174 980 688 1013 Barbara quis, Neme, te genuiſſe putet?
138 1011 776 1046 Tuſcam ego te potius, vates quæ vincis Etruſcos
174 1046 746 1079 Dulcibus eloquijs carminibusq;, canam
138 1079 749 1108 Sed Latium ſileat, ſileat iam Giæcia tota,
167 1112 675 1141 Et cedant Tuſci; tu noua Muſa venis.
381 1148 525 1170 Ad oudem.
136 1177 882 1213 Non mih quodmittam, Neme, noua carmina, debes,
825 1212 952 1246 Toll-
