<?xml version="1.0" encoding="UTF-8" standalone="no"?><PcGts xmlns="http://schema.primaresearch.org/PAGE/gts/pagecontent/2019-07-15" xmlns:xsi="http://www.w3.org/2001/XMLSchema-instance" xsi:schemaLocation="http://schema.primaresearch.org/PAGE/gts/pagecontent/2019-07-15 http://schema.primaresearch.org/PAGE/gts/pagecontent/2019-07-15/pagecontent.xsd"><Metadata><Creator/><Created>2022-04-11T08:45:35</Created><LastChange>1970-01-01T00:00:00</LastChange><Comments/></Metadata><Page imageFilename="0276.png" imageHeight="1329" imageWidth="955"><TextRegion id="r1" orientation="0.0" type="paragraph"><Coords points="1,1 953,1 953,1327 1,1327"/><TextLine id="l1"><Coords points="317,2 317,28 734,28 734,2"/><TextEquiv><Unicode/></TextEquiv><TextEquiv index="1"><Unicode>IO.FRANCISC</Unicode></TextEquiv></TextLine><TextLine id="l2"><Coords points="353,45 353,80 606,80 606,45"/><TextEquiv><Unicode/></TextEquiv><TextEquiv index="1"><Unicode>Ad Laurent. Tbm.</Unicode></TextEquiv></TextLine><TextLine id="l3"><Coords points="770,80 756,78 589,78 457,80 146,78 146,111 770,111"/><TextEquiv><Unicode/></TextEquiv><TextEquiv index="1"><Unicode>Soluere ſi noſtrum poiſet Siluaius amorem,</Unicode></TextEquiv></TextLine><TextLine id="l4"><Coords points="685,113 673,112 539,112 489,114 182,113 182,144 685,144"/><TextEquiv><Unicode/></TextEquiv><TextEquiv index="1"><Unicode>Nil intentatum linqueet ille, Tuba.</Unicode></TextEquiv></TextLine><TextLine id="l5"><Coords points="708,177 708,144 281,148 195,148 146,146 146,178 661,178"/><TextEquiv><Unicode/></TextEquiv><TextEquiv index="1"><Unicode>Soluere tardipedis itias ſed vincula poſſit,</Unicode></TextEquiv></TextLine><TextLine id="l6"><Coords points="309,219 319,213 346,212 554,212 564,217 804,217 804,179 432,179 363,181 215,180 182,181 182,220 274,220"/><TextEquiv><Unicode/></TextEquiv><TextEquiv index="1"><Unicode>Qieis Venerem vin:it, Ihreiciuuq; Deum</Unicode></TextEquiv></TextLine><TextLine id="l7"><Coords points="344,214 344,241 504,241 504,214"/><TextEquiv><Unicode/></TextEquiv><TextEquiv index="1"><Unicode>In aclu m.</Unicode></TextEquiv></TextLine><TextLine id="l8"><Coords points="145,245 145,275 811,275 811,245"/><TextEquiv><Unicode/></TextEquiv><TextEquiv index="1"><Unicode>Cum tua te ſacies. &amp; Hebræum nomina clament,.</Unicode></TextEquiv></TextLine><TextLine id="l9"><Coords points="752,310 752,280 181,281 181,311 192,312 621,312"/><TextEquiv><Unicode/></TextEquiv><TextEquiv index="1"><Unicode>Cui genus itendis. Saule, negase tuum?</Unicode></TextEquiv></TextLine><TextLine id="l10"><Coords points="690,343 752,344 752,312 386,313 301,315 225,315 191,312 106,312 106,345 636,345"/><TextEquiv><Unicode/></TextEquiv><TextEquiv index="1"><Unicode>Teſtibus id magnis, ſtulte, infrmate laboras?</Unicode></TextEquiv></TextLine><TextLine id="l11"><Coords points="235,383 282,383 289,378 329,377 366,377 373,380 554,380 727,378 727,344 636,346 345,348 242,348 225,346 182,346 182,385 205,385"/><TextEquiv><Unicode/></TextEquiv><TextEquiv index="1"><Unicode>Tolle procul teſtes: mentula ſola piobat.</Unicode></TextEquiv></TextLine><TextLine id="l12"><Coords points="731,410 731,379 554,381 391,380 373,381 369,379 289,379 282,384 260,384 260,411 641,411"/><TextEquiv><Unicode/></TextEquiv><TextEquiv index="1"><Unicode>A Theod. Sangcogium, de ſia Iohann.</Unicode></TextEquiv></TextLine><TextLine id="l13"><Coords points="746,411 489,413 480,417 443,417 433,413 236,414 208,411 145,411 145,444 746,444"/><TextEquiv><Unicode/></TextEquiv><TextEquiv index="1"><Unicode>Si, Theodore, ætas Iohannam priſca tuliſſet,</Unicode></TextEquiv></TextLine><TextLine id="l14"><Coords points="691,446 460,445 396,447 278,446 183,447 183,477 691,477"/><TextEquiv><Unicode/></TextEquiv><TextEquiv index="1"><Unicode>Nullum Penelopes eſſet in orbe decus.</Unicode></TextEquiv></TextLine><TextLine id="l15"><Coords points="721,481 709,481 705,479 692,478 548,480 322,479 175,480 144,478 144,512 311,513 519,511 721,513"/><TextEquiv><Unicode/></TextEquiv><TextEquiv index="1"><Unicode>Nec mihi Phyllacides, nec laudaretur liſa,</Unicode></TextEquiv></TextLine><TextLine id="l16"><Coords points="677,513 477,512 311,514 179,513 179,543 677,543"/><TextEquiv><Unicode/></TextEquiv><TextEquiv index="1"><Unicode>Nec comes abſumpto Laodamia viro.</Unicode></TextEquiv></TextLine><TextLine id="l17"><Coords points="143,544 143,579 741,579 741,544"/><TextEquiv><Unicode/></TextEquiv><TextEquiv index="1"><Unicode>Occuleret tinctos generoſa Lucretia cultros,</Unicode></TextEquiv></TextLine><TextLine id="l18"><Coords points="655,612 655,580 341,581 178,579 178,612 283,613"/><TextEquiv><Unicode/></TextEquiv><TextEquiv index="1"><Unicode>Reijceret calidas Porcia ab ore faces.</Unicode></TextEquiv></TextLine><TextLine id="l19"><Coords points="694,613 139,613 139,644 175,643 221,646 694,646"/><TextEquiv><Unicode/></TextEquiv><TextEquiv index="1"><Unicode>Romaq; turrigerâ caput exornata corona</Unicode></TextEquiv></TextLine><TextLine id="l20"><Coords points="657,647 445,646 221,647 176,645 176,678 657,678"/><TextEquiv><Unicode/></TextEquiv><TextEquiv index="1"><Unicode>Diſceret ingenuas diſſimulare nurus.</Unicode></TextEquiv></TextLine><TextLine id="l21"><Coords points="769,679 391,681 142,679 142,712 769,712"/><TextEquiv><Unicode/></TextEquiv><TextEquiv index="1"><Unicode>Scilicet eſt clarus, cui per fera vulnera nomen;,</Unicode></TextEquiv></TextLine><TextLine id="l22"><Coords points="686,713 432,712 362,714 194,713 187,717 177,717 177,747 299,747 302,745 315,744 357,744 390,746 539,745 581,747 686,747"/><TextEquiv><Unicode/></TextEquiv><TextEquiv index="1"><Unicode>Claior at caſtus. ſed ſine cæde pudor.</Unicode></TextEquiv></TextLine><TextLine id="l23"><Coords points="605,748 355,747 355,770 605,770"/><TextEquiv><Unicode/></TextEquiv><TextEquiv index="1"><Unicode>De ieere &amp; Dinâ.</Unicode></TextEquiv></TextLine><TextLine id="l24"><Coords points="748,781 734,779 142,779 142,811 748,811"/><TextEquiv><Unicode/></TextEquiv><TextEquiv index="1"><Unicode>Certantem vt ſiluis vidit cytherea Dianam</Unicode></TextEquiv></TextLine><TextLine id="l25"><Coords points="668,813 178,813 178,844 668,845"/><TextEquiv><Unicode/></TextEquiv><TextEquiv index="1"><Unicode>Subridens, cuiſus quis tibi finis? ait.</Unicode></TextEquiv></TextLine><TextLine id="l26"><Coords points="796,844 720,844 713,846 574,845 550,847 340,846 286,847 218,845 140,845 140,878 796,879"/><TextEquiv><Unicode/></TextEquiv><TextEquiv index="1"><Unicode>Cui Dictinna reſert; dubitas quid Cypria? curſu</Unicode></TextEquiv></TextLine><TextLine id="l27"><Coords points="755,880 308,879 222,881 174,880 174,915 347,915 353,912 365,911 515,913 552,915 755,915"/><TextEquiv><Unicode/></TextEquiv><TextEquiv index="1"><Unicode>Non ego Gradiuum, ſed ſequor vſque feras.</Unicode></TextEquiv></TextLine><TextLine id="l28"><Coords points="362,915 362,938 502,938 502,915"/><TextEquiv><Unicode/></TextEquiv><TextEquiv index="1"><Unicode>Ad Nemen</Unicode></TextEquiv></TextLine><TextLine id="l29"><Coords points="138,945 138,980 774,980 774,945"/><TextEquiv><Unicode/></TextEquiv><TextEquiv index="1"><Unicode>Ille ſuis iungit Nymphis te Rhenus, at arua</Unicode></TextEquiv></TextLine><TextLine id="l30"><Coords points="174,980 174,1013 688,1013 688,980"/><TextEquiv><Unicode/></TextEquiv><TextEquiv index="1"><Unicode>Barbara quis, Neme, te genuiſſe putet?</Unicode></TextEquiv></TextLine><TextLine id="l31"><Coords points="776,1011 478,1014 345,1013 205,1014 182,1011 138,1011 138,1044 222,1046 776,1046"/><TextEquiv><Unicode/></TextEquiv><TextEquiv index="1"><Unicode>Tuſcam ego te potius, vates quæ vincis Etruſcos</Unicode></TextEquiv></TextLine><TextLine id="l32"><Coords points="746,1050 721,1047 374,1046 266,1048 221,1046 174,1046 174,1077 190,1077 203,1079 746,1079"/><TextEquiv><Unicode/></TextEquiv><TextEquiv index="1"><Unicode>Dulcibus eloquijs carminibusq;, canam</Unicode></TextEquiv></TextLine><TextLine id="l33"><Coords points="749,1090 746,1086 741,1084 722,1084 715,1080 631,1079 359,1081 138,1079 138,1108 749,1108"/><TextEquiv><Unicode/></TextEquiv><TextEquiv index="1"><Unicode>Sed Latium ſileat, ſileat iam Giæcia tota,</Unicode></TextEquiv></TextLine><TextLine id="l34"><Coords points="167,1112 167,1141 675,1141 675,1112"/><TextEquiv><Unicode/></TextEquiv><TextEquiv index="1"><Unicode>Et cedant Tuſci; tu noua Muſa venis.</Unicode></TextEquiv></TextLine><TextLine id="l35"><Coords points="381,1148 381,1170 525,1170 525,1148"/><TextEquiv><Unicode/></TextEquiv><TextEquiv index="1"><Unicode>Ad oudem.</Unicode></TextEquiv></TextLine><TextLine id="l36"><Coords points="136,1177 136,1213 882,1213 882,1177"/><TextEquiv><Unicode/></TextEquiv><TextEquiv index="1"><Unicode>Non mih quodmittam, Neme, noua carmina, debes,</Unicode></TextEquiv></TextLine><TextLine id="l37"><Coords points="936,1216 935,1217 892,1217 881,1215 843,1215 840,1217 834,1214 825,1214 825,1246 936,1246"/><TextEquiv><Unicode/></TextEquiv><TextEquiv index="1"><Unicode>Toll-</Unicode></TextEquiv></TextLine><TextEquiv><Unicode/></TextEquiv></TextRegion></Page></PcGts>