1527 1405
232 1 644 36 APOSTOLII.
43 34 668 79 llere quod nomen nitar ad aſtra tuum
43 74 634 114 Quin fateor debere tibi; tua numina namq;
44 107 588 146 Me vatem faciunt & ſuper aſtra ferunt.
263 143 499 173 In Ic ri ſimulacrum.
44 175 691 214 Icare, dum tendis præceps; temnisq; parentea
43 208 662 260 Quid natis proſit, quid noceatve mones.
283 244 498 273 Ii Aſcantum M.
44 273 586 314 CHtorio non fonte ſitim ſedare iuuabat
44 307 598 341 Aſcanium, Bromio qui bene fidus erat.
44 341 553 382 Illi Threicius potius Lynceſtius amnis
43 373 616 420 Perplaeuit: titubet cernis vt ipſe pede?
179 408 619 439 De Iac. Belonâ, vxcre ſBonf. Blingeri.
44 440 600 482 Aveteri quantum diſtet Bellona Mineruâ
43 473 585 515 Neſcis? hæc era eſt; ſicta ſed illa fuit.
231 509 563 539 Ad Elonoram Auſtriacam.
44 541 658 578 Carmina ſi poſſent animi celebrare decore
44 576 560 606 Noſtra tui, & mores Eleonora tuos,
44 608 570 645 Vt finxit pultros pictura corporis artus,
44 640 694 680 Compoſitos vultus, cumq; rubore genas;
44 673 658 713 Abs te quiſq; procul Naturæ cernere poſſet
45 709 536 744 Ideæ vires, perſpicuum vel opus.
189 742 563 770 Ad Camilam, in obitum matrni.
42 774 627 818 Deſine iam charæ funus deflere parentis,
63 806 706 846 Comprime iam gemitus, mœſta Camilla, tuo
42 840 642 882 Corpus inane licet fletum claudaturin vrnà;
42 874 667 911 Crede mihi, genitrix non tamen ipſa iacet.
42 905 666 949 Nam Pietas & priſca Fides, quâ clara refulſit
87 940 737 977 Viuens; non tenebras ſentit, at vſque micat.
195 974 619 1011 Deeſſigiepictab mbroC cliuâ.
42 1006 692 1054 Quis generare manus pictoris credet Oliuæ?
46 1041 674 1078 Et tamen hæ gignunt, pingerecum cupiunt.
54 1074 670 1108 His varios natura vides? coniuncta colores
43 1106 686 1154 Miſcuit: haud ſola as tale dediſſet opus.
246 1144 610 1170 Ad M. Anon. Cottum.
56 1171 718 1218 Dum tibifulgebunt Pario de marmore tecta
806 1203 840 1227 E
