<PcGts xmlns="http://schema.primaresearch.org/PAGE/gts/pagecontent/2017-07-15" xmlns:xsi="http://www.w3.org/2001/XMLSchema-instance" xsi:schemaLocation="http://schema.primaresearch.org/PAGE/gts/pagecontent/2017-07-15 http://schema.primaresearch.org/PAGE/gts/pagecontent/2017-07-15/pagecontent.xsd"><Metadata><Creator>User123</Creator><Created>2020-04-25T21:20:15</Created><LastChange>2020-04-25T21:20:15</LastChange></Metadata><Page imageFilename="0277.png" imageHeight="1405" imageWidth="1527"><TextRegion id="r0" type="paragraph"><Coords points="1,1 1525,1 1525,1403 1,1403"/><TextLine id="r0_l001"><Coords points="232,1 232,36 644,36 644,1"/><TextEquiv index="1"><Unicode>APOSTOLII.</Unicode></TextEquiv></TextLine><TextLine id="r0_l002"><Coords points="1013,1 1013,17 1077,17 1077,1"/><TextEquiv index="1"><Unicode></Unicode></TextEquiv></TextLine><TextLine id="r0_l003"><Coords points="772,5 772,33 822,33 822,5"/><TextEquiv index="1"><Unicode></Unicode></TextEquiv></TextLine><TextLine id="r0_l004"><Coords points="907,45 916,40 983,39 983,12 902,13 897,17 897,45 903,49"/><TextEquiv index="1"><Unicode></Unicode></TextEquiv></TextLine><TextLine id="r0_l005"><Coords points="278,73 620,73 656,74 668,77 668,40 654,36 564,35 222,36 62,34 58,36 41,37 23,33 2,33 2,79 82,79"/><TextEquiv index="1"><Unicode>llere quod nomen nitar ad aſtra tuum</Unicode></TextEquiv></TextLine><TextLine id="r0_l006"><Coords points="970,42 913,42 903,50 903,56 905,61 912,67 970,67"/><TextEquiv index="1"><Unicode></Unicode></TextEquiv></TextLine><TextLine id="r0_l007"><Coords points="120,111 296,106 616,107 634,110 634,75 278,74 1,82 1,112 80,114"/><TextEquiv index="1"><Unicode>Quin fateor debere tibi; tua numina namq;</Unicode></TextEquiv></TextLine><TextLine id="r0_l008"><Coords points="982,69 919,69 911,67 902,67 896,70 896,105 899,107 982,108"/><TextEquiv index="1"><Unicode>I</Unicode></TextEquiv></TextLine><TextLine id="r0_l009"><Coords points="897,110 897,192 981,192 981,110"/><TextEquiv index="1"><Unicode></Unicode></TextEquiv></TextLine><TextLine id="r0_l010"><Coords points="588,108 296,107 120,112 49,116 47,118 46,125 43,128 37,129 37,145 66,146 198,146 205,142 228,140 555,141 563,146 588,146"/><TextEquiv index="1"><Unicode>Me vatem faciunt &amp; ſuper aſtra ferunt.</Unicode></TextEquiv></TextLine><TextLine id="r0_l011"><Coords points="1,111 1,138 36,138 36,111"/><TextEquiv index="1"><Unicode></Unicode></TextEquiv></TextLine><TextLine id="r0_l012"><Coords points="263,143 263,173 499,173 499,143"/><TextEquiv index="1"><Unicode>In Ic ri ſimulacrum.</Unicode></TextEquiv></TextLine><TextLine id="r0_l013"><Coords points="691,175 73,175 66,179 26,179 1,177 1,214 55,214 181,210 280,210 542,206 626,206 649,209 677,209 685,214 691,214"/><TextEquiv index="1"><Unicode>Icare, dum tendis præceps; temnisq; parentea</Unicode></TextEquiv></TextLine><TextLine id="r0_l014"><Coords points="971,248 981,248 981,192 898,192 898,252 963,252"/><TextEquiv index="1"><Unicode>I</Unicode></TextEquiv></TextLine><TextLine id="r0_l015"><Coords points="167,256 169,251 226,251 236,246 279,246 290,243 303,242 434,242 473,241 488,239 537,239 544,242 550,247 662,246 662,210 649,210 637,208 415,208 280,211 121,212 93,214 1,216 1,252 53,252 64,260 163,260"/><TextEquiv index="1"><Unicode>Quid natis proſit, quid noceatve mones.</Unicode></TextEquiv></TextLine><TextLine id="r0_l016"><Coords points="283,244 283,273 498,273 498,244"/><TextEquiv index="1"><Unicode>Ii Aſcantum M.</Unicode></TextEquiv></TextLine><TextLine id="r0_l017"><Coords points="1,253 1,277 41,277 41,253"/><TextEquiv index="1"><Unicode></Unicode></TextEquiv></TextLine><TextLine id="r0_l018"><Coords points="982,249 968,250 963,253 961,259 936,259 936,297 982,297"/><TextEquiv index="1"><Unicode></Unicode></TextEquiv></TextLine><TextLine id="r0_l019"><Coords points="898,258 898,299 930,299 930,258"/><TextEquiv index="1"><Unicode></Unicode></TextEquiv></TextLine><TextLine id="r0_l020"><Coords points="28,315 46,314 154,313 248,309 315,310 353,308 586,305 586,273 390,274 361,276 296,277 240,277 228,273 59,273 53,276 1,277 1,321 19,321"/><TextEquiv index="1"><Unicode>CHtorio non fonte ſitim ſedare iuuabat</Unicode></TextEquiv></TextLine><TextLine id="r0_l021"><Coords points="598,340 598,307 479,307 419,309 353,309 315,311 248,310 154,314 46,315 28,316 25,318 25,341 447,341"/><TextEquiv index="1"><Unicode>Aſcanium, Bromio qui bene fidus erat.</Unicode></TextEquiv></TextLine><TextLine id="r0_l022"><Coords points="17,381 50,382 209,379 263,376 293,377 406,374 553,373 553,341 365,342 156,347 63,346 54,353 21,352 1,353 1,393 4,393"/><TextEquiv index="1"><Unicode>Illi Threicius potius Lynceſtius amnis</Unicode></TextEquiv></TextLine><TextLine id="r0_l023"><Coords points="123,416 157,416 163,415 170,411 200,410 235,411 281,408 338,410 453,407 616,407 616,373 406,375 293,378 263,377 209,380 50,383 20,382 20,419 115,420"/><TextEquiv index="1"><Unicode>Perplaeuit: titubet cernis vt ipſe pede?</Unicode></TextEquiv></TextLine><TextLine id="r0_l024"><Coords points="937,380 937,427 981,427 981,380"/><TextEquiv index="1"><Unicode></Unicode></TextEquiv></TextLine><TextLine id="r0_l025"><Coords points="619,408 453,408 338,411 281,409 235,412 203,411 179,412 179,439 619,439"/><TextEquiv index="1"><Unicode>De Iac. Belonâ, vxcre ſBonf. Blingeri.</Unicode></TextEquiv></TextLine><TextLine id="r0_l026"><Coords points="27,486 30,484 54,482 142,481 227,477 292,477 352,474 468,474 512,472 600,473 600,440 378,440 301,444 168,447 122,447 111,441 48,442 37,449 10,450 1,456 1,487 20,487"/><TextEquiv index="1"><Unicode>Aveteri quantum diſtet Bellona Mineruâ</Unicode></TextEquiv></TextLine><TextLine id="r0_l027"><Coords points="936,434 936,469 979,469 979,434"/><TextEquiv index="1"><Unicode>I</Unicode></TextEquiv></TextLine><TextLine id="r0_l028"><Coords points="937,469 937,498 971,498 971,469"/><TextEquiv index="1"><Unicode>i</Unicode></TextEquiv></TextLine><TextLine id="r0_l029"><Coords points="215,513 231,513 257,509 373,510 484,507 585,507 585,474 512,473 468,475 352,475 331,477 227,478 142,482 54,483 30,485 27,487 20,488 1,488 1,515 204,515"/><TextEquiv index="1"><Unicode>Neſcis? hæc era eſt; ſicta ſed illa fuit.</Unicode></TextEquiv></TextLine><TextLine id="r0_l030"><Coords points="906,523 911,521 937,521 937,498 900,497 901,528"/><TextEquiv index="1"><Unicode></Unicode></TextEquiv></TextLine><TextLine id="r0_l031"><Coords points="938,498 938,522 981,522 981,498"/><TextEquiv index="1"><Unicode>it</Unicode></TextEquiv></TextLine><TextLine id="r0_l032"><Coords points="231,509 231,539 563,539 563,509"/><TextEquiv index="1"><Unicode>Ad Elonoram Auſtriacam.</Unicode></TextEquiv></TextLine><TextLine id="r0_l033"><Coords points="938,522 938,551 980,551 980,522"/><TextEquiv index="1"><Unicode></Unicode></TextEquiv></TextLine><TextLine id="r0_l034"><Coords points="1,518 1,543 48,543 48,518"/><TextEquiv index="1"><Unicode></Unicode></TextEquiv></TextLine><TextLine id="r0_l035"><Coords points="658,541 347,542 190,546 179,545 170,541 64,541 58,546 50,548 1,548 1,578 228,578 258,576 361,576 399,574 600,574 608,576 622,576 627,578 658,578"/><TextEquiv index="1"><Unicode>Carmina ſi poſſent animi celebrare decore</Unicode></TextEquiv></TextLine><TextLine id="r0_l036"><Coords points="560,576 258,577 196,580 176,579 74,581 43,582 29,584 29,606 560,606"/><TextEquiv index="1"><Unicode>Noſtra tui, &amp; mores Eleonora tuos,</Unicode></TextEquiv></TextLine><TextLine id="r0_l037"><Coords points="953,582 953,642 995,642 995,582"/><TextEquiv index="1"><Unicode></Unicode></TextEquiv></TextLine><TextLine id="r0_l038"><Coords points="334,642 426,642 570,639 570,608 361,609 135,615 33,614 22,608 1,608 1,645 265,645"/><TextEquiv index="1"><Unicode>Vt finxit pultros pictura corporis artus,</Unicode></TextEquiv></TextLine><TextLine id="r0_l039"><Coords points="694,640 546,640 500,642 334,643 265,646 198,646 173,648 76,648 69,651 66,654 19,655 19,680 184,680 215,678 305,677 325,675 546,674 567,672 668,673 680,674 688,680 694,680"/><TextEquiv index="1"><Unicode>Compoſitos vultus, cumq; rubore genas;</Unicode></TextEquiv></TextLine><TextLine id="r0_l040"><Coords points="1030,644 1022,643 1011,644 995,642 942,642 942,688 1012,689 1019,692 1030,692"/><TextEquiv index="1"><Unicode></Unicode></TextEquiv></TextLine><TextLine id="r0_l041"><Coords points="658,712 658,674 567,673 546,675 325,676 305,678 215,679 152,682 44,684 44,713 233,713 255,711 304,711 344,709 521,707 569,708 579,713 649,713"/><TextEquiv index="1"><Unicode>Abs te quiſq; procul Naturæ cernere poſſet</Unicode></TextEquiv></TextLine><TextLine id="r0_l042"><Coords points="1005,690 952,690 952,715 1005,715"/><TextEquiv index="1"><Unicode></Unicode></TextEquiv></TextLine><TextLine id="r0_l043"><Coords points="536,740 536,709 344,710 304,712 255,712 208,715 141,715 45,718 45,744 341,744"/><TextEquiv index="1"><Unicode>Ideæ vires, perſpicuum vel opus.</Unicode></TextEquiv></TextLine><TextLine id="r0_l044"><Coords points="941,716 941,752 1007,752 1007,716"/><TextEquiv index="1"><Unicode></Unicode></TextEquiv></TextLine><TextLine id="r0_l045"><Coords points="563,742 393,743 299,745 271,747 189,748 189,770 563,770"/><TextEquiv index="1"><Unicode>Ad Camilam, in obitum matrni.</Unicode></TextEquiv></TextLine><TextLine id="r0_l046"><Coords points="1006,778 1005,752 953,752 953,781 997,781"/><TextEquiv index="1"><Unicode></Unicode></TextEquiv></TextLine><TextLine id="r0_l047"><Coords points="28,818 42,818 54,816 148,815 334,809 464,808 492,806 627,806 627,774 421,774 359,777 184,781 135,781 124,776 93,774 11,774 6,779 4,787 2,788 2,823 20,823"/><TextEquiv index="1"><Unicode>Deſine iam charæ funus deflere parentis,</Unicode></TextEquiv></TextLine><TextLine id="r0_l048"><Coords points="940,809 940,781 916,782 907,780 907,810 935,811"/><TextEquiv index="1"><Unicode></Unicode></TextEquiv></TextLine><TextLine id="r0_l049"><Coords points="1003,780 997,782 943,782 943,809 945,810 1003,811"/><TextEquiv index="1"><Unicode></Unicode></TextEquiv></TextLine><TextLine id="r0_l050"><Coords points="345,842 592,839 632,839 649,840 654,843 706,844 706,806 492,807 464,809 334,810 148,816 63,817 63,846 250,846"/><TextEquiv index="1"><Unicode>Comprime iam gemitus, mœſta Camilla, tuo</Unicode></TextEquiv></TextLine><TextLine id="r0_l051"><Coords points="1053,815 1016,815 1012,819 1010,824 958,824 954,826 954,848 958,850 992,851 999,855 1053,855"/><TextEquiv index="1"><Unicode></Unicode></TextEquiv></TextLine><TextLine id="r0_l052"><Coords points="430,874 642,873 642,841 592,840 345,843 318,845 280,845 137,850 32,849 15,843 9,850 1,850 1,881 144,882"/><TextEquiv index="1"><Unicode>Corpus inane licet fletum claudaturin vrnà;</Unicode></TextEquiv></TextLine><TextLine id="r0_l053"><Coords points="1000,877 1000,857 997,854 992,852 963,852 953,848 941,848 941,874 945,878 950,880 994,880"/><TextEquiv index="1"><Unicode></Unicode></TextEquiv></TextLine><TextLine id="r0_l054"><Coords points="325,909 586,906 638,903 667,904 667,874 430,875 101,884 1,882 1,909 22,909 37,911 293,911"/><TextEquiv index="1"><Unicode>Crede mihi, genitrix non tamen ipſa iacet.</Unicode></TextEquiv></TextLine><TextLine id="r0_l055"><Coords points="31,950 50,948 131,949 361,942 666,939 666,905 615,905 586,907 526,908 448,908 402,910 325,910 293,912 260,912 241,914 191,914 156,916 53,915 44,914 36,911 1,910 1,959 22,959"/><TextEquiv index="1"><Unicode>Nam Pietas &amp; priſca Fides, quâ clara refulſit</Unicode></TextEquiv></TextLine><TextLine id="r0_l056"><Coords points="996,909 951,908 950,909 950,944 996,944"/><TextEquiv index="1"><Unicode></Unicode></TextEquiv></TextLine><TextLine id="r0_l057"><Coords points="737,940 482,941 428,943 318,944 191,949 87,950 87,977 394,977 425,975 489,975 499,973 642,974 649,977 737,977"/><TextEquiv index="1"><Unicode>Viuens; non tenebras ſentit, at vſque micat.</Unicode></TextEquiv></TextLine><TextLine id="r0_l058"><Coords points="1024,1001 1023,950 1018,948 975,950 917,949 917,1004 1018,1004"/><TextEquiv index="1"><Unicode></Unicode></TextEquiv></TextLine><TextLine id="r0_l059"><Coords points="397,1008 619,1005 619,975 499,974 489,976 425,976 353,979 195,981 195,1011 307,1011"/><TextEquiv index="1"><Unicode>Deeſſigiepictab mbroC cliuâ.</Unicode></TextEquiv></TextLine><TextLine id="r0_l060"><Coords points="52,1052 71,1052 77,1049 103,1048 178,1048 339,1043 676,1038 692,1034 692,1006 569,1006 521,1008 308,1011 295,1012 289,1015 275,1016 197,1015 136,1016 125,1009 17,1007 17,1054 49,1054"/><TextEquiv index="1"><Unicode>Quis generare manus pictoris credet Oliuæ?</Unicode></TextEquiv></TextLine><TextLine id="r0_l061"><Coords points="1014,1064 1014,1010 1009,1008 917,1009 917,1066 1009,1066"/><TextEquiv index="1"><Unicode></Unicode></TextEquiv></TextLine><TextLine id="r0_l062"><Coords points="354,1076 435,1076 464,1074 553,1072 674,1072 674,1041 523,1041 404,1044 339,1044 178,1049 103,1049 77,1050 71,1053 52,1053 46,1057 46,1078 325,1078"/><TextEquiv index="1"><Unicode>Et tamen hæ gignunt, pingerecum cupiunt.</Unicode></TextEquiv></TextLine><TextLine id="r0_l063"><Coords points="522,1105 670,1105 670,1074 497,1074 435,1077 354,1077 301,1080 226,1080 155,1082 54,1080 54,1108 457,1108"/><TextEquiv index="1"><Unicode>His varios natura vides? coniuncta colores</Unicode></TextEquiv></TextLine><TextLine id="r0_l064"><Coords points="928,1105 954,1104 1011,1104 1029,1106 1029,1069 1007,1068 922,1070 922,1107 925,1107"/><TextEquiv index="1"><Unicode>I</Unicode></TextEquiv></TextLine><TextLine id="r0_l065"><Coords points="957,1158 1002,1158 1002,1105 928,1106 922,1109 921,1160 935,1160"/><TextEquiv index="1"><Unicode></Unicode></TextEquiv></TextLine><TextLine id="r0_l066"><Coords points="205,1153 212,1152 221,1148 244,1148 270,1145 301,1145 316,1143 423,1143 456,1142 472,1140 598,1139 609,1140 617,1144 684,1144 686,1143 686,1106 522,1106 395,1111 331,1111 292,1113 107,1113 43,1115 43,1154 161,1154"/><TextEquiv index="1"><Unicode>Miſcuit: haud ſola as tale dediſſet opus.</Unicode></TextEquiv></TextLine><TextLine id="r0_l067"><Coords points="246,1144 246,1170 610,1170 610,1144"/><TextEquiv index="1"><Unicode>Ad M. Anon. Cottum.</Unicode></TextEquiv></TextLine><TextLine id="r0_l068"><Coords points="795,1159 795,1178 848,1178 848,1159"/><TextEquiv index="1"><Unicode></Unicode></TextEquiv></TextLine><TextLine id="r0_l069"><Coords points="472,1215 498,1215 504,1209 511,1206 541,1206 549,1211 563,1213 642,1212 652,1206 688,1205 703,1205 714,1211 718,1211 718,1171 511,1172 449,1174 413,1177 329,1177 300,1179 221,1178 211,1173 111,1174 56,1171 56,1218 428,1218"/><TextEquiv index="1"><Unicode>Dum tibifulgebunt Pario de marmore tecta</Unicode></TextEquiv></TextLine><TextLine id="r0_l070"><Coords points="806,1203 806,1227 840,1227 840,1203"/><TextEquiv index="1"><Unicode>E</Unicode></TextEquiv></TextLine><TextLine id="r0_l071"><Coords points="570,1208 570,1241 640,1241 640,1208"/><TextEquiv index="1"><Unicode>C</Unicode></TextEquiv></TextLine><TextLine id="r0_l072"><Coords points="928,1206 928,1246 1013,1246 1013,1206"/><TextEquiv index="1"><Unicode>I</Unicode></TextEquiv></TextLine><TextLine id="r0_l073"><Coords points="905,1246 905,1276 1024,1276 1024,1246"/><TextEquiv index="1"><Unicode></Unicode></TextEquiv></TextLine><TextLine id="r0_l074"><Coords points="828,1247 828,1288 905,1288 905,1247"/><TextEquiv index="1"><Unicode></Unicode></TextEquiv></TextLine></TextRegion></Page></PcGts>