950 1336
331 10 734 45 IO.FRANCISCI
163 63 805 97 Et Cererem & Dacchum iugera culta dabunt;
152 97 704 129 Ouiſque tuus fieri cupiet præcarus amicus,
185 130 717 163 Atque fiequens viſer limina, Cotte, tua.
146 162 712 196 Sed ſi menſa breuis fuerit, ſi curta fupellex,
186 196 695 227 Credemihi, ſolus tunc ego amicus ero.
151 228 790 262 Eiber & alma Ceres non me hac vrnxere caenà;
185 262 718 294 Sed Virtutis amor pectora vincta tenet.
343 295 640 329 De eorgio Pipæ Ticinenſi
148 328 779 361 Permeſſi, iuuenes, ripam quid quæritis? illam
185 361 642 395 Iam Muſæ & Clarius deſeruere diu.
146 393 719 427 Ticiniq; colnt ripam: properate, parantur
187 428 646 463 Nam veſtris illic laurea ſerta comis.
371 464 570 486 Antono Ferrario.
153 494 738 528 St licet à ferro nomen tibi, non tamen ipſe
187 528 677 562 Iudice me, Antoni, ferreus eſſe potes
149 562 722 594 Ingenium, mresq; tui, pietasq;, videsne
188 595 638 629 Vt patriæ referant aurea ſecla tuæ?
350 628 624 652 De Lucre i drrtoo
148 661 752 696 Quid deceat matres, docuit Lucretia cultro,
189 695 760 732 Quidq; viros, Brutus tela cruenta ferens.
319 730 685 761 Mons ferax ad Ducem Serenis.
155 759 805 792 Cm procul hinc fraudes, cædes, incendia, furta,
172 794 728 828 Et nec ſint homines iam ſine lege truces:
153 827 809 859 Cur ſluat hinc nectar, hinc lac, hinc roſcida mella,
189 860 732 894 Mene rogas ? cur vel ſit mihi tanta quies?
146 893 682 928 Hoc Aſtræa facit cœlo delapſa ſereno;
188 927 696 961 Regnat ſub formâ quæ, Gulielme, tuâ.
385 964 539 986 Ad Laurem.
149 993 800 1028 te non peramo; peream, mea Laura: ſed ehe,
189 1028 755 1066 Si peramo, cur me vis peramando mori?
292 1063 717 1094 Ad Herſiliam Comiren Valnia.
153 1094 670 1128 i euxis rurſus Ledæam pingere vellet
189 1126 669 1161 Non centenæ ipſi virginis eſſet opus:
155 1157 792 1194 Tradere tu tantum poss, erſillia, ormam
190 1188 732 1228 Cum vincas luceq le eaa.
