1523 1450
276 1 651 33 APOLoII.
44 34 686 84 Sed neque te zeuxis nec Apelles pingere poſſet,
43 75 613 110 Tantum nulla poteſt ars ſimulare decus.
270 111 464 133 De Ioh. Talian.
44 141 682 182 Tempora priſca ſuam Venercm coluere; ſed illa
91 176 675 208 Pulcra licet fuerit, mœcha pudenda fuit.
44 209 691 246 Nos Ianam colimus pro Cypride, cui Cyvpris ipſa
72 242 554 276 Forma, cui cedat caſta Diana fide.
248 279 519 305 A Nemen Draconam.
44 296 655 341 Deſine iam madidos Phœbeis pandere crines,
90 343 574 372 Deſine iam radijs, dia Dracona, tuos.
44 368 645 412 Phœbus vt ipſe tuâ vincatur luce, videsne?
56 410 631 445 t pudet, vt celeres decolor vrget equos?
291 446 461 476 In tumil:onem.
44 474 667 510 ic me contemnis quia dicor paruulus? infans
44 510 696 547 Nonne minor nobis, eſt pharetratus Amor?
263 545 516 575 Ad Gaſp. eltranum.
46 574 658 612 Sæpius eximium ſcribam cur carmina, nomen
87 609 674 644 Quæ reſonent Nemes, Gaſpar amice, togas?
49 642 794 677 Forma, decor, clarumq; genus, mens, forma, pudorq;
42 677 621 718 Me vatem faciunt, & ſuper aſtra trahunt
252 712 573 744 In obitum Magar. Valeſiæ.
42 743 698 778 Tres quondam fuerant Charites, Aglaia, Thalia,
41 778 627 810 Euphroſyne, Cypriæ numina grata Deæ.
44 810 621 838 Aurea ſed teriis iterum cum ſæcula vellet
88 844 614 878 Iupiter omnipotens reddere fote ſuis:
42 875 610 912 Margarin occiduas claram demifit in oras;
86 910 712 942 Hæc Charitum, & dixit, ſit volo magna Charisr
42 944 635 981 Quo velut in ſpeculo, cœleſtia noſcere poſit
89 978 620 1011 Numina, qui noſtros optat adite thoros.
42 1009 704 1045 Hac populis pacem reddet, regumq; potentum
91 1044 771 1078 Componet geios, magnanimumq; Ducum.
49 1077 649 1111 Edet & in terris natum, qi pignus amoris
92 1109 576 1143 Extabit noſtri, ſecula priſca ferens.
52 1141 752 1180 Dehine iterum ad Superos iuro reuotabimus ar,
51 1175 654 1218 Gemmâ baene careat regia noftra diu.
747 1205 842 1233 d
