975 1380
326 56 761 91 IO.FRANCISCI
358 110 658 134 Ad Claram Annibaldam.
163 142 730 176 Cede Minerua, Paris clamabat, cede creata
195 176 723 207 Saturno, formâ vincit vtramque enus.
159 208 734 242 At modo ſi claros ſpectaret, candida vultus
197 242 705 272 Clara, tuos; cedat, diceret ille, Venus.
385 276 597 300 De tumulo Palbi.
158 308 712 343 Atro qui Balbi tumulum carbone notauit,
195 341 750 374 Nonne putes ſacras hunc habuiſſe manus?
159 375 797 409 Non porerant equidem ſcriptis melioribus vti;
193 409 751 442 Non graphio, aut cartâ, non meliore nota.
377 442 531 473 AdRufum.
130 464 690 508 Exoptas quid, Ruffe tu.s ingentia votis
193 508 763 542 Imperia, ac vrbes, quicquid & orbis habet
158 542 721 575 Ah neſcis, quantum ſecum diadema pericli
192 575 795 608 Adferat: ah neſcis ſceptra quid alta ferant
160 607 653 640 Si ſcires, Oſſan potius te ferre iuuaret,
193 642 706 675 Vel graue Siſyphiæ voluere molis onus.
161 675 783 708 Crede mihi; ſi nota forent tibi ſceptra tyranni;
191 709 624 740 Aglai malles pauperis eſſe comes.
356 744 613 775 In largar. Valeſiam.
157 775 862 809 Dum magis atque magis tento celebrare nitorem
192 808 722 841 Occiduæ Gemmæ perſpicuumq; decus;
160 841 813 873 Me miſerum videor calathis includere Phœben.
193 874 742 908 Et face Phœbeis addere lumen equis.
156 908 761 941 Fluctibus æquoreis vndas ſuperaddere Granæ,
194 942 653 976 Sideraq; immenſi dinumerare poli.
161 974 714 1008 Cum Tuſci, Græciq; ſimul, vatesq; Latini
193 1009 747 1042 Cum Muſis, nequeant digna referre Deæ:
158 1042 731 1077 Ipſaq; laus victam fateatur ſe fore laude
194 1076 783 1108 Huius. & huic cedat quidquid in orbe micat.
158 1108 740 1140 Ergo quidfaciam? pronus ſine fine tacebo,
193 1142 853 1179 Et tantum huic animum, corq; dicabo meum-
377 1178 576 1200 Luræ tumulus.
127 1204 786 1238 Hic mea Laura iacet. fallor, non eſt mea Laura,
194 1236 804 1276 Eſt Venus, heu. iacet hic & pharetratus Amor.
823 1257 973 1320 Na
