1526 1439
216 14 589 44 APOSTOLII.
33 47 753 94 am pharetra atque arcus ſunt hic, ſunt ſpicula cæca.
33 92 678 144 Quæ Superûm poterant figere corda Deûm.
208 126 475 156 Animus ſpectatur.
33 158 724 201 Iupiter omnipotens animum, non munera, ſpectat;
32 191 675 238 Cum Craſſum ſuperet ſæpius Irus egens.
285 227 404 249 De Neme.
33 246 688 292 Cum numeros Nemes audiret Cynthius, inqut,
62 291 629 325 Vnde meo decima eſt addita Muſa choro?
33 319 746 360 Tum mores, geniumq; videns, frontemq; ſerenam;
56 358 675 392 Vnde ſoror, clamat, Cynthia noſtra venit?
194 392 569 423 In obitum lſargar. Valeſia.
33 422 676 465 Margaridos mortem vates non carmine deflent;
61 525 688 559 Quod ſecum abſtulerit, dum ſuper aſtra volat:
33 557 661 594 Dumq; polum radijs luſtrat, mœſtiſſima tellus
74 591 514 624 Perpetuo tali ſit caritura Deâ.
235 626 541 657 Ad Laurent. Tubam.
32 653 636 686 Diuitiæ cùm ſint irritamenta malorum,
33 691 636 725 Cm ſecum referant multa pericla, Tuba;
33 725 672 758 Cur tamen à cunctis optantur? curve petuntur,
53 756 736 796 Cur retinent pr mum ſemper in orbe locumt
238 792 540 824 De Magar. Valeſiâ.
11 823 577 858 Margaris vt primùm Valeſia venit in oras
70 857 662 891 Cælicolum Superis eſtq; recepta choris;
28 892 572 925 Iupiter & Pallas, Iuno, Diana, Venusq;
49 924 571 958 Dijq; omnes, omnes obſtupuere Deæ.
2 958 713 997 Vtq; erat attonitus Titan; nil pulcrius, inqtit.
22 991 626 1025 Terra habuit, Stygiæ flumina teſtor aquæ.
24 1022 812 1059 Hæc decus, hæc formam ſecum, ſanctumq; pudorem
66 1057 622 1091 Abſtulit, hæc ſancti quidquid in orbe fuit.
216 1092 569 1122 Ad Gabr. Monſericeum.
1 1121 660 1161 Me ſolum tredis, cum ſolus ſæpius errem
59 1156 535 1190 Et fugiam tritas, Monſerieine vias?
20 1188 708 1232 Falleris ah, ſolus tuuc ſum, cuu forte coron
696 1215 851 1255 e
