944 1331
328 29 736 58 I.PRANCISCI
186 70 693 103 Me cingit vulgus, turba prorerua, rudi
155 103 773 136 Nunc videor ſolus: led me properante, caterua
187 136 770 172 Theſpiadum lequitur, Cnthius itq; comes.
379 173 611 195 In daxi um.
151 201 721 234 Ignotus fueras cum nobis, Maxime, certe
184 235 770 273 Te fore ciedidimus non ſine mente virum.
145 269 794 304 At notus magis atque magis cum forre fuiſti,
173 299 657 333 Is viſus minimus; iſus es imo nihil.
347 339 686 370 In Margaiet. Valſie o ium.
147 368 775 405 Quæ nituit terris ceu Phœe Margaiis; en nunc
179 401 596 433 Emicat excello ſuſpicienua ſolo.
403 440 530 461 I eu ide.
147 467 812 507 Sol oriens, cœlo vr vidit ſplendeſeere Gemmam,
178 502 723 538 Ouæ noua ſtella refeit, nocte dieq; micat?
391 538 574 561 Ad ſem entem.
141 565 860 606 Tam breuibus ſpacijs hominum conſtringitur æuum,
173 601 655 636 Herba ſit vt fugiens ſoſtitialis homo.
141 634 808 666 Cur tamen, Clemens turres, cur mœnia condis?
170 668 670 705 Mœnia perparuo tempore danda ſolo.
375 705 560 727 De.
137 734 786 771 Cur tot Cæſaribus, tot Tarquinijsq; redundem
171 766 712 804 Mene rogas? Brutos non mea terra parit.
334 803 633 831 Ad Stet hnum Guatium.
134 831 642 870 Aras, Guati, ſi ſæcula priſca dicarunt
166 865 579 901 Threicio vati, falciferoq; ſeni;
135 899 728 939 Degere quod populus vnà docuere, per agros
164 933 645 968 Errabant paſſim qui ſine lege truces:
132 964 777 1005 Nonne erit ingratum ſeclum hoc, ni dedicet aras
162 999 741 1037 Nunc tibi, qui populos iusq; piumq; doces?
341 1036 597 1062 De Phœbo & Vulcano.
130 1064 750 1099 Cyclopum viſens Vulcanum Phœbus in antris,
162 1097 678 1137 Tine paras, inquit, fulmina ſæua Ioui?
129 1126 677 1167 Imſidias, laqueosq; para; galeatus adulter
163 1161 743 1201 Coniugis en iterum candida membra fouet.
129 1191 819 1242 lcibes at conra quis Phœe parabo,
836 1238 942 1271 a
