1523 1433
257 1 565 23 APOSTO.LII.
903 30 968 58 t
1 38 532 81 Retia ſi chalybis non timuere mea?
230 72 533 106 Ad Labaram. Valdembr.
1 106 652 146 Barbara qui poſuit nomen tibi, barbarus ille
897 100 978 136 i
897 136 970 164 EH
1 139 531 171 Crediâ barbar:eq; ſatus:
899 160 976 208 i
1 165 607 214 Atque ilii immanes admorunt vbera tigres,
897 200 978 240 Ijt
65 205 638 239 Sus, ſerpens, vulpes, ſæuaq; dente lupa.
1 225 626 279 Barbara, duima es, cœleſti nomine dignaa
898 237 954 259 E
1 271 583 304 Et digna amplexu, baſiolisq; Iouis.
232 306 427 337 Ad Annam.
899 313 977 360 I
10 337 643 373 Es formoſa nimis, nimis es pulcherrima virgo,
40 373 651 405 Quis negat? nemo tetamen, Anna, rogat.
899 367 1001 405 Il
1 404 614 437 Duritien iacias cordis, ſiontemq; ſeueram,
1 437 635 472 Atque pudicitiam, cumq; pudore fidem.
1 471 734 505 Et pharetram; atque arcus fiegiſſe Cupidinis inquis,
30 503 562 537 Ignotumq; tibi quid ſit Amoris opus:
28 534 666 570 Velleq; te potius profciſci Acherontis ad vndas,
64 570 647 602 Iuras, quàm cupidus noſcere quid ſit amans.
27 602 697 639 Vis fatear modo vera tibi? ſunt verba precantis.
3 636 697 675 Hæc tua. iam noui, quid, mea cauta, roges.
151 670 614 693 Ad Ioannem Vincertium Stanchum.
24 702 706 735 Si donantem animum, non munera cernere par ef,
61 735 591 766 Et pretio melior mens bona ſemper erit.
912 736 970 766 l
25 768 620 801 Non pyra ſed certi mitto tibi pignus Amoris;
63 801 692 834 Oo te proſequimur, magnificamq; domum
26 834 671 867 Corus vt humani refrunt Pyianoſtra figuram,
914 848 1004 897 I
10 867 640 895 Sic etiam noſtrum cor tibi, Stanche, ferunt.
21 900 712 942 Accipe noſtcum ergo pariter cor, & pra noſtra;
7 934 637 967 Cumq; tuus totus ſim, meus eſſe velis.
210 966 517 997 Ad Victoriam abam.
918 980 1030 1025 u
23 999 663 1034 Et Cypriam carpſit Momus, Victoria, diuam
918 1024 1008 1048 qI5
65 1033 555 1065 Scommate tum Pallas dilaniata, fuit.
27 1065 717 1097 ed quod nec Veneri fas eſt, nec mille Deabus
6 1098 634 1133 Nil, quod te poſſit carpere, Momus habet.
283 1135 428 1158 Ad Lælium.
1 1163 717 1204 Cum careas opibus, cum ſit tibi curta ſupellex
720 1202 805 1234 Nu
