1514 1431
272 8 620 33 APOSTO
317 53 450 84 In yrim.
33 83 570 120 Orator bellus cum ſis, & bellus amator,
33 119 625 152 Cum tibi ſit primus ſemper in arce locus:
33 151 645 189 Cum ſis ſcurra vagus, cum ſis delator in aula:
33 185 618 220 Demiror loculos, Byrſa, vacare tuos.
271 219 405 253 De Dalbo.
36 242 666 285 Cur magnos habitet monteis meus vrbe relicta
32 286 561 321 Balbus, mene rogas? altius ire cupit.
289 322 431 345 In Paulum.
42 346 729 387 Quid facis, ah demens, quid me vis perdere technis,
77 387 592 419 Cum te plus natis luminibusq; colam?
36 419 665 453 Bis vitam effundis commiſto ſanguine, bis te
33 453 483 487 Oecidis gladio neſcius ipſe tuo.
33 480 691 520 Incaſſum ſcelerare manus iam parce, quid inſtas?
33 520 666 555 Non tua tela mihi ſed tibi, Paule, nocent.
212 665 517 702 Imitatio Arioſti.
23 701 560 770 VLCES lacrymulæ meæ puellæ,
92 741 531 774 Quas deſiderium pium mouebat,
35 774 525 809 Quæ vultus modo candidos rigabant
34 807 527 840 Guttatim, & roſeis genis fluebant,
25 842 456 875 Ac ſi riuulus irrigaret vnda
30 874 457 909 Flores purpureosq; candidosq;,
31 908 482 941 Ac per mollia prara laberetur:
33 941 502 975 Tam ſuaui in puuiâ nitens Cupido
31 975 399 1008 Inſidebat, vti ſolet volucris
31 1008 497 1040 Ramo vere nouo ad noos tepores
34 1041 526 1074 Poſt ſolem accipere ætheris liquores,
38 1073 486 1104 Geſtire & pluuiæ ore blandiendo.
38 1106 583 1142 Has inter lacrymas & hunc dolorem
30 1139 529 1182 Quaſſabat geminas faces Cupido,
24 1172 485 1207 Exire vt faceret nouas fauil.
740 1215 819 1243 Ad
