998 1346
303 21 795 65 sNICOLAIARCI.
351 74 557 110 Ad ſuos oculos.
170 100 699 151 Quid tot procaces lacrymis ſinus fruſtra
179 136 659 182 Rigatis oculi? quid cruore manatis?
169 164 764 212 Hoc eſt, quod inquiunt ſapere Phrygas ſerò.
154 202 734 246 Tum.lacrymari, tum dolere oportebat,
182 234 709 277 Cum vos, ſceleſti, meq; perditum iretis.
183 268 699 317 Quoties rogaui, dicite, quoties ſupplex
154 304 695 343 Pe me obſecraui, per measq; fortunas
183 337 643 380 Vr hæe roſetis æqua labra Pæſtanis,
181 370 660 413 Vultumq; cerni lubricum caueretis?
154 401 710 443 Nil me, ſceleſti, miſeret aur piget veſtri:
184 435 688 475 Cordis dolet ſolius: quod modis miris
185 469 723 510 Pœnas furoris innocuum luit veſtri.
372 508 510 541 Pedibus ſuis.
187 537 654 579 Amabo, quo me laſſuli pedes fertis,
187 572 692 609 Vix ſuſtinentes ſemimortuum corpus?
187 604 711 645 An ad cruentum limen, ad fores illas,
188 637 723 675 Vbi haue miſelli pæne liquimus vitam?
190 667 778 716 Quid, ah, quid vltro conuolatis ad mortem?
189 700 815 755 Qud ſponte in acres ponitis manum flammas
192 737 729 779 Ni vos ſed olim viderit ſator dium
192 772 612 811 To: ciulatus lacrymasq? pertæſi.
190 803 718 847 Vtunque tantis quæritis malis finem
333 839 682 871 Tumulo M. Antonij Turriani.
183 868 809 914 Ante annos ſciuiſſe nocet: nam maxima virts
227 904 730 941 Perſuaſit Morti, crederet eſſe ſenem.
405 1025 758 1059 NEAPOITANI.
460 1064 737 1097 Victoria Naupactiaca.
172 1097 856 1177 V Diuos celebras, & fortia faſta virorum
265 1130 843 1175 Dulcibus exotnas numeris, æternaq; reddis,
201 1164 789 1201 Muſa Iouis ſummi ſoboles pulcherrima Clio
198 1197 776 1243 Lætitiâ ccor in tantâ, qu maximus Orbis
880 1222 996 1263 erta-
