<PcGts xmlns="http://schema.primaresearch.org/PAGE/gts/pagecontent/2017-07-15" xmlns:xsi="http://www.w3.org/2001/XMLSchema-instance" xsi:schemaLocation="http://schema.primaresearch.org/PAGE/gts/pagecontent/2017-07-15 http://schema.primaresearch.org/PAGE/gts/pagecontent/2017-07-15/pagecontent.xsd"><Metadata><Creator>User123</Creator><Created>2020-04-25T21:20:17</Created><LastChange>2020-04-25T21:20:17</LastChange></Metadata><Page imageFilename="0287.png" imageHeight="1445" imageWidth="1520"><TextRegion id="r0" type="paragraph"><Coords points="1,1 1518,1 1518,1443 1,1443"/><TextLine id="r0_l001"><Coords points="840,16 769,15 757,14 753,10 101,10 101,48 113,49 253,48 504,50 712,55 724,60 840,60"/><TextEquiv index="1"><Unicode>IO. BPTISTARCVTII. 2</Unicode></TextEquiv></TextLine><TextLine id="r0_l002"><Coords points="5,9 5,37 47,37 47,9"/><TextEquiv index="1"><Unicode></Unicode></TextEquiv></TextLine><TextLine id="r0_l003"><Coords points="651,54 554,52 54,52 48,55 39,56 6,57 6,86 47,88 588,87 652,90"/><TextEquiv index="1"><Unicode>Terrarum late, ac ſeptem cum collibus alma</Unicode></TextEquiv></TextLine><TextLine id="r0_l004"><Coords points="710,92 669,92 588,88 47,89 4,86 4,126 8,124 17,124 23,121 134,122 269,119 582,120 665,123 681,124 685,126 710,126"/><TextEquiv index="1"><Unicode>Iprimis Roma exultat, domus inclyta Diuûm</Unicode></TextEquiv></TextLine><TextLine id="r0_l005"><Coords points="46,154 139,155 291,153 603,154 664,156 664,124 582,121 210,121 134,123 23,122 17,125 8,125 3,127 3,156 36,157"/><TextEquiv index="1"><Unicode>Pro.clade ingenti Turcarum, &amp; claſſe ſubacta,</Unicode></TextEquiv></TextLine><TextLine id="r0_l006"><Coords points="689,159 652,156 291,154 139,156 46,155 28,159 19,158 13,159 3,157 3,187 351,188 451,186 569,188 689,188"/><TextEquiv index="1"><Unicode>Ionio in magno; rurſus cape condita plectra.</Unicode></TextEquiv></TextLine><TextLine id="r0_l007"><Coords points="916,150 916,250 971,250 971,150"/><TextEquiv index="1"><Unicode></Unicode></TextEquiv></TextLine><TextLine id="r0_l008"><Coords points="774,191 759,191 754,188 717,188 707,191 568,188 3,188 3,223 30,221 477,220 640,221 664,223 774,226"/><TextEquiv index="1"><Unicode>Nam quamquam nullo doctorum carmina vatum</Unicode></TextEquiv></TextLine><TextLine id="r0_l009"><Coords points="735,226 726,225 691,225 640,222 477,221 30,222 16,224 1,224 1,253 21,252 115,255 735,255"/><TextEquiv index="1"><Unicode>Sunt hodien pretio, nec habent ſua præmia Muſæ;</Unicode></TextEquiv></TextLine><TextLine id="r0_l010"><Coords points="646,256 144,255 115,256 63,254 2,254 2,281 8,281 13,284 22,286 646,287"/><TextEquiv index="1"><Unicode>?Non ingrata tamen fuerit ceciniſſe voluptas,</Unicode></TextEquiv></TextLine><TextLine id="r0_l011"><Coords points="905,272 905,355 938,355 938,272"/><TextEquiv index="1"><Unicode></Unicode></TextEquiv></TextLine><TextLine id="r0_l012"><Coords points="938,251 938,351 977,351 977,251"/><TextEquiv index="1"><Unicode></Unicode></TextEquiv></TextLine><TextLine id="r0_l013"><Coords points="666,290 657,289 51,288 51,319 666,319"/><TextEquiv index="1"><Unicode>Et claram Europæ famam extendiſſe per vrbes.</Unicode></TextEquiv></TextLine><TextLine id="r0_l014"><Coords points="736,320 727,320 723,322 154,323 1,320 1,354 736,354"/><TextEquiv index="1"><Unicode>Ergo age Diua mihi memores ab origine prima</Unicode></TextEquiv></TextLine><TextLine id="r0_l015"><Coords points="637,355 280,354 139,357 51,356 51,388 637,388"/><TextEquiv index="1"><Unicode>Quis tanta intulerit Turcarum funera genti.</Unicode></TextEquiv></TextLine><TextLine id="r0_l016"><Coords points="658,389 161,388 47,390 47,419 658,419"/><TextEquiv index="1"><Unicode>Ponto.Aſiæ in medio ſedet inſula ſacra Diones</Unicode></TextEquiv></TextLine><TextLine id="r0_l017"><Coords points="590,422 231,421 139,423 45,422 45,454 590,454"/><TextEquiv index="1"><Unicode>Formofæ natæ, &amp; longe gratiſſima tellus,</Unicode></TextEquiv></TextLine><TextLine id="r0_l018"><Coords points="676,451 653,451 646,455 640,456 529,454 413,456 10,455 10,487 676,488"/><TextEquiv index="1"><Unicode>Clara viris opibusq;, Cypron dixere Pelaſgi:</Unicode></TextEquiv></TextLine><TextLine id="r0_l019"><Coords points="45,489 45,520 661,520 661,489"/><TextEquiv index="1"><Unicode>Hanc Veneti patres multos tenuere per annos.</Unicode></TextEquiv></TextLine><TextLine id="r0_l020"><Coords points="647,554 647,522 221,521 135,523 26,523 19,526 16,529 1,530 1,555 161,555"/><TextEquiv index="1"><Unicode>Munere ſed vitæ Solymano &amp; dulcibus auris</Unicode></TextEquiv></TextLine><TextLine id="r0_l021"><Coords points="731,554 696,554 689,556 68,555 24,558 20,556 1,556 1,586 731,586"/><TextEquiv index="1"><Unicode>Defuncto, ſimul imperium ſceptrumq; regendum</Unicode></TextEquiv></TextLine><TextLine id="r0_l022"><Coords points="598,620 598,589 253,588 47,590 47,621 155,622"/><TextEquiv index="1"><Unicode>Sæuior accepit Selymus, dum latius optat</Unicode></TextEquiv></TextLine><TextLine id="r0_l023"><Coords points="687,616 670,616 661,621 155,623 34,622 34,655 230,655 312,653 598,653 688,655"/><TextEquiv index="1"><Unicode>Regnorum fines protendere, fœdera rumpit,</Unicode></TextEquiv></TextLine><TextLine id="r0_l024"><Coords points="754,653 701,653 696,656 598,654 312,654 146,657 46,657 1,655 1,687 754,687"/><TextEquiv index="1"><Unicode>Magnanimis quæ cum Venetis percuſſerat olim</Unicode></TextEquiv></TextLine><TextLine id="r0_l025"><Coords points="712,690 691,689 602,687 337,687 227,688 188,690 42,690 42,720 712,720"/><TextEquiv index="1"><Unicode>Armipotens genitor nullum violanda per æuum.</Unicode></TextEquiv></TextLine><TextLine id="r0_l026"><Coords points="580,721 382,720 99,723 45,721 45,752 580,752"/><TextEquiv index="1"><Unicode>Tum belli reſerat portas, &amp; claſſe paratâ</Unicode></TextEquiv></TextLine><TextLine id="r0_l027"><Coords points="904,727 904,763 987,763 987,727"/><TextEquiv index="1"><Unicode></Unicode></TextEquiv></TextLine><TextLine id="r0_l028"><Coords points="219,788 237,786 694,788 694,754 356,754 204,756 44,756 44,789 177,789"/><TextEquiv index="1"><Unicode>Quantam non vnquam noſtris audiuimus annis,</Unicode></TextEquiv></TextLine><TextLine id="r0_l029"><Coords points="904,763 904,789 956,789 956,763"/><TextEquiv index="1"><Unicode></Unicode></TextEquiv></TextLine><TextLine id="r0_l030"><Coords points="720,792 715,790 698,789 220,788 177,790 41,791 41,821 720,821"/><TextEquiv index="1"><Unicode>Impius inuadit Cyprum. iamq; oppida multa</Unicode></TextEquiv></TextLine><TextLine id="r0_l031"><Coords points="904,789 904,826 993,826 993,789"/><TextEquiv index="1"><Unicode></Unicode></TextEquiv></TextLine><TextLine id="r0_l032"><Coords points="273,853 587,853 587,821 205,821 128,823 40,823 40,855 219,855"/><TextEquiv index="1"><Unicode>Ceperat, &amp; paſſim ſpecioſas vſſerat vrbes:</Unicode></TextEquiv></TextLine><TextLine id="r0_l033"><Coords points="904,826 904,875 996,875 996,826"/><TextEquiv index="1"><Unicode></Unicode></TextEquiv></TextLine><TextLine id="r0_l034"><Coords points="715,853 465,855 273,854 219,856 138,855 96,857 33,856 33,889 119,889 246,886 551,886 647,887 657,889 715,889"/><TextEquiv index="1"><Unicode>Quum Venus huncniſerans caſum telluris amat,</Unicode></TextEquiv></TextLine><TextLine id="r0_l035"><Coords points="453,919 590,920 590,888 246,887 56,890 38,892 38,921 206,921"/><TextEquiv index="1"><Unicode>Alloquitur ſic mæſta louem: Si filia ver</Unicode></TextEquiv></TextLine><TextLine id="r0_l036"><Coords points="643,921 453,920 207,921 184,923 54,922 32,923 32,953 643,953"/><TextEquiv index="1"><Unicode>Sum tua, ſi dete verè me pulchra Dione</Unicode></TextEquiv></TextLine><TextLine id="r0_l037"><Coords points="946,951 959,949 964,939 964,919 960,915 955,913 906,913 906,952 908,952"/><TextEquiv index="1"><Unicode></Unicode></TextEquiv></TextLine><TextLine id="r0_l038"><Coords points="1015,969 1009,967 1009,945 1007,940 1003,936 966,936 960,949 954,951 875,953 875,1000 908,1000 922,1004 937,1004 939,1011 943,1016 954,1019 1015,1019"/><TextEquiv index="1"><Unicode></Unicode></TextEquiv></TextLine><TextLine id="r0_l039"><Coords points="644,985 644,954 247,954 165,956 41,956 41,986 623,986"/><TextEquiv index="1"><Unicode>Suſcepit, tua ſi venerans Rex inclyte Diuûm</Unicode></TextEquiv></TextLine><TextLine id="r0_l040"><Coords points="255,1019 661,1019 661,987 245,987 162,990 33,989 34,1021 200,1021"/><TextEquiv index="1"><Unicode>Iuſſa ſequor; cur heu pateris tu numina noſtrs</Unicode></TextEquiv></TextLine><TextLine id="r0_l041"><Coords points="965,1020 954,1020 942,1016 923,1016 921,1008 917,1003 907,1002 907,1042 925,1044 936,1057 966,1057"/><TextEquiv index="1"><Unicode></Unicode></TextEquiv></TextLine><TextLine id="r0_l042"><Coords points="593,1051 654,1052 654,1020 535,1019 473,1021 255,1020 200,1022 42,1022 42,1053 519,1053"/><TextEquiv index="1"><Unicode>Contemni? dilecta mihi tam deſpice tellus,</Unicode></TextEquiv></TextLine><TextLine id="r0_l043"><Coords points="929,1065 935,1058 932,1052 925,1045 915,1043 882,1043 882,1067 924,1067"/><TextEquiv index="1"><Unicode></Unicode></TextEquiv></TextLine><TextLine id="r0_l044"><Coords points="632,1084 632,1053 593,1052 519,1054 252,1053 45,1054 45,1084 47,1085 540,1085"/><TextEquiv index="1"><Unicode>In quà ter centum ſancte per templacolebar</Unicode></TextEquiv></TextLine><TextLine id="r0_l045"><Coords points="762,1060 762,1089 795,1089 795,1060"/><TextEquiv index="1"><Unicode></Unicode></TextEquiv></TextLine><TextLine id="r0_l046"><Coords points="908,1068 908,1108 987,1108 987,1068"/><TextEquiv index="1"><Unicode></Unicode></TextEquiv></TextLine><TextLine id="r0_l047"><Coords points="530,1117 692,1118 692,1085 541,1085 468,1087 197,1086 120,1087 37,1085 37,1118 456,1119"/><TextEquiv index="1"><Unicode>Vritur. cquidnam meruit? cur ille triumphat</Unicode></TextEquiv></TextLine><TextLine id="r0_l048"><Coords points="972,1108 909,1108 909,1147 949,1148 964,1151 972,1151"/><TextEquiv index="1"><Unicode></Unicode></TextEquiv></TextLine><TextLine id="r0_l049"><Coords points="748,1118 530,1118 456,1120 35,1119 35,1151 178,1152 248,1150 288,1152 479,1152 502,1150 634,1150 675,1152 748,1152"/><TextEquiv index="1"><Unicode>Audax, contemptor Diuumq; hominumq; tyrannus?</Unicode></TextEquiv></TextLine><TextLine id="r0_l050"><Coords points="710,1153 634,1151 502,1151 441,1154 346,1154 248,1151 178,1153 45,1152 45,1184 518,1184 558,1182 710,1184"/><TextEquiv index="1"><Unicode>Cert ego, ſi tanti ſunt numina noſtra, recedam</Unicode></TextEquiv></TextLine><TextLine id="r0_l051"><Coords points="992,1155 976,1154 963,1151 937,1151 932,1153 927,1158 924,1165 884,1165 884,1199 992,1200"/><TextEquiv index="1"><Unicode></Unicode></TextEquiv></TextLine><TextLine id="r0_l052"><Coords points="448,1222 518,1221 527,1220 536,1215 632,1216 632,1184 558,1183 409,1187 213,1184 155,1184 143,1186 44,1185 44,1224 443,1224"/><TextEquiv index="1"><Unicode>Cœlo, &amp; Tartareas habitabo ingloria ſedes.</Unicode></TextEquiv></TextLine><TextLine id="r0_l053"><Coords points="990,1260 990,1204 921,1200 874,1200 865,1206 862,1212 827,1212 793,1209 741,1207 741,1259 803,1258 814,1251 862,1251 876,1253 949,1253 961,1262 976,1262"/><TextEquiv index="1"><Unicode>r-</Unicode></TextEquiv></TextLine><TextLine id="r0_l054"><Coords points="511,1219 511,1243 609,1243 609,1219"/><TextEquiv index="1"><Unicode>R2</Unicode></TextEquiv></TextLine><TextLine id="r0_l055"><Coords points="849,1254 849,1280 905,1280 905,1254"/><TextEquiv index="1"><Unicode></Unicode></TextEquiv></TextLine><TextLine id="r0_l056"><Coords points="966,1263 966,1300 1024,1300 1024,1263"/><TextEquiv index="1"><Unicode></Unicode></TextEquiv></TextLine></TextRegion></Page></PcGts>