<?xml version="1.0" encoding="UTF-8" standalone="no"?><PcGts xmlns="http://schema.primaresearch.org/PAGE/gts/pagecontent/2019-07-15" xmlns:xsi="http://www.w3.org/2001/XMLSchema-instance" xsi:schemaLocation="http://schema.primaresearch.org/PAGE/gts/pagecontent/2019-07-15 http://schema.primaresearch.org/PAGE/gts/pagecontent/2019-07-15/pagecontent.xsd"><Metadata><Creator/><Created>2022-04-11T11:31:52</Created><LastChange>1970-01-01T00:00:00</LastChange><Comments/></Metadata><Page imageFilename="0287.png" imageHeight="1445" imageWidth="1520"><TextRegion id="r1" orientation="0.0" type="paragraph"><Coords points="1,1 1518,1 1518,1443 1,1443"/><TextLine id="l1"><Coords points="755,13 753,10 101,10 101,48 113,49 253,48 504,50 712,55 724,60 756,60"/><TextEquiv><Unicode/></TextEquiv><TextEquiv index="1"><Unicode>IO. BPTISTARCVTII. 2</Unicode></TextEquiv></TextLine><TextLine id="l2"><Coords points="651,54 554,52 61,51 61,53 52,53 48,55 42,55 42,87 47,88 588,87 652,90"/><TextEquiv><Unicode/></TextEquiv><TextEquiv index="1"><Unicode>Terrarum late, ac ſeptem cum collibus alma</Unicode></TextEquiv></TextLine><TextLine id="l3"><Coords points="710,92 669,92 588,88 47,89 42,88 42,121 134,122 269,119 582,120 665,123 681,124 685,126 710,126"/><TextEquiv><Unicode/></TextEquiv><TextEquiv index="1"><Unicode>Iprimis Roma exultat, domus inclyta Diuûm</Unicode></TextEquiv></TextLine><TextLine id="l4"><Coords points="46,154 139,155 291,153 603,154 664,156 664,124 582,121 210,121 134,123 42,122 42,155"/><TextEquiv><Unicode/></TextEquiv><TextEquiv index="1"><Unicode>Pro.clade ingenti Turcarum, &amp; claſſe ſubacta,</Unicode></TextEquiv></TextLine><TextLine id="l5"><Coords points="689,159 652,156 291,154 139,156 46,155 42,155 42,187 351,188 451,186 569,188 689,188"/><TextEquiv><Unicode/></TextEquiv><TextEquiv index="1"><Unicode>Ionio in magno; rurſus cape condita plectra.</Unicode></TextEquiv></TextLine><TextLine id="l6"><Coords points="774,191 759,191 754,188 717,188 707,191 568,188 42,188 42,220 477,220 640,221 664,223 774,226"/><TextEquiv><Unicode/></TextEquiv><TextEquiv index="1"><Unicode>Nam quamquam nullo doctorum carmina vatum</Unicode></TextEquiv></TextLine><TextLine id="l7"><Coords points="735,226 726,225 691,225 640,222 477,221 42,221 42,252 115,255 735,255"/><TextEquiv><Unicode/></TextEquiv><TextEquiv index="1"><Unicode>Sunt hodien pretio, nec habent ſua præmia Muſæ;</Unicode></TextEquiv></TextLine><TextLine id="l8"><Coords points="646,256 144,255 115,256 63,254 42,254 41,286 646,287"/><TextEquiv><Unicode/></TextEquiv><TextEquiv index="1"><Unicode>?Non ingrata tamen fuerit ceciniſſe voluptas,</Unicode></TextEquiv></TextLine><TextLine id="l9"><Coords points="666,290 657,289 51,288 51,319 666,319"/><TextEquiv><Unicode/></TextEquiv><TextEquiv index="1"><Unicode>Et claram Europæ famam extendiſſe per vrbes.</Unicode></TextEquiv></TextLine><TextLine id="l10"><Coords points="736,320 727,320 723,322 154,323 42,320 41,354 736,354"/><TextEquiv><Unicode/></TextEquiv><TextEquiv index="1"><Unicode>Ergo age Diua mihi memores ab origine prima</Unicode></TextEquiv></TextLine><TextLine id="l11"><Coords points="637,355 280,354 139,357 51,356 51,388 637,388"/><TextEquiv><Unicode/></TextEquiv><TextEquiv index="1"><Unicode>Quis tanta intulerit Turcarum funera genti.</Unicode></TextEquiv></TextLine><TextLine id="l12"><Coords points="658,389 161,388 47,390 47,419 658,419"/><TextEquiv><Unicode/></TextEquiv><TextEquiv index="1"><Unicode>Ponto.Aſiæ in medio ſedet inſula ſacra Diones</Unicode></TextEquiv></TextLine><TextLine id="l13"><Coords points="590,422 231,421 139,423 45,422 45,454 590,454"/><TextEquiv><Unicode/></TextEquiv><TextEquiv index="1"><Unicode>Formofæ natæ, &amp; longe gratiſſima tellus,</Unicode></TextEquiv></TextLine><TextLine id="l14"><Coords points="676,451 653,451 646,455 640,456 529,454 413,456 42,455 41,487 676,488"/><TextEquiv><Unicode/></TextEquiv><TextEquiv index="1"><Unicode>Clara viris opibusq;, Cypron dixere Pelaſgi:</Unicode></TextEquiv></TextLine><TextLine id="l15"><Coords points="45,489 45,520 661,520 661,489"/><TextEquiv><Unicode/></TextEquiv><TextEquiv index="1"><Unicode>Hanc Veneti patres multos tenuere per annos.</Unicode></TextEquiv></TextLine><TextLine id="l16"><Coords points="647,554 647,522 221,521 135,523 33,523 33,555 161,555"/><TextEquiv><Unicode/></TextEquiv><TextEquiv index="1"><Unicode>Munere ſed vitæ Solymano &amp; dulcibus auris</Unicode></TextEquiv></TextLine><TextLine id="l17"><Coords points="731,554 696,554 689,556 68,555 33,557 33,586 731,586"/><TextEquiv><Unicode/></TextEquiv><TextEquiv index="1"><Unicode>Defuncto, ſimul imperium ſceptrumq; regendum</Unicode></TextEquiv></TextLine><TextLine id="l18"><Coords points="598,620 598,589 253,588 47,590 47,621 155,622"/><TextEquiv><Unicode/></TextEquiv><TextEquiv index="1"><Unicode>Sæuior accepit Selymus, dum latius optat</Unicode></TextEquiv></TextLine><TextLine id="l19"><Coords points="687,616 670,616 661,621 155,623 34,622 34,655 230,655 312,653 598,653 688,655"/><TextEquiv><Unicode/></TextEquiv><TextEquiv index="1"><Unicode>Regnorum fines protendere, fœdera rumpit,</Unicode></TextEquiv></TextLine><TextLine id="l20"><Coords points="754,653 701,653 696,656 598,654 312,654 146,657 46,657 33,656 32,687 754,687"/><TextEquiv><Unicode/></TextEquiv><TextEquiv index="1"><Unicode>Magnanimis quæ cum Venetis percuſſerat olim</Unicode></TextEquiv></TextLine><TextLine id="l21"><Coords points="712,690 691,689 602,687 337,687 227,688 188,690 42,690 42,720 712,720"/><TextEquiv><Unicode/></TextEquiv><TextEquiv index="1"><Unicode>Armipotens genitor nullum violanda per æuum.</Unicode></TextEquiv></TextLine><TextLine id="l22"><Coords points="580,721 382,720 99,723 45,721 45,752 580,752"/><TextEquiv><Unicode/></TextEquiv><TextEquiv index="1"><Unicode>Tum belli reſerat portas, &amp; claſſe paratâ</Unicode></TextEquiv></TextLine><TextLine id="l23"><Coords points="219,788 237,786 694,788 694,754 356,754 204,756 44,756 44,789 177,789"/><TextEquiv><Unicode/></TextEquiv><TextEquiv index="1"><Unicode>Quantam non vnquam noſtris audiuimus annis,</Unicode></TextEquiv></TextLine><TextLine id="l24"><Coords points="720,792 715,790 698,789 220,788 177,790 41,791 41,821 720,821"/><TextEquiv><Unicode/></TextEquiv><TextEquiv index="1"><Unicode>Impius inuadit Cyprum. iamq; oppida multa</Unicode></TextEquiv></TextLine><TextLine id="l25"><Coords points="273,853 587,853 587,821 205,821 128,823 40,823 40,855 219,855"/><TextEquiv><Unicode/></TextEquiv><TextEquiv index="1"><Unicode>Ceperat, &amp; paſſim ſpecioſas vſſerat vrbes:</Unicode></TextEquiv></TextLine><TextLine id="l26"><Coords points="715,853 465,855 273,854 219,856 138,855 96,857 33,856 33,889 119,889 246,886 551,886 647,887 657,889 715,889"/><TextEquiv><Unicode/></TextEquiv><TextEquiv index="1"><Unicode>Quum Venus huncniſerans caſum telluris amat,</Unicode></TextEquiv></TextLine><TextLine id="l27"><Coords points="453,919 590,920 590,888 246,887 56,890 38,892 38,921 206,921"/><TextEquiv><Unicode/></TextEquiv><TextEquiv index="1"><Unicode>Alloquitur ſic mæſta louem: Si filia ver</Unicode></TextEquiv></TextLine><TextLine id="l28"><Coords points="643,921 453,920 207,921 184,923 54,922 32,923 32,953 643,953"/><TextEquiv><Unicode/></TextEquiv><TextEquiv index="1"><Unicode>Sum tua, ſi dete verè me pulchra Dione</Unicode></TextEquiv></TextLine><TextLine id="l29"><Coords points="644,985 644,954 247,954 165,956 41,956 41,986 623,986"/><TextEquiv><Unicode/></TextEquiv><TextEquiv index="1"><Unicode>Suſcepit, tua ſi venerans Rex inclyte Diuûm</Unicode></TextEquiv></TextLine><TextLine id="l30"><Coords points="255,1019 661,1019 661,987 245,987 162,990 33,989 34,1021 200,1021"/><TextEquiv><Unicode/></TextEquiv><TextEquiv index="1"><Unicode>Iuſſa ſequor; cur heu pateris tu numina noſtrs</Unicode></TextEquiv></TextLine><TextLine id="l31"><Coords points="593,1051 654,1052 654,1020 535,1019 473,1021 255,1020 200,1022 42,1022 42,1053 519,1053"/><TextEquiv><Unicode/></TextEquiv><TextEquiv index="1"><Unicode>Contemni? dilecta mihi tam deſpice tellus,</Unicode></TextEquiv></TextLine><TextLine id="l32"><Coords points="632,1084 632,1053 593,1052 519,1054 252,1053 45,1054 45,1084 47,1085 540,1085"/><TextEquiv><Unicode/></TextEquiv><TextEquiv index="1"><Unicode>In quà ter centum ſancte per templacolebar</Unicode></TextEquiv></TextLine><TextLine id="l33"><Coords points="530,1117 692,1118 692,1085 541,1085 468,1087 197,1086 120,1087 37,1085 37,1118 456,1119"/><TextEquiv><Unicode/></TextEquiv><TextEquiv index="1"><Unicode>Vritur. cquidnam meruit? cur ille triumphat</Unicode></TextEquiv></TextLine><TextLine id="l34"><Coords points="749,1118 530,1118 456,1120 35,1119 35,1151 178,1152 248,1150 288,1152 479,1152 502,1150 634,1150 675,1152 751,1155"/><TextEquiv><Unicode/></TextEquiv><TextEquiv index="1"><Unicode>Audax, contemptor Diuumq; hominumq; tyrannus?</Unicode></TextEquiv></TextLine><TextLine id="l35"><Coords points="710,1153 634,1151 502,1151 441,1154 346,1154 248,1151 178,1153 45,1152 45,1184 518,1184 558,1182 710,1184"/><TextEquiv><Unicode/></TextEquiv><TextEquiv index="1"><Unicode>Cert ego, ſi tanti ſunt numina noſtra, recedam</Unicode></TextEquiv></TextLine><TextLine id="l36"><Coords points="448,1222 518,1221 527,1220 536,1215 632,1216 632,1184 558,1183 409,1187 213,1184 155,1184 143,1186 44,1185 44,1224 443,1224"/><TextEquiv><Unicode/></TextEquiv><TextEquiv index="1"><Unicode>Cœlo, &amp; Tartareas habitabo ingloria ſedes.</Unicode></TextEquiv></TextLine><TextLine id="l37"><Coords points="831,1212 827,1212 793,1209 741,1207 741,1259 803,1258 814,1251 832,1251"/><TextEquiv><Unicode/></TextEquiv><TextEquiv index="1"><Unicode>r-</Unicode></TextEquiv></TextLine><TextEquiv><Unicode/></TextEquiv></TextRegion></Page></PcGts>