1000 1343
350 42 746 74 IO.BAPTIST
189 56 235 76 6o
195 85 863 125 Tum pater apprendens dextrâ, dedit oſcula fronti:
194 118 865 160 Atque ait: iſta quidem iuſtiſſima cauſſa dolendi eſt
196 154 811 191 Nata meus ſanguis: ſed enim temerarius ille
197 188 780 222 Omnes aduerſus Diuos, numenq; Tonantis
198 219 881 259 Nil veritus quamquam magna cum ſtrage ſuorum
199 253 829 292 Cypron habet, ferroq; & flammis omnia vaſtat.
200 288 763 324 Hæc ego permiſi, fateor, dum turpia gentis
200 323 778 358 Chriſtadum dignis vlciſcor facta flagellis.
201 355 823 390 Nunc illos toto ex animo quod pœnitet, ac iam
201 389 769 424 Mutarunt mores Stygij per flumina fontis
201 425 754 457 Obteſtor terræ faciam pelagiq; potentes:
202 452 935 489 Iam domus Othomani ruat, & quem clafſe ſuperbum
202 492 777 525 Adſpicis ingenti ſpatioſum currere pontum,
203 519 902 559 Victorem atque vrbes capere, & regna addere regnis,
204 557 846 591 Tempus erit, iamq; accelerant ea ſtamina Parcæ,
207 588 831 627 Quum tantis ſpoliatum armis, & claſſe videbis
206 623 876 655 Exutum, mœrentem animo & ſua fata gementem,
206 657 768 692 Extremis ſe ſe pauitantem condere Bactris,
206 689 812 727 Vel quà præcipiti curſu petit æquor Hydaſpes;
207 724 798 760 Reddeturq; tibi paueo poſt tempore Cyprus.
209 757 827 793 Tu modo fac Italæ feriant ſacra fœdera gentes,
209 791 779 826 Hiſpanæq;: tuus labor eſto hic filia mentes
209 823 913 858 Mentibus, atque animos animis connectere Regum;
212 859 877 892 Quo ſimul in Thracum coniuret Roma tyrannum,
210 887 890 925 Vtraque & Heſperia, & Venetum Reſpublica diues.
211 922 813 958 Dixerat. illa polo Suadâ comitante, loquendi
211 955 840 992 Artifice, exceſſit, claramq; ad Tibridis vrbem
214 988 845 1025 Contendit, magnumq; Pium, regnator Olympi
215 1024 858 1059 Cui ddit in terris aperire & claudere cœlum,
213 1056 789 1090 Affatur: viden vt Scythiæ dominator auitis
214 1090 823 1124 Tot reguis non contentus, bella horrida rupto
213 1123 865 1158 Fœdere magnanimis Venetis indixerit? & iam
219 1141 997 1228 Quin & Corcyræ malus imminct. hac quoque capta,
218 1156 857 1190 Claram expugnarit Cyprum victricibus armis?
216 1223 753 1260 Mor llum ccrnqs icllsare pofuud
891 1246 997 1290 A.que
