1531 1459
317 1 571 20 ACTII.
11 33 724 73 quora, & huc etiam numeroſa excurrere claſe.
11 71 669 107 Surge age: quid ceſſas? tantis obſiſtere cœptis
11 105 733 138 Te decet in primis, genitor quem maxmus vnum
11 138 708 171 Eſſe dedit Romæ columen, tutamen & omnis
11 168 559 207 Auſoniæ, pedibusq; tuis regalia ſceptra
11 205 565 238 Subiecit. tu fac coeant in fœdera fortes
10 238 582 272 Hiſpani Venetiq;, ac ſeſe ingentibus auſis
43 272 670 305 Opponant Selymi: dabitur Victoria tandem;
11 305 619 338 Ne dubita, pater huc alto me miſit Olympo.
73 339 610 372 Agnouit Diuam ſenior. iubet ocyus ergo
36 372 602 406 Hiſpanos Italosq; ſimul componere fœdus
21 405 695 438 Immortale, ſacrum, centum quod duret in annos.
11 438 679 473 Deduci ingentem claſſem tum mandat in æquor,
33 472 606 504 Acciri & iuuenem clarâ de ſtirpe Deorum
31 505 628 539 Auſtriaden, belli referentem laude parentem
32 539 643 572 Diuinum, quo non præſtantior alter in armis;
30 572 653 605 Alciden quamuis & Græcia iactet Achillem.
32 606 649 639 Hunc belli eſſe caput tanti, voluitq; phalanges
10 639 690 672 Hiſpanas Venetasq;, & magnam ducere claſſem
32 672 639 705 Chriſtiadum. Calidi vrebat iam terga Leonis
29 706 547 739 Sol, & pacati ridebant marmora ponti,
29 737 695 773 Quum Dux Auſtriades ephyris dat vela ſecundis,
25 773 662 806 Fratris ab amplexu auulſus, cui plurima parent
16 806 675 839 Oppida in extremâ Heſperiâ, transq; æquora latè
24 840 617 872 Alter cui mundus, tellusq; Antarctica ſeruit.
25 873 576 906 Hiſpanis illum fauſte quum ſolueret oris,
22 901 654 939 Filia magnanimi Iouis aurea Cypria, duxit
24 940 604 972 Per mare in Auſonias oras ad litora pulchræ
23 973 658 1007 Parthenopes, ingens vbi claſſis, & omnia tantis
24 1006 598 1040 Opportuna orſis ſtabant iam ritè parata.
1 1039 669 1073 Namq; bonus regni præſes, pars magna Senatus
26 1072 561 1105 Romulei, belli & pacis clariſſimus arte
1 1107 624 1138 PERNoT VS, cuius mirâ virtute regendis
24 1138 642 1171 In populis Diuus dum vixit Carolus, & nunc
23 1172 611 1208 Auſtriades Regum rex vtitur ipſe Philippus,
726 1203 852 1244 Arma,
