980 1339
350 14 729 53 o.BAPTIST
165 64 839 102 Arma, viros, naues, ſimul & quæcunque fuiſſent
159 102 671 136 Illius ex vſu bclli inſtrumenta pararat.
159 132 798 168 Mox templo in magno ſacris de more peractis.
169 169 697 200 Olli multa Deos aurata in veſte precatus,
169 200 794 235 Sceptra, & Pontiſicis porrexit nomine ſacrum
166 233 755 268 Vexillum, quo tutus eat per tela, per hoſtes.
165 270 714 301 Talibus auſpicijs Heros de litore curuo
167 297 805 335 Parthenopes dat vela Notis, duce Cypride Diuâ.
168 334 759 369 Et iam Pauſilypi colles, Neſidaq; pulchram
167 366 846 402 Liquerat à dextra, Prochytenq,, ſacrumq; Mineruæ
159 399 920 435 Tranſierat montem, & quondam, dum regna manebant
168 435 776 469 Teleboum, Capreas arm is opibusq; potentes,
169 470 784 502 Sirenumq, domos dulces, ac litus amœnum,
169 499 772 536 Naturæ gaudentis opus; quum plurima turba
168 533 785 568 Nympharum regno caput extulit Amphitrites,
168 568 799 602 Mirantum; quæq; illarum pulcherrina Drymo
168 602 730 636 Sic cœpit; vocem reliquæ tenuere ſorores:
163 634 764 660 Non has o iuuenis fauſto ſine numine ad oras
169 668 709 701 Veniſti: poſcunt vnum te fata Deorum,
170 701 823 735 Perdita qui ſceptra Italiæ, & decus omne reponas.
168 734 722 768 Ergo age, & inuictus tanto ne cede labori,
172 765 836 802 Quamuis Scylla tibi, ſuperandaq; vaſta Charybdis,
170 800 694 833 Leucadijq; maris ſcopuli, Patræaq; ſaxa.
173 833 739 869 Quid tua non ſternet virtus? te gloria belli
172 865 830 902 Attollet cœlo. nam poſtquam claſſe Corinthum,
172 900 798 934 Actiaq; Auguſtis ſemper memoranda trophæis
171 933 755 967 Atigeris; hoſti occurres, pugnamq; laceſſes
172 963 818 1001 Terribilem, crudelem, acrem, quâ nulla fuiſſe
172 1001 758 1034 Dicetur pelago maior; licet aſpera multa
173 1034 753 1062 erxis cum Danais in cœlum bella ferantur,
174 1067 799 1101 Et cum Romanis Cleopatræ illuſtre duellum.
174 1101 824 1134 Perge age, ne dubita, dextro maris æquora curris
170 1134 788 1166 Omine: & his dictis, vitreâ caput abdidit vnd.
175 1166 766 1202 Ille iter incœptum properat felicibus Auſtris.
209 1200 818 1241 Tertiaiamq; dios aderat, quum Trinatis ar
893 1231 978 1265 Pro-
