977 1336
308 11 727 36 IO.BAPTISTÆ
164 18 214 43 264
164 55 733 89 Effulgens cuius capulum decorabat Iaſpis,
164 89 747 123 Ingentem dextra clypeum geſtabat, Abantis
166 123 672 157 Qui fuerat Lyciæ regis, galeaq; minaci
164 156 769 188 Munibat caput, & pectus thorace rigenti
163 189 695 222 Ex ferro, ſuras ocreis, haſtamq; ferebat,
162 222 794 256 Ad pugnam his acuens Turcarum pectora dictis.
165 256 749 289 Gradiuo quantum Geticis qui præſidet aruis
117 289 748 321 Debemus Marti, o ſocij, ſummoq; Tonanti
165 323 803 357 Qui prædam hancnobis nil tale putantibus vltro
165 356 816 389 Ob ulerint, gentem imbellem, quam ſæpius olim
162 389 829 424 Fudiſtis, cunctam & miſere obtruncaſtis ad vnum.
163 423 801 458 Quare alacres committite prœlia, vosq; putate
163 457 832 489 Cum totidem certare, virûm ſub imagine, damis.
161 489 875 523 Maximus Auſtriades contra terno agmine claſſe
159 524 765 557 Inſtructâ ad pugnam Diuis comitantibus ibat,
159 557 693 590 Formoſus facie iuuenis, flauoq; capillo;
161 591 744 625 Qualis erat Nireus, Phrygia vel raptus ab Idâ.
160 624 760 657 Huic fabricata manu dederat Cythereamariti
122 658 765 691 Arma, quibus contra magnos inſurgere Diuos
158 690 785 725 Vel tutus poterat; conſertam ex ære minutis
158 725 718 758 In primis loricam hamis, auroq; argentoq;
158 757 790 791 Inſignes ocreas, galeamq;, enſemq; coruſcum,
160 791 744 825 Cuius erat capulo viridis præfixa ſmaragdus;
156 824 797 857 Et clypeum: medios alacer quibus ibat in hoſtes,
156 858 735 890 Bis centum æratas adigens in bella triremes.
156 890 734 918 Hic omnis flos Auſoniæ, flos omnis Iberæ
156 924 773 959 Gentis erat: dextrâ Ligur Auria; Barbarigusq;
154 958 793 991 Legatus Venetum læuâ; medium agmen agebat
154 991 800 1024 Ipſe Heros, quem circumſtant duo fulmina belli
154 1025 844 1057 Hinc Dux Vennerius, Princepsq; Columnius illinc:
153 1056 761 1090 Atque alij. Tum ſic pelagi formoſa Cythere
155 1092 787 1123 Compellat regem: Neptune tridentiger, omnes
155 1123 767 1158 Quem ſupra Diuos, vno loue patre Tonante
153 1157 658 1188 Excepto, colui, da nunc felicibus Euris
153 1188 721 1222 Auſtriades pugnet meus, infelicibus hoſtis.
893 1220 975 1256 Si
