1518 1426
327 1 572 32 ARCVTII.
791 15 836 40 265
5 40 751 86 Sic illa: atque Deus Veneris prece motus amatæ,
5 83 606 121 Auſtriadæ claſſem felicibus impulit Euris.
5 117 674 150 Iam fortes vtrinque Duces certare parabant,
3 151 676 216 ææææ
3 215 695 250 Si cHRISTIvos tangit honor, ſi gloria tanti
56 250 586 280 Titillat belli, ſocij, nunc fortiter armis
57 278 712 317 Tendite in aduerſos hoſtes, conferre volentes
54 318 697 351 Nunc acres in bella manus. Deus æthere pugnat
13 351 673 384 Pro nobis; ſimul & venti; Neptunus & ipſe;
52 385 665 419 Sanctus & ille ſenex Romæ qui templa tuetur,
1 419 714 452 Diuorum & mentem nouit: mihi maximus ille
891 411 930 471 I
1 451 612 483 Omnia promiſit dextrâ in certamen eunti.
49 485 628 518 Vos eſtote viri tantum, Victoria noſtra eſt.
48 517 642 550 Imperat his dictis moxclaſſica mille, tubasq;
49 551 694 586 Inflari, ac magno explodi tormenta fragore
1 585 740 618 Enea, quo vaſti intremuit domus atdua Olympi,
36 618 609 650 Oceanusq; imis caput oecultauit in antris.
51 651 635 685 Quis ſtragem illius belli? quis funera fando
1 685 724 717 Enumeret? magnis animis certatur vtrinque.
1 717 642 749 Turritæ Venetum naues, ſex illa marinas
33 751 681 785 Inter aquas Caſtella, bous quas fronte locarat
5 784 603 817 In primâ Auſtriades, ingentia ſaxa pilasq;
33 817 714 850 Proijciunt ferri grandes, ſtragem ac miſerandam
16 851 728 886 Per claſſem dant aduerſam, & ſimul omnia turbant.
4 884 636 917 Tum magnas Turcæ iactant ad ſidera voces;
43 917 698 951 Exululant, immane fremunt Pſylli, Garamantes.
46 952 635 984 Lthiopes, Daci, Morini, Cilicesq;, Getæq;:
49 985 624 1016 Occurſant protæ proris: fit maxima cædes.
1 1017 674 1049 Auſtriades medios ſic irruit acer in hoſtes,
49 1050 631 1083 Vt Leo paſcentes per gramina læta iuuencos
47 1082 665 1116 Si videat ſtimulante fame petit vnguibus vncis
49 1115 676 1149 Dilacerans. Alyn ante alios tunc impete vaſto
49 1148 622 1182 Aggreditur, roſtroq; ratem percuſſit acuto,
39 1182 607 1220 Ac tabulas late huc illuc diſiecit in æquor:
729 1209 830 1255 Temo-
496 1220 610 1259 R
