<PcGts xmlns="http://schema.primaresearch.org/PAGE/gts/pagecontent/2017-07-15" xmlns:xsi="http://www.w3.org/2001/XMLSchema-instance" xsi:schemaLocation="http://schema.primaresearch.org/PAGE/gts/pagecontent/2017-07-15 http://schema.primaresearch.org/PAGE/gts/pagecontent/2017-07-15/pagecontent.xsd"><Metadata><Creator>User123</Creator><Created>2020-04-25T21:20:20</Created><LastChange>2020-04-25T21:20:20</LastChange></Metadata><Page imageFilename="0296.png" imageHeight="1344" imageWidth="1008"><TextRegion id="r0" type="paragraph"><Coords points="1,1 1006,1 1006,1342 1,1342"/><TextLine id="r0_l001"><Coords points="370,20 370,53 747,53 747,20"/><TextEquiv index="1"><Unicode>IO. BAPTISTÆ</Unicode></TextEquiv></TextLine><TextLine id="r0_l002"><Coords points="179,27 179,49 222,49 222,27"/><TextEquiv index="1"><Unicode>c</Unicode></TextEquiv></TextLine><TextLine id="r0_l003"><Coords points="527,95 679,96 810,94 810,62 152,62 152,97 372,98"/><TextEquiv index="1"><Unicode>Prœlia, &amp; ingentem Corinæi Tygrida puppim</Unicode></TextEquiv></TextLine><TextLine id="r0_l004"><Coords points="795,127 795,96 527,96 372,99 181,98 181,130 524,130"/><TextEquiv index="1"><Unicode>Cœperat, ac ſeptem combuſſerat igne phaſelos</Unicode></TextEquiv></TextLine><TextLine id="r0_l005"><Coords points="881,128 178,133 178,163 518,164 587,162 733,161 769,164 881,164"/><TextEquiv index="1"><Unicode>Audacis iuuenis Chelypi, quibus improbus omnem</Unicode></TextEquiv></TextLine><TextLine id="r0_l006"><Coords points="482,195 619,196 731,194 731,164 179,164 179,197 368,197"/><TextEquiv index="1"><Unicode>Tyrrheni maris adſidue vexauerat oram</Unicode></TextEquiv></TextLine><TextLine id="r0_l007"><Coords points="932,194 743,194 706,196 619,197 482,196 254,199 177,198 177,229 932,229"/><TextEquiv index="1"><Unicode>Mox magnum ſternit Solymæum. acremq; Cloanthum</Unicode></TextEquiv></TextLine><TextLine id="r0_l008"><Coords points="777,229 511,230 448,232 180,231 180,262 197,263 429,264 587,262 764,262 768,264 777,264"/><TextEquiv index="1"><Unicode>Inſequitur, clais qui tunc regnabat Athenis:</Unicode></TextEquiv></TextLine><TextLine id="r0_l009"><Coords points="711,264 176,264 176,296 711,296"/><TextEquiv index="1"><Unicode>Excedens bello, paruâ fugit lle ceioce.</Unicode></TextEquiv></TextLine><TextLine id="r0_l010"><Coords points="601,328 725,328 725,297 325,297 261,299 175,297 175,329 492,330"/><TextEquiv index="1"><Unicode>Militiæq; Duces Melitenſis, clara propago</Unicode></TextEquiv></TextLine><TextLine id="r0_l011"><Coords points="794,361 794,328 372,331 308,333 176,330 176,362 647,362"/><TextEquiv index="1"><Unicode>Martis, in aduerſos contendunt fortiter hoſtes,</Unicode></TextEquiv></TextLine><TextLine id="r0_l012"><Coords points="426,396 481,397 763,394 763,362 488,363 444,365 192,365 178,363 178,397 351,398"/><TextEquiv index="1"><Unicode>Et primi pugnas ineunt. Turcasq; laeeſſunt:</Unicode></TextEquiv></TextLine><TextLine id="r0_l013"><Coords points="820,394 704,395 648,397 426,397 351,399 169,398 169,429 495,430 547,428 742,428 750,430 820,430"/><TextEquiv index="1"><Unicode>Non impune tamen miſeri; namq; agmine facto</Unicode></TextEquiv></TextLine><TextLine id="r0_l014"><Coords points="696,461 696,430 496,430 364,432 221,432 201,430 165,430 165,462 654,462"/><TextEquiv index="1"><Unicode>Inſiluere feri violento pectore Thraces,</Unicode></TextEquiv></TextLine><TextLine id="r0_l015"><Coords points="858,464 858,481 920,481 920,464"/><TextEquiv index="1"><Unicode></Unicode></TextEquiv></TextLine><TextLine id="r0_l016"><Coords points="791,462 176,465 176,497 282,498 466,495 612,496 672,494 734,494 772,495 780,496 783,498 791,498"/><TextEquiv index="1"><Unicode>Ac late illorum tinxerunt ſanguine pontum.</Unicode></TextEquiv></TextLine><TextLine id="r0_l017"><Coords points="716,527 716,496 466,496 282,499 169,498 164,496 164,529 167,530 305,531 365,529 419,531"/><TextEquiv index="1"><Unicode>Iamq;erat in tanto Melitæ prætoria bello</Unicode></TextEquiv></TextLine><TextLine id="r0_l018"><Coords points="798,528 677,528 564,531 419,532 365,530 305,532 177,531 177,564 496,564 676,561 779,561 785,564 798,564"/><TextEquiv index="1"><Unicode>Capta: ſed Hiſpanus propere tunc affuit Heros,</Unicode></TextEquiv></TextLine><TextLine id="r0_l019"><Coords points="735,595 735,563 173,566 173,597 351,598"/><TextEquiv index="1"><Unicode>Auxiliumq; tulit, ſæuoq; ex hoſte recepit.</Unicode></TextEquiv></TextLine><TextLine id="r0_l020"><Coords points="479,628 708,628 708,597 528,597 351,599 174,598 174,629 224,631 424,631"/><TextEquiv index="1"><Unicode>Pone ſequebatur Romani Principis auro</Unicode></TextEquiv></TextLine><TextLine id="r0_l021"><Coords points="770,662 770,629 479,629 424,632 224,632 176,630 176,663 690,663"/><TextEquiv index="1"><Unicode>Tota micans puppis, &amp; Chriſti ſigna gerebat:</Unicode></TextEquiv></TextLine><TextLine id="r0_l022"><Coords points="733,694 733,663 519,663 412,664 368,666 175,665 175,696 594,697"/><TextEquiv index="1"><Unicode>In quâ clarus erat Dux ille Columnius æui</Unicode></TextEquiv></TextLine><TextLine id="r0_l023"><Coords points="699,727 760,728 760,696 653,696 594,698 392,697 360,699 164,697 164,730 452,731"/><TextEquiv index="1"><Unicode>Priſci relliquiæ, &amp; Romani roboris index.</Unicode></TextEquiv></TextLine><TextLine id="r0_l024"><Coords points="787,729 636,729 452,732 160,731 160,764 578,764 663,762 691,762 704,764 787,764"/><TextEquiv index="1"><Unicode>Abſtulit hic animam piratæ ex pectore Brontis,</Unicode></TextEquiv></TextLine><TextLine id="r0_l025"><Coords points="366,797 541,798 573,796 695,797 695,764 335,764 264,766 162,765 162,797 277,799"/><TextEquiv index="1"><Unicode>Iniectoq; vſſit tres illius igne carinas,</Unicode></TextEquiv></TextLine><TextLine id="r0_l026"><Coords points="396,830 559,831 717,828 717,797 573,797 541,799 366,798 277,800 171,798 171,831 295,832"/><TextEquiv index="1"><Unicode>Luminaq; eripuit forti iuueni Paralyppo:</Unicode></TextEquiv></TextLine><TextLine id="r0_l027"><Coords points="585,864 640,862 735,862 785,864 785,830 637,830 559,832 396,831 295,833 175,832 175,865 319,865"/><TextEquiv index="1"><Unicode>Quem genetrix olim Fauno commiſta crearat;</Unicode></TextEquiv></TextLine><TextLine id="r0_l028"><Coords points="791,896 791,865 735,863 640,863 585,865 173,866 173,897 623,897"/><TextEquiv index="1"><Unicode>Et nati quum iam cuperet cognoſcere fatum</Unicode></TextEquiv></TextLine><TextLine id="r0_l029"><Coords points="793,897 338,899 173,898 173,931 793,931"/><TextEquiv index="1"><Unicode>Reſpondit genitor. pulchro quem lumine læta</Unicode></TextEquiv></TextLine><TextLine id="r0_l030"><Coords points="628,931 173,933 173,962 628,962"/><TextEquiv index="1"><Unicode>Arridere tibi cernis, ſi bella Latino</Unicode></TextEquiv></TextLine><TextLine id="r0_l031"><Coords points="851,956 703,957 693,963 687,964 653,965 398,966 224,964 175,965 175,997 851,997"/><TextEquiv index="1"><Unicode>Cum Duce congreſſus committat in æquoris vndis,</Unicode></TextEquiv></TextLine><TextLine id="r0_l032"><Coords points="824,1001 803,1001 791,998 776,997 597,999 237,1000 173,998 173,1031 356,1032 764,1030 791,1032 824,1032"/><TextEquiv index="1"><Unicode>Ipſe quidem patriam viuus remeabit amatam;</Unicode></TextEquiv></TextLine><TextLine id="r0_l033"><Coords points="722,1063 722,1031 356,1033 175,1032 175,1063 183,1064 691,1064"/><TextEquiv index="1"><Unicode>Sed tamen hos ipſos oculos amittet acuto</Unicode></TextEquiv></TextLine><TextLine id="r0_l034"><Coords points="678,1097 678,1065 345,1066 174,1064 174,1096 349,1098 631,1098"/><TextEquiv index="1"><Unicode>Percuſſus telo, iueunda &amp; luce carebit.</Unicode></TextEquiv></TextLine><TextLine id="r0_l035"><Coords points="786,1098 174,1098 174,1128 218,1130 329,1131 786,1131"/><TextEquiv index="1"><Unicode>Ergo illum in ſiluis, nterq; parentis opacum</Unicode></TextEquiv></TextLine><TextLine id="r0_l036"><Coords points="716,1163 767,1164 767,1132 436,1133 328,1131 174,1131 174,1160 397,1165 635,1165"/><TextEquiv index="1"><Unicode>Tempore ſeruarat longo nemus anxia mater,</Unicode></TextEquiv></TextLine><TextLine id="r0_l037"><Coords points="913,1162 819,1162 812,1164 772,1165 716,1164 635,1166 397,1166 242,1162 173,1162 173,1193 312,1195 339,1197 913,1197"/><TextEquiv index="1"><Unicode>Nec dabat inde pedem proferre: ſod improba tandem</Unicode></TextEquiv></TextLine><TextLine id="r0_l038"><Coords points="759,1198 380,1199 312,1196 176,1196 176,1231 759,1231"/><TextEquiv index="1"><Unicode>Sors vicit. nam quum nitido ſe fonte lauaret</Unicode></TextEquiv></TextLine><TextLine id="r0_l039"><Coords points="873,1235 873,1259 952,1259 952,1235"/><TextEquiv index="1"><Unicode>Forte</Unicode></TextEquiv></TextLine><TextLine id="r0_l040"><Coords points="163,1294 163,1335 303,1335 303,1294"/><TextEquiv index="1"><Unicode></Unicode></TextEquiv></TextLine></TextRegion></Page></PcGts>