1008 1344
370 20 747 53 IO. BAPTISTÆ
152 62 810 98 Prœlia, & ingentem Corinæi Tygrida puppim
181 96 795 130 Cœperat, ac ſeptem combuſſerat igne phaſelos
178 128 881 164 Audacis iuuenis Chelypi, quibus improbus omnem
179 164 731 197 Tyrrheni maris adſidue vexauerat oram
177 194 932 229 Mox magnum ſternit Solymæum. acremq; Cloanthum
180 229 777 264 Inſequitur, clais qui tunc regnabat Athenis:
176 264 711 296 Excedens bello, paruâ fugit lle ceioce.
175 297 725 330 Militiæq; Duces Melitenſis, clara propago
176 328 794 362 Martis, in aduerſos contendunt fortiter hoſtes,
178 362 763 398 Et primi pugnas ineunt. Turcasq; laeeſſunt:
169 394 820 430 Non impune tamen miſeri; namq; agmine facto
165 430 696 462 Inſiluere feri violento pectore Thraces,
176 462 791 498 Ac late illorum tinxerunt ſanguine pontum.
164 496 716 531 Iamq;erat in tanto Melitæ prætoria bello
177 528 798 564 Capta: ſed Hiſpanus propere tunc affuit Heros,
173 563 735 598 Auxiliumq; tulit, ſæuoq; ex hoſte recepit.
174 597 708 631 Pone ſequebatur Romani Principis auro
176 629 770 663 Tota micans puppis, & Chriſti ſigna gerebat:
175 663 733 697 In quâ clarus erat Dux ille Columnius æui
164 696 760 731 Priſci relliquiæ, & Romani roboris index.
160 729 787 764 Abſtulit hic animam piratæ ex pectore Brontis,
162 764 695 799 Iniectoq; vſſit tres illius igne carinas,
171 797 717 832 Luminaq; eripuit forti iuueni Paralyppo:
175 830 785 865 Quem genetrix olim Fauno commiſta crearat;
173 863 791 897 Et nati quum iam cuperet cognoſcere fatum
173 897 793 931 Reſpondit genitor. pulchro quem lumine læta
173 931 628 962 Arridere tibi cernis, ſi bella Latino
175 956 851 997 Cum Duce congreſſus committat in æquoris vndis,
173 997 824 1032 Ipſe quidem patriam viuus remeabit amatam;
175 1031 722 1064 Sed tamen hos ipſos oculos amittet acuto
174 1064 678 1098 Percuſſus telo, iueunda & luce carebit.
174 1098 786 1131 Ergo illum in ſiluis, nterq; parentis opacum
174 1131 767 1165 Tempore ſeruarat longo nemus anxia mater,
173 1162 913 1197 Nec dabat inde pedem proferre: ſod improba tandem
176 1196 759 1231 Sors vicit. nam quum nitido ſe fonte lauaret
873 1235 952 1259 Forte
