1498 1430
232 20 584 50 AR -
792 26 839 52 269
1 58 615 104 Forte per æſtatem, puerum piratica turba
1 97 644 131 Vidit, & abripuit. creuit puer, ac Solymano
1 126 659 165 Sic gratus fuit, vt late regnare per omnem-
906 122 964 162 I
1 165 698 197 Iuſſerit Arcadiam:quumq; omnia feruere bello
1 193 642 230 Cerneret, inſignis pugnæ ſuccenſus amore,
64 231 685 264 Ipſe decem primus cum nauibus affuit, ac ſe
39 265 670 298 Addiderat Turcis comitem, magnamq; ciebat
64 298 763 333 Noſtrorum vaſti tunc per maris æquora ſtragem.
1 332 613 365 Huic oculos telo Ductor Romanus acuto
60 355 728 398 Eruit, inque fugam vertit. mox eminus haſtâ
904 357 956 403 I
1 398 695 433 Deiecit magnum transfoſſo gutture Sangam,
904 400 956 427 I
904 422 955 448 E
1 432 815 466 Dondomenumq; ferum, atq; ingenti corpore Phydrum:
58 466 654 499 Atque ambos magni fugientes æquore natos
61 499 625 531 Cœpit Alys viuos, alta ad Capitolia curru
57 532 675 566 Deuinctos poſt terga manus ducturus ouanti.
37 566 660 599 Hærebat lateri gener huic, Carrafia proles,
61 599 690 632 Qui Lirim late Princeps dominatur ad amnem,
61 632 686 666 Clarus auis, & tela truces torquebat in hoſtes,
939 656 971 687 Ip
62 666 648 699 Coniectâ quamuis percuſſus ctura ſagittâ
58 700 672 732 Iam foret, & multus manaret vulnere ſanguis.
47 733 673 767 Ipſe quidem tanti generoſum pectus amore
57 767 618 800 Dum flagrat belli, deſertâ coniuge paruis
58 800 638 833 Cum natis, Nerei ſulcauerat humida regna
53 833 692 867 Ancipitem Martem, & ſoceri vexilla ſecutus.
57 866 631 900 Illa ſed expectans, & cunctos anxia caſus
55 899 703 934 Dum timet heu miſer morbo correpta, mariti
56 934 578 967 Præ deſiderio primis intercidit annis,
57 966 693 999 Ac multas lacrymas patrique, viroque reliquit.
1 1000 596 1032 Illuſtres alii Proceres, fortiſſima corda,
58 1033 772 1067 Magnanimi iuuenes, quos & Tiberinus, & Arnus
58 1066 689 1098 Eridanuſq; pater fluuiorum, & magnus Iberus,
60 1099 707 1133 Et Tagus auriferâ celeberrimus amnis arenâ
56 1131 673 1166 Miſerat, in bellum pulchrâ pro laude ruebant.
59 1166 658 1200 Inter quos Princeps Vrſinæ marima gentis
40 1199 664 1235 Gloria Paulus trat, clariſq; micabat iu armis.
709 1219 867 1267 Itlis
