964 1334
394 28 684 56 IO.BAPTIST.
140 68 703 105 Illius robur, grandique in corpore neruos
141 102 741 134 Obſtupuere Getæ, denſos dum fortis in hoſtes
139 137 694 174 Irruit, & cornu penetrat per tela ſiniſtrum.
141 172 835 207 Mammettumque Ducem noſtrorum ſanguine tela
143 204 757 239 Tingentem, & certo iaculantem ſpicula neruo,
141 238 825 274 Arreptum dextrâ interimit, mergitque profundo,
142 269 858 309 Caſſanumque, Halymumque, & vaſto corpore Staffyn.
137 304 666 332 Et te Farneſi iuuenis tum Babara Claſſis
142 335 772 374 Obſtupuit pugnantem haſtâ: tua ſenſit Orontes
135 370 737 403 Arma ferox, ſenſitque, ferox tua ſaucius arma
137 404 745 439 Scyroccus, versâ quærens ſibi puppe ſalutem.
136 438 724 468 Magnus & Vrbini natus Ducis enſe coruſco
135 470 754 507 Fulminat, & toto Scythicas agit æquore naues.
137 504 738 537 Non illum bello quiſquam ſe attollere contra
135 536 689 572 Audebat: ſolus Gurgut, qi regna tenebat
138 569 690 604 Excelſæ Smyrnæ, claro cum fonte Melete,
134 603 744 638 Auſus conſeruiſſe manum, & decernere ferro,
135 637 704 669 Infelix mediis animam exhalauit in vndis,
135 670 709 706 De noſtris etiam pugnantum plurima turba
137 703 625 736 Fuderunt dulces crudeli funere vitas.
135 737 872 776 Nam ferus Occyalus Calabris quem montibus ortum
133 770 710 801 Fama refert Chriſto luſtrali in fonte dediſle
138 804 788 842 Nomina, mox Arabis complexum dogmata vatis
133 836 745 875 Falſidici, quem cum Libyâ ſimul omnis adorat
135 870 773 908 Nunc Aſia, Europæq; etiam pars maxima noſtræ.
129 903 685 940 Abiuraſſe Deum verum, rectaq; parentum
133 937 637 972 Deflexiſſe viâ qualis ſub nocte ſilenti
133 970 622 1003 Egrediens ſiluâ lupus inſidiatus ouili
133 1005 769 1042 Dat magnam ſtragem pecoris; ruit æquore tot
132 1039 761 1073 Feruidus, incenditque rates, noſtroſq; trucidat.
133 1071 676 1106 Ille & Cardinei iuuenis quo ditior alter
132 1103 683 1143 ix erat Heſperiis aut fortunatior oris;
134 1137 749 1174 Quumq; tot inter opes potuiſſet ducere vitam,
133 1168 753 1207 Maluit Auſtriadæ comes ire, moriq; ſub armis
134 1199 612 1239 Candida traiecit lethaliectora telo.
818 1242 918 1275 Barba-
