1508 1408
298 3 583 35 ARCVTII,
785 15 826 39 2
2 44 600 85 Bebarigurmultis occiſis hoſtibus, igni
1 84 691 124 Nauibus incenſis partim, partim æquore merſs,
1 117 590 154 Fortia dum læuo pugnaret prælia æornu,
897 138 955 183 u
1 150 696 184 Eminus impulsâ confoſlus arundine guttur
896 182 955 244 I
1 184 614 220 Occubuit: tanti latuit ſed vulneris auctor,
1 217 593 249 Nec l le illius iactauit funere quiſquam.
52 251 705 284 Tum latus, Atmenio traiectus ab enſe Soranrus,
33 283 709 318 isballuſque, atque Hiſpano qui catmine Diuos,
899 299 961 334 ?
53 317 656 351 Claraq; præſtantum celebrabat facta virorum
51 350 598 384 Mauorti ſimul & Muſis Toraldus amicus,
47 384 650 418 Formoſuſque æui primo ſub flore Quitinus
34 418 645 453 Orcidit, Ioniumq; infecit ſanguine pontum.
1 452 675 485 Sacraq; gens Melites, audacia pectora, Marte
47 485 639 517 Durati longo iuuenes, quos Barbarus hoſtis
36 519 582 553 Sæpe ad Byanti portas, & mœnia vidit,
52 552 637 585 Ante oculos Selymi captas incendere naues,
40 585 610 619 Et paſſim populare ſuis cum ciuibus vrbes;
42 617 702 656 uluera per pulchra occubuerunt. ite beatæ
54 652 605 685 O animæ quo regnator vocat ætheris, ite;
54 685 667 720 Et capite inſignes palmæ immortalis honores:
55 719 624 754 Nec, quod marmoreis vrnis tellure caretis
55 751 683 786 In patriâ, dolorhic angat: nam maximus æther
18 785 754 820 Vos tegit, & quantum rutilâ Sol lampade luſtrat.
1 819 633 852 Belli anceps fortuna diu ſtetit, æthere donec
1 853 636 887 Deſpiciens Diuûm genitor certamina tanta,
35 886 670 919 Fatorum memor, & Veneriquæ dixerat almæ,
39 918 629 953 Iuſſit vt in bellum deſcenderet acer Apollo
54 953 637 989 Exitium, clad emq; Getis, & funera portans.
56 986 690 1022 Namq; ex Naupactipræcelsâ rupe ſagittas
915 1002 975 1037 I
1 1019 675 1053 m Scythicas puppes iaciebat, acutaq; tela.
43 1052 672 1087 . Quo terrore feri ſenſim ſe abducere bello
46 1085 675 1118 Cæperunt Turcæ, & noſtris dare tergacaris.
54 1118 620 1152 Etſi Boſtphorio tum nil fuga profuit hoſti:
921 1140 984 1173 l
59 1150 678 1185 Nam velut accipiter pauidas agit ille columbas
1 1184 618 1229 Aëa per vacuum, nec deſerit impiges ante
735 1208 843 1263 Q
925 1206 1010 1246 H
