<?xml version="1.0" encoding="UTF-8" standalone="no"?><PcGts xmlns="http://schema.primaresearch.org/PAGE/gts/pagecontent/2019-07-15" xmlns:xsi="http://www.w3.org/2001/XMLSchema-instance" xsi:schemaLocation="http://schema.primaresearch.org/PAGE/gts/pagecontent/2019-07-15 http://schema.primaresearch.org/PAGE/gts/pagecontent/2019-07-15/pagecontent.xsd"><Metadata><Creator/><Created>2022-04-11T11:37:20</Created><LastChange>1970-01-01T00:00:00</LastChange><Comments/></Metadata><Page imageFilename="0299.png" imageHeight="1408" imageWidth="1508"><TextRegion id="r1" orientation="0.0" type="paragraph"><Coords points="1,1 1506,1 1506,1406 1,1406"/><TextLine id="l1"><Coords points="298,3 298,35 583,35 583,3"/><TextEquiv><Unicode/></TextEquiv><TextEquiv index="1"><Unicode>ARCVTII,</Unicode></TextEquiv></TextLine><TextLine id="l2"><Coords points="335,82 600,84 600,47 531,47 459,44 40,44 40,84 192,85"/><TextEquiv><Unicode/></TextEquiv><TextEquiv index="1"><Unicode>Bebarigurmultis occiſis hoſtibus, igni</Unicode></TextEquiv></TextLine><TextLine id="l3"><Coords points="691,84 274,84 151,87 54,87 40,86 40,119 137,119 190,117 328,116 624,118 633,121 653,122 657,124 691,124"/><TextEquiv><Unicode/></TextEquiv><TextEquiv index="1"><Unicode>Nauibus incenſis partim, partim æquore merſs,</Unicode></TextEquiv></TextLine><TextLine id="l4"><Coords points="53,152 193,152 287,150 590,150 590,119 328,117 190,118 137,120 40,120 40,152"/><TextEquiv><Unicode/></TextEquiv><TextEquiv index="1"><Unicode>Fortia dum læuo pugnaret prælia æornu,</Unicode></TextEquiv></TextLine><TextLine id="l5"><Coords points="696,150 653,150 647,152 287,151 193,153 53,153 40,153 39,184 696,184"/><TextEquiv><Unicode/></TextEquiv><TextEquiv index="1"><Unicode>Eminus impulsâ confoſlus arundine guttur</Unicode></TextEquiv></TextLine><TextLine id="l6"><Coords points="164,217 364,216 499,216 614,218 614,185 298,184 196,186 40,185 39,216 75,217 90,218 94,220 154,220"/><TextEquiv><Unicode/></TextEquiv><TextEquiv index="1"><Unicode>Occubuit: tanti latuit ſed vulneris auctor,</Unicode></TextEquiv></TextLine><TextLine id="l7"><Coords points="593,218 364,217 164,218 152,222 96,222 90,219 75,218 40,217 39,249 593,249"/><TextEquiv><Unicode/></TextEquiv><TextEquiv index="1"><Unicode>Nec l le illius iactauit funere quiſquam.</Unicode></TextEquiv></TextLine><TextLine id="l8"><Coords points="705,251 189,251 154,253 52,251 52,283 705,284"/><TextEquiv><Unicode/></TextEquiv><TextEquiv index="1"><Unicode>Tum latus, Atmenio traiectus ab enſe Soranrus,</Unicode></TextEquiv></TextLine><TextLine id="l9"><Coords points="709,287 693,286 634,284 154,285 40,283 40,316 94,318 355,316 709,318"/><TextEquiv><Unicode/></TextEquiv><TextEquiv index="1"><Unicode>isballuſque, atque Hiſpano qui catmine Diuos,</Unicode></TextEquiv></TextLine><TextLine id="l10"><Coords points="656,319 517,317 355,317 94,319 53,317 53,351 217,351 285,348 433,349 475,351 656,351"/><TextEquiv><Unicode/></TextEquiv><TextEquiv index="1"><Unicode>Claraq; præſtantum celebrabat facta virorum</Unicode></TextEquiv></TextLine><TextLine id="l11"><Coords points="598,352 475,352 433,350 252,350 168,353 51,352 51,384 598,384"/><TextEquiv><Unicode/></TextEquiv><TextEquiv index="1"><Unicode>Mauorti ſimul &amp; Muſis Toraldus amicus,</Unicode></TextEquiv></TextLine><TextLine id="l12"><Coords points="650,386 562,386 527,384 258,384 47,386 47,418 650,418"/><TextEquiv><Unicode/></TextEquiv><TextEquiv index="1"><Unicode>Formoſuſque æui primo ſub flore Quitinus</Unicode></TextEquiv></TextLine><TextLine id="l13"><Coords points="229,450 645,451 645,419 151,418 40,419 40,453 147,453"/><TextEquiv><Unicode/></TextEquiv><TextEquiv index="1"><Unicode>Orcidit, Ioniumq; infecit ſanguine pontum.</Unicode></TextEquiv></TextLine><TextLine id="l14"><Coords points="675,452 192,452 61,455 40,454 40,484 675,485"/><TextEquiv><Unicode/></TextEquiv><TextEquiv index="1"><Unicode>Sacraq; gens Melites, audacia pectora, Marte</Unicode></TextEquiv></TextLine><TextLine id="l15"><Coords points="639,486 631,485 317,485 151,488 47,486 47,517 639,517"/><TextEquiv><Unicode/></TextEquiv><TextEquiv index="1"><Unicode>Durati longo iuuenes, quos Barbarus hoſtis</Unicode></TextEquiv></TextLine><TextLine id="l16"><Coords points="187,551 347,550 582,551 582,519 150,519 118,521 40,521 40,553 138,553"/><TextEquiv><Unicode/></TextEquiv><TextEquiv index="1"><Unicode>Sæpe ad Byanti portas, &amp; mœnia vidit,</Unicode></TextEquiv></TextLine><TextLine id="l17"><Coords points="637,552 187,552 113,555 52,555 52,585 637,585"/><TextEquiv><Unicode/></TextEquiv><TextEquiv index="1"><Unicode>Ante oculos Selymi captas incendere naues,</Unicode></TextEquiv></TextLine><TextLine id="l18"><Coords points="443,617 610,618 610,586 316,585 128,587 40,586 40,619 250,619"/><TextEquiv><Unicode/></TextEquiv><TextEquiv index="1"><Unicode>Et paſſim populare ſuis cum ciuibus vrbes;</Unicode></TextEquiv></TextLine><TextLine id="l19"><Coords points="655,620 623,620 590,618 443,618 42,621 43,653 232,653 291,651 491,650 637,651 655,652"/><TextEquiv><Unicode/></TextEquiv><TextEquiv index="1"><Unicode>uluera per pulchra occubuerunt. ite beatæ</Unicode></TextEquiv></TextLine><TextLine id="l20"><Coords points="605,652 291,652 232,654 54,654 54,685 605,685"/><TextEquiv><Unicode/></TextEquiv><TextEquiv index="1"><Unicode>O animæ quo regnator vocat ætheris, ite;</Unicode></TextEquiv></TextLine><TextLine id="l21"><Coords points="459,717 676,719 686,687 575,685 367,685 147,688 54,687 54,720 184,720"/><TextEquiv><Unicode/></TextEquiv><TextEquiv index="1"><Unicode>Et capite inſignes palmæ immortalis honores:</Unicode></TextEquiv></TextLine><TextLine id="l22"><Coords points="281,751 624,752 624,719 289,719 185,720 139,722 55,721 55,754 174,754"/><TextEquiv><Unicode/></TextEquiv><TextEquiv index="1"><Unicode>Nec, quod marmoreis vrnis tellure caretis</Unicode></TextEquiv></TextLine><TextLine id="l23"><Coords points="420,785 434,783 532,785 683,785 683,752 661,752 640,753 281,752 111,756 55,755 55,786 276,786"/><TextEquiv><Unicode/></TextEquiv><TextEquiv index="1"><Unicode>In patriâ, dolorhic angat: nam maximus æther</Unicode></TextEquiv></TextLine><TextLine id="l24"><Coords points="725,786 421,785 190,787 148,789 40,787 39,818 78,818 94,820 247,820 330,818 725,819"/><TextEquiv><Unicode/></TextEquiv><TextEquiv index="1"><Unicode>Vos tegit, &amp; quantum rutilâ Sol lampade luſtrat.</Unicode></TextEquiv></TextLine><TextLine id="l25"><Coords points="633,820 330,819 144,823 94,821 78,819 40,818 40,852 633,852"/><TextEquiv><Unicode/></TextEquiv><TextEquiv index="1"><Unicode>Belli anceps fortuna diu ſtetit, æthere donec</Unicode></TextEquiv></TextLine><TextLine id="l26"><Coords points="272,885 636,886 636,853 230,853 155,856 91,854 40,854 40,886 225,887"/><TextEquiv><Unicode/></TextEquiv><TextEquiv index="1"><Unicode>Deſpiciens Diuûm genitor certamina tanta,</Unicode></TextEquiv></TextLine><TextLine id="l27"><Coords points="615,917 670,918 670,887 272,886 170,889 83,889 40,887 40,919 496,919"/><TextEquiv><Unicode/></TextEquiv><TextEquiv index="1"><Unicode>Fatorum memor, &amp; Veneriquæ dixerat almæ,</Unicode></TextEquiv></TextLine><TextLine id="l28"><Coords points="629,952 629,918 496,920 294,919 233,920 209,922 40,922 39,953 344,953"/><TextEquiv><Unicode/></TextEquiv><TextEquiv index="1"><Unicode>Iuſſit vt in bellum deſcenderet acer Apollo</Unicode></TextEquiv></TextLine><TextLine id="l29"><Coords points="236,986 637,985 637,954 345,953 218,954 194,956 127,957 54,956 54,988 160,989"/><TextEquiv><Unicode/></TextEquiv><TextEquiv index="1"><Unicode>Exitium, clad emq; Getis, &amp; funera portans.</Unicode></TextEquiv></TextLine><TextLine id="l30"><Coords points="638,986 520,986 236,987 160,990 56,989 56,1021 140,1022 200,1020 628,1018 638,1020"/><TextEquiv><Unicode/></TextEquiv><TextEquiv index="1"><Unicode>Namq; ex Naupactipræcelsâ rupe ſagittas</Unicode></TextEquiv></TextLine><TextLine id="l31"><Coords points="638,1021 628,1019 200,1021 140,1023 53,1022 40,1021 40,1053 390,1053 512,1051 616,1051 638,1051"/><TextEquiv><Unicode/></TextEquiv><TextEquiv index="1"><Unicode>m Scythicas puppes iaciebat, acutaq; tela.</Unicode></TextEquiv></TextLine><TextLine id="l32"><Coords points="180,1085 311,1086 477,1084 630,1083 630,1072 638,1072 638,1052 616,1052 512,1052 390,1054 333,1053 195,1054 145,1056 43,1055 43,1087 138,1087"/><TextEquiv><Unicode/></TextEquiv><TextEquiv index="1"><Unicode>. Quo terrore feri ſenſim ſe abducere bello</Unicode></TextEquiv></TextLine><TextLine id="l33"><Coords points="477,1085 311,1087 180,1086 138,1088 88,1088 46,1091 46,1117 675,1118 675,1085"/><TextEquiv><Unicode/></TextEquiv><TextEquiv index="1"><Unicode>Cæperunt Turcæ, &amp; noſtris dare tergacaris.</Unicode></TextEquiv></TextLine><TextLine id="l34"><Coords points="547,1149 620,1149 620,1118 495,1118 387,1120 54,1118 54,1152 468,1152"/><TextEquiv><Unicode/></TextEquiv><TextEquiv index="1"><Unicode>Etſi Boſtphorio tum nil fuga profuit hoſti:</Unicode></TextEquiv></TextLine><TextLine id="l35"><Coords points="580,1182 678,1183 678,1150 547,1150 426,1154 302,1152 194,1152 120,1154 59,1153 59,1185 464,1185"/><TextEquiv><Unicode/></TextEquiv><TextEquiv index="1"><Unicode>Nam velut accipiter pauidas agit ille columbas</Unicode></TextEquiv></TextLine><TextLine id="l36"><Coords points="130,1228 182,1225 285,1227 389,1227 511,1226 533,1224 618,1224 618,1184 529,1184 394,1187 142,1186 112,1188 40,1188 39,1229 53,1229"/><TextEquiv><Unicode/></TextEquiv><TextEquiv index="1"><Unicode>Aëa per vacuum, nec deſerit impiges ante</Unicode></TextEquiv></TextLine><TextLine id="l37"><Coords points="735,1208 735,1263 827,1263 837,1257 839,1208"/><TextEquiv><Unicode/></TextEquiv><TextEquiv index="1"><Unicode>Q</Unicode></TextEquiv></TextLine><TextEquiv><Unicode/></TextEquiv></TextRegion></Page></PcGts>