987 1334
404 18 698 44 IO. BAPTIST.
154 31 199 57 Aa
157 58 816 98 Qum cunctas rapiat victor: ſic maximus Heros
157 97 705 130 Auſtriades toto fugientes æquore turmas
156 127 770 164 Inſequitur, tantamq; ciet per Dorida ſtragem;
155 162 688 196 Vt iam ſe rubro mutauert illa colore.
156 192 784 229 Brachia, truncataſq; manus, & crura, pedeſque,
156 228 752 265 Et capita adſpiceres ſalſas fluitare per vndas,
156 262 768 299 Perfuſoſq; enſes, pharetraſque. & tela cruore,
158 294 777 330 Intextaſq; auro chlamydes, Phrygiaſque tiaras.
131 329 709 363 Tanto de numero, paucæ euaſere carinæ
159 361 738 398 Occyalo Duce, cladis iit qui nuncius ipſum
160 393 804 431 Ad Selymum: capta eſt, abductaq; cetera claſſis.
194 428 853 464 Tunc lauro de more comas fortiſſimus Heros
157 462 788 492 Præcinctus, tantâ Auſtriades ex hoſte trophæa
152 495 804 531 Victor in Italiam retulit, duxitque triumphum.
160 528 801 562 Ibant bis centum, nec habebant ſigna, triremes,
162 561 827 599 Captæ ex hoſte Ducis poſt terga, omniſq; ſonabat
159 596 733 630 Pontus iò victor, Caroli digniſſima proles,
160 630 713 663 Auſtriades bellator io, paſſimq; per vrbes
161 663 717 693 Chriftiadum Diuis actæ ſunt omnibus aris
161 696 687 732 Immenſæ grates, & debita vota ſoluta.
358 731 673 763 De Hieronymâ Columnâ.
164 765 724 797 Nunc ſume blandam, Melpomene, lyram:
162 798 568 830 Dicenda nobis eſt Hieronyma
235 830 627 859 Columna vatum firma, veſtri
234 865 662 894 Firma chori, Aonides, columna.
168 898 670 928 Nam ſi decorum eſt, naſcier inclitâ
163 924 760 966 De ſtirpe quemquam; vix queat altera
232 965 582 998 Terras per omnes inueniri
234 999 533 1032 Progenie ſata clariori.
164 1029 596 1065 Vt cui paternum ſit genus à ſacra
163 1065 606 1097 Columniorum gente, Aragoniis
233 1098 596 1132 Ab regibus materna origo,
235 1130 638 1164 Queis nhil cxtitit obe maius.
170 1165 567 1197 Si quid venuſtas oris amabi.
105 1197 591 1238 Ille & iuuentæ purpureu nitot
882 1216 985 1257 Ver
