992 1338
386 28 660 57 LVDOVICI
163 69 760 100 Cernitis t cirrum tenerorum luſus amorum.
160 104 795 138 Obſtrepat? vt calathos certent inue:gere florum
161 138 795 169 In comptum dominæ coput, vtq; hic lilia fronti
162 171 828 203 Componens niueæ, hic immortales amaranthos
145 203 723 236 Purpureaſq; roſas malis, mirantur eandem
159 237 726 270 Formam diuerſos flotum ſuperare colores?
165 270 722 304 Cernitis vt iuuenes obductâ fronte Latini,
159 303 781 338 Queis eſt dicta dies reditus, pilenta ſequantur,
160 338 746 370 Cur non audimus tacitquid voce volutent,
159 371 804 404 Reddere & argutis meditamur commoda dictis?
162 404 730 437 Sic ad regales thalamos Hymenæa citantes:
159 437 837 470 Blande Iymen, iucunde Hymen, ades o Hymenæe.
159 470 791 503 Adſpicite Herculeos iuuenes procedere contia,
160 504 717 537 O ſocij, iam iam numeris certare paratos?
160 535 774 564 Sic certe haud temere veniunt, victoria nobis
157 570 767 603 Difficilis: lætas nam poſcunt carmina mentes:
159 602 790 637 Nos triſtes, quid enim niſi triſte efferre paramus,
160 637 744 669 Culmine deiecti tanto, pulcerrima cum te
157 670 722 702 Externi inuideant thalami Lucretia nobis?
154 702 723 736 Dure Hymen, Hymenæe piis inuiſe Latinls.
156 736 727 769 Adſpice Auſonios meditata requirere vates,
156 768 665 802 Victrici qui ſæpe caput preſſere coron
157 801 744 836 Quare non facilis ſtat nobis palma, ſodales,
156 837 728 869 Qui prima alterno cantu certamina inimus;
156 869 692 902 Gloria ſed maior quæ multo parta labore
154 903 857 938 Prouenit: hoc agite huc animum conuertite, ne qu
155 936 738 962 Sit mora cum docto deceat ſuccedere cantu.
150 969 831 1003 Blande Hymen, iucunde Hymen, ades O Hymenæe.
157 1003 818 1036 Omnia vertuntur. quæ quondam maxima Roma
138 1036 779 1067 Auſonias inter tantum caput extulit vrbes,
157 1068 763 1103 Quantum abies inter graciles annoſa geniſtas,
154 1103 776 1135 Aut quantum tenues inter vetus Albula riuos,
158 1135 769 1170 Seu claris hdminum ſtudiis, ſeu mœnibus altis:
157 1166 698 1202 Nunc deſeta vacat, veteri depreſſa ruinâ;
155 1199 796 1238 Atq; vbicpla Deûm, & Capitolia celſa fuere
800 1233 941 1275 Curiaque
