1514 1436
302 18 589 58 AREOSTI.
65 59 643 96 Curaque, & ſancto ſubſellia trita ſenatu
62 94 685 129 Flexipedes ſurgunt ederæ, fruticeſque maligni,
41 127 686 160 Et turpes præbent latebras ſerpentibus atris.
62 162 774 198 Eſt leuis hæc lactura tamen, ruat hoc quoq; quiequid
42 193 704 227 Eſt reliquum, iuuet & nudis habitare ſub antris;
61 228 642 261 Viuere dum liceat tecum, pulcetrima virgo.
42 261 667 296 Dure Hymen, Hymenæe piis inuiſe Latinis.
64 295 692 328 Omnia vertuntur, modicis quæ mœnibus olim
60 328 659 361 Hinc viridi ripâ, hinc limosâ obducta palude,
59 361 591 394 Anguſtas capiebat opes Ferraria panper,
56 393 679 428 Angutaſq; domos, angûſtaq; templa Deorum;
42 428 618 461 Aptatamen tenui populo, tenuiq; ſenatu
53 461 647 487 Finitimas inter tantum nunc eminet vrbes.
59 493 738 527 Quantum inter Bacchi colles pater Appenninus,
57 527 660 560 Eidanusve inter fluuios, quos accipit infra,
59 560 725 595 Quoſq; ſupra e totâ Heſpeii Neptunus vterque.
60 593 644 628 Nunc vbi piſcoſo pellebant gurgite lintrem.
56 627 608 661 Aut vbi in aprco ſiccabant. retia campo;
59 660 702 694 Regia templa, domus, fora, compita, curia, turres,
57 694 629 726 Herculeiq; decent muri, portæque, viæque,
42 725 743 760 Vixq; ſuo populo ampla potenti, & moribus æquis;
56 760 641 793 Et paribus ſtudiis generi contendere Martis.
56 794 593 828 At nullos tantum iactat Ferraria cultus,
42 820 755 861 Qum qud te dominam accipiat, pulcerrima virgo.
53 861 733 894 Blande Hymen, iucunde Hymen, ades Hymenæe.
42 894 663 927 Qualis in Ionio magno bacchantibus Auſtris
58 927 712 960 Nauta, vbi vel Syria, vel Thynâ merce grauatam
57 960 654 993 Illiditq; ratem, ſcopuliſq; relinquit acutis
54 988 746 1026 Naufragus, & multum per cærula veluitur exſpes,
61 1027 589 1059 Nudus & ignota tandem iactatur arenâ,
53 1058 691 1092 Dum vacuam querulis contriſtat fletibus oram,
64 1089 680 1121 Haud procul informi in limo radiare coruſcam
62 1123 717 1161 Intuitur, quam vertit atrox ad littora, gemmam;
64 1156 679 1193 Tempeſtas, ſeq; illâ, opibus ſolatur ademptis:
53 1189 745 1227 Ecce autem mirantem gnes, rutilumq; decorem
751 1215 848 1251 IeaI
