<?xml version="1.0" encoding="UTF-8" standalone="no"?><PcGts xmlns="http://schema.primaresearch.org/PAGE/gts/pagecontent/2019-07-15" xmlns:xsi="http://www.w3.org/2001/XMLSchema-instance" xsi:schemaLocation="http://schema.primaresearch.org/PAGE/gts/pagecontent/2019-07-15 http://schema.primaresearch.org/PAGE/gts/pagecontent/2019-07-15/pagecontent.xsd"><Metadata><Creator/><Created>2022-04-11T11:39:37</Created><LastChange>1970-01-01T00:00:00</LastChange><Comments/></Metadata><Page imageFilename="0304.png" imageHeight="1340" imageWidth="991"><TextRegion id="r1" orientation="0.0" type="paragraph"><Coords points="1,1 989,1 989,1338 1,1338"/><TextLine id="l1"><Coords points="398,14 398,40 673,40 673,14"/><TextEquiv><Unicode/></TextEquiv><TextEquiv index="1"><Unicode>LVDOVICI</Unicode></TextEquiv></TextLine><TextLine id="l2"><Coords points="515,91 545,89 884,89 884,55 272,55 214,58 167,58 167,92 432,92"/><TextEquiv><Unicode/></TextEquiv><TextEquiv index="1"><Unicode>Incæutumque, potens manus occupat obuia, &amp;illum</Unicode></TextEquiv></TextLine><TextLine id="l3"><Coords points="887,91 516,91 317,95 167,96 167,125 462,125 495,123 589,122 737,123 745,125 887,125"/><TextEquiv><Unicode/></TextEquiv><TextEquiv index="1"><Unicode>Dimittit maria implentem, &amp; nemus omne querelis.</Unicode></TextEquiv></TextLine><TextLine id="l4"><Coords points="455,157 700,155 704,154 704,124 495,124 462,126 388,127 169,128 169,160 325,160"/><TextEquiv><Unicode/></TextEquiv><TextEquiv index="1"><Unicode>Talis Roma diu ca ſus vbi fleuit iniquos,</Unicode></TextEquiv></TextLine><TextLine id="l5"><Coords points="845,155 701,155 660,157 549,157 264,162 170,162 170,193 179,194 342,193 418,190 583,189 669,189 685,192 729,194 845,194"/><TextEquiv><Unicode/></TextEquiv><TextEquiv index="1"><Unicode>Optauitque dolens veterumdecora alta Quiritum;</Unicode></TextEquiv></TextLine><TextLine id="l6"><Coords points="288,225 429,225 551,222 661,222 661,190 418,191 342,194 226,195 164,194 164,227 251,227"/><TextEquiv><Unicode/></TextEquiv><TextEquiv index="1"><Unicode>Dum Vaticano ſlexiſſet lumina colli,</Unicode></TextEquiv></TextLine><TextLine id="l7"><Coords points="670,224 485,224 429,226 288,226 251,228 170,228 170,254 670,254"/><TextEquiv><Unicode/></TextEquiv><TextEquiv index="1"><Unicode>Te vidit clari ſoboles Lucretia Borgæ;</Unicode></TextEquiv></TextLine><TextLine id="l8"><Coords points="845,255 725,255 718,257 655,258 524,257 338,259 306,261 168,261 168,291 499,291 547,289 662,288 806,289 810,291 845,291"/><TextEquiv><Unicode/></TextEquiv><TextEquiv index="1"><Unicode>Pulcro ore, &amp; pulcris æquantem moribus aut quas</Unicode></TextEquiv></TextLine><TextLine id="l9"><Coords points="535,322 772,323 772,290 662,289 547,290 499,292 170,295 170,324 496,324"/><TextEquiv><Unicode/></TextEquiv><TextEquiv index="1"><Unicode>Verax fama reftert, aut quas ſibi fabula finxit;</Unicode></TextEquiv></TextLine><TextLine id="l10"><Coords points="271,359 336,359 364,358 376,356 514,357 564,355 756,355 756,323 535,323 496,325 337,326 291,328 170,328 170,361 219,361"/><TextEquiv><Unicode/></TextEquiv><TextEquiv index="1"><Unicode>Atque nouo veteres ſolata eſt munere curas.</Unicode></TextEquiv></TextLine><TextLine id="l11"><Coords points="386,392 432,390 736,388 736,356 564,356 514,358 376,357 364,359 336,360 171,362 171,393 285,393"/><TextEquiv><Unicode/></TextEquiv><TextEquiv index="1"><Unicode>O ſeptem colles, Tiberis pater, altaq; priſci</Unicode></TextEquiv></TextLine><TextLine id="l12"><Coords points="306,424 490,424 528,422 707,421 796,422 796,389 432,391 386,393 286,393 260,395 170,395 170,427 254,427"/><TextEquiv><Unicode/></TextEquiv><TextEquiv index="1"><Unicode>Imperij monumenta graues intendite luctus.</Unicode></TextEquiv></TextLine><TextLine id="l13"><Coords points="706,454 807,457 807,423 528,423 490,425 306,425 219,429 171,428 171,459 338,459"/><TextEquiv><Unicode/></TextEquiv><TextEquiv index="1"><Unicode>Nuper Ateſtini fratres, procereſque propinqui,</Unicode></TextEquiv></TextLine><TextLine id="l14"><Coords points="767,456 706,455 571,456 522,458 416,458 282,460 248,462 172,462 172,490 509,490 588,488 734,488 768,490"/><TextEquiv><Unicode/></TextEquiv><TextEquiv index="1"><Unicode>Herculeus iuuenis patri quos miſit ab vrbe,</Unicode></TextEquiv></TextLine><TextLine id="l15"><Coords points="778,492 759,493 754,490 588,489 412,492 295,492 173,496 173,528 464,522 701,522 772,524 779,524"/><TextEquiv><Unicode/></TextEquiv><TextEquiv index="1"><Unicode>Quod pulcri fuerat nobis, impune tulere,</Unicode></TextEquiv></TextLine><TextLine id="l16"><Coords points="584,556 659,554 737,555 737,524 414,524 171,529 171,558 353,558"/><TextEquiv><Unicode/></TextEquiv><TextEquiv index="1"><Unicode>Externoque decus veſtram vinxere marito,</Unicode></TextEquiv></TextLine><TextLine id="l17"><Coords points="286,592 576,588 743,588 743,556 659,555 584,557 354,558 325,560 262,560 230,562 171,561 171,593 260,594"/><TextEquiv><Unicode/></TextEquiv><TextEquiv index="1"><Unicode>Dure Hymen, Hymenæe piis inuiſe Latinis.</Unicode></TextEquiv></TextLine><TextLine id="l18"><Coords points="371,624 617,621 787,622 787,589 576,589 286,593 260,595 171,594 171,626 275,627"/><TextEquiv><Unicode/></TextEquiv><TextEquiv index="1"><Unicode>Vt qui perpetuis viret hortus conſitus vmbris,</Unicode></TextEquiv></TextLine><TextLine id="l19"><Coords points="804,623 617,622 528,624 428,624 275,628 171,627 171,659 317,659 359,657 460,657 547,655 689,655 704,656 714,659 804,659"/><TextEquiv><Unicode/></TextEquiv><TextEquiv index="1"><Unicode>Moilibuſque nitet per quadrua compita riuis,</Unicode></TextEquiv></TextLine><TextLine id="l20"><Coords points="326,691 666,688 666,656 547,656 460,658 425,657 266,660 232,662 172,662 172,694 252,694"/><TextEquiv><Unicode/></TextEquiv><TextEquiv index="1"><Unicode>Laudetur licet Idææ ſub ſidere capræ;</Unicode></TextEquiv></TextLine><TextLine id="l21"><Coords points="764,688 326,692 220,696 173,696 173,719 764,719"/><TextEquiv><Unicode/></TextEquiv><TextEquiv index="1"><Unicode>Seu cum libra oritur, ſeu cùm ſata Sirius vrit:</Unicode></TextEquiv></TextLine><TextLine id="l22"><Coords points="444,756 739,754 739,722 564,722 474,725 346,725 231,728 171,726 171,758 388,758"/><TextEquiv><Unicode/></TextEquiv><TextEquiv index="1"><Unicode>Eſt tamen egelidos tauro referente tepores</Unicode></TextEquiv></TextLine><TextLine id="l23"><Coords points="838,754 584,757 444,757 224,762 176,761 176,789 636,789 748,787 838,789"/><TextEquiv><Unicode/></TextEquiv><TextEquiv index="1"><Unicode>Gratior: eumpunt tum lento e vimine frondes;</Unicode></TextEquiv></TextLine><TextLine id="l24"><Coords points="367,824 570,822 851,822 851,790 748,788 636,790 488,790 438,792 330,792 276,794 173,793 173,826 330,826"/><TextEquiv><Unicode/></TextEquiv><TextEquiv index="1"><Unicode>Tum pingunt variis decorantq; coloribus herbas,</Unicode></TextEquiv></TextLine><TextLine id="l25"><Coords points="838,822 367,825 281,828 171,827 171,859 318,859 416,856 648,856 681,859 838,859"/><TextEquiv><Unicode/></TextEquiv><TextEquiv index="1"><Unicode>Liliaque viel eque, roſæque, breueſq; hyacinthi:</Unicode></TextEquiv></TextLine><TextLine id="l26"><Coords points="356,891 622,889 622,857 416,857 372,859 277,860 247,862 174,862 174,893 305,893"/><TextEquiv><Unicode/></TextEquiv><TextEquiv index="1"><Unicode>Sic quæ regali fulſit Ferraria cultu</Unicode></TextEquiv></TextLine><TextLine id="l27"><Coords points="768,888 681,888 674,890 545,890 475,892 356,892 183,896 172,895 172,923 768,923"/><TextEquiv><Unicode/></TextEquiv><TextEquiv index="1"><Unicode>dibus aut ſacris, aut auctæ molibus vrbis,</Unicode></TextEquiv></TextLine><TextLine id="l28"><Coords points="455,957 704,957 725,955 768,954 768,925 536,924 382,925 172,930 172,960 312,960"/><TextEquiv><Unicode/></TextEquiv><TextEquiv index="1"><Unicode>Aut mage priuatis opibus, luxuq; decenti,</Unicode></TextEquiv></TextLine><TextLine id="l29"><Coords points="871,952 774,952 768,955 725,956 704,958 455,958 312,961 172,961 172,991 653,991 704,989 799,989 871,991"/><TextEquiv><Unicode/></TextEquiv><TextEquiv index="1"><Unicode>Vel ſtudiis primum ingenuis iuuenumq; ſenumq e,</Unicode></TextEquiv></TextLine><TextLine id="l30"><Coords points="892,992 344,992 278,995 175,995 175,1026 353,1026 513,1024 629,1025 695,1023 775,1024 790,1026 892,1026"/><TextEquiv><Unicode/></TextEquiv><TextEquiv index="1"><Unicode>Nunc pulcra eſt nunc grata magis; cum Borgia auro</Unicode></TextEquiv></TextLine><TextLine id="l31"><Coords points="480,1057 731,1056 731,1025 354,1026 237,1029 172,1028 172,1060 352,1060"/><TextEquiv><Unicode/></TextEquiv><TextEquiv index="1"><Unicode>Vecta tuo reſeres auratis cornibus annum.</Unicode></TextEquiv></TextLine><TextLine id="l32"><Coords points="546,1090 765,1091 765,1058 702,1057 480,1058 291,1062 175,1061 175,1092 327,1093"/><TextEquiv><Unicode/></TextEquiv><TextEquiv index="1"><Unicode>Vere nouo inſuetos ſummittit terra colores,</Unicode></TextEquiv></TextLine><TextLine id="l33"><Coords points="511,1124 732,1123 732,1091 546,1091 253,1095 175,1093 175,1126 420,1126"/><TextEquiv><Unicode/></TextEquiv><TextEquiv index="1"><Unicode>Herculeique nitent natiuis floribus horti,</Unicode></TextEquiv></TextLine><TextLine id="l34"><Coords points="636,1157 767,1158 767,1124 615,1124 333,1128 261,1127 179,1128 179,1157 257,1159 407,1159"/><TextEquiv><Unicode/></TextEquiv><TextEquiv index="1"><Unicode>Arte tibi quâ quiſq; valet blanditur honeſtâ:</Unicode></TextEquiv></TextLine><TextLine id="l35"><Coords points="795,1159 636,1158 257,1160 178,1158 178,1191 795,1191"/><TextEquiv><Unicode/></TextEquiv><TextEquiv index="1"><Unicode>Et nos qui tener:s Muſas veneramur ab annis,</Unicode></TextEquiv></TextLine><TextLine id="l36"><Coords points="178,1193 178,1226 762,1226 762,1193"/><TextEquiv><Unicode/></TextEquiv><TextEquiv index="1"><Unicode>Alternis l tos numeris canimus Hymenæos.</Unicode></TextEquiv></TextLine><TextLine id="l37"><Coords points="849,1226 849,1253 960,1253 960,1226"/><TextEquiv><Unicode/></TextEquiv><TextEquiv index="1"><Unicode>Blande</Unicode></TextEquiv></TextLine><TextEquiv><Unicode/></TextEquiv></TextRegion></Page></PcGts>