997 1340
369 21 690 57 LVDOICI
162 66 799 115 Iam numeris ſatis eſt luſum; iam recta ſubimus
162 104 769 150 Regia; nec pigeat concordi dicere cantu,
160 131 835 181 Blande Hymen, iucunde Hymen ades o Hymenæe.
422 181 702 214 Ad Petrum Bembum
163 222 704 269 Me tacitum perferre meæ peccata puellæ?
199 257 644 299 Me mihi riualem prænituiſſe pati:
161 288 723 335 Cur non vt patiarq; todi mea viſcera ferro,
201 321 721 370 Diſſimulato etiam Bembe dolore iubes?
146 351 837 419 Quin cor. quin oculoſq; meos, quin erue vel quod,
146 389 662 433 Carius eſt, ſi quid carius eſſe poteſt
167 417 825 472 Deficientem animam, quod vis, tolerare iubebe
204 454 744 502 Dum ſuperet dominæ me moriente fides.
172 495 728 539 Obſequiis alius faciles ſibi quærat amores,
208 525 685 565 Cautius & vitet tetrica verba nece
174 557 671 607 Qui ſpectare ſuæ valeat ſecurus amicæ
207 591 675 632 Non intellecta liuidà colla notâ.
174 620 772 676 Quique externa toro minime veſtigia pendat,
210 656 739 699 Dum ſibi ſit potior parve in amorelocus.
120 689 715 740 Me potius fugiat, nulis mollita querelis,
210 725 758 765 Bum ſimulet reliquos Lydia dura procos.
172 755 894 801 Parto carere omni malo, quam admſttere quemquam,
210 793 713 838 In partem: cupiat Iupiter. ipſe negem.
177 821 820 869 Tecum ego mancipiis, mens, late, vcſtibus tat;
211 861 719 899 Commun i ſed non vtar amice toio.
179 888 755 934 Cur e mens mihi ſi, quæris fortaſſe, tuaque
214 931 654 965 Victum iri facili me ratione putas.
182 953 772 1006 Ah pereat quiin amore poteſt rationibus vti,
212 988 709 1038 Ah pereat qui ni perdite amare poteſtl
182 1018 936 1075 Qid deceat. quid non; videant quibusintegra mens eſt:
217 1058 776 1100 Sat li ſat dominam poſſe videre meam.
492 1110 615 1148 De Lydia
184 1147 760 1193 Hæc certe Lepidi ſunt Regia mœnia, quæ ſic
218 1187 668 1225 Grata mihi paucos ante fuere dies;
185 1218 766 1266 dia dum patrios coleret formoſa penates
859 1245 963 1273 Redde-
