995 1338
381 13 710 40 LVDOVICI
140 58 792 97 Lyda modo meus eſt:eſt modo Phyllis Amor.
158 92 848 125 Primas Gaura faces renouat, mouet Hybla recentes,
195 127 725 164 Mox ceſſura igni Gaura, vel Hybla nouo.
157 159 727 193 Nec mihi diuerſo, nec eodem tempore ſæpe
195 194 668 224 Centum veſano ſunt in amore ſatis.
158 227 693 263 Vt ſum ſi placeo, me me ſic vtere virgo,
199 260 718 297 Seu grata es, ſeu iam gata futura mihi.
160 294 727 330 Hoc olim ingenio vitales hauſimus autas,
198 327 734 362 Multa cito vt placeant diſplicitura breui.
162 359 876 397 Non in amore modo mens hæc, ſed in omnibus impa
198 393 669 431 Ipſa ſibi longâ non retinenda morâ,
162 426 756 464 Sæpe eadem Auroræ roſeâ ſurgente quadtigâ
199 462 696 497 Non eſt, quæ fuerat ſole cadente mihi.
164 495 681 531 O quot tentatas illa eſt verſata per artes
196 528 733 563 Feſtiuum impatiens rettulit vnde pedem,
162 561 829 600 Cum primum longos poſui de more capillos,
196 597 685 632 Eſtq; mihi primum tradita pura toga.
161 629 725 665 Hæc mihi verboſas ſuaſit perdiſcere leges,
193 663 697 698 Amplaque clamoſi quærere lucra fori.
160 696 851 732 Atque eadem optatam ſperantem attingere metam,
195 729 777 763 Non vltra paſſa eſt improba ferre pedem,
160 763 868 798 Meque ad Parnaſſum vocat, Aoniamque Aganippem,
195 796 703 832 Aptaque virgineis mollia prata choris.
159 831 730 865 Meque iubet docto vitam perducere cantu,
177 863 731 898 Per nemora illa auidis non adeunda viris.
126 896 802 932 Iamque acies, iam facta ducum, iam fortia Martis
192 931 668 964 Concipit æternâ bella canenda tubâ.
158 963 801 997 Ecce iterum male ſana, inquit, quid inutile tento
193 999 723 1033 Hoc ſtudium; vaſi præmia nulla manent.
156 1033 771 1065 Meque aulæ cogit dominam tentare potentem
191 1064 704 1098 Fortunam obſequio ſeruitioque graui.
158 1097 781 1130 Mox vbi pertæſum eſt mal grati principis, illam
192 1131 697 1163 Non tulit hic reſides longius ire moras.
159 1162 694 1195 Laudat & æratis vt eam ſpectabilis armis,
160 1196 697 1234 Et meream forti conſpiciendus equo.
834 1233 932 1260 Et mi-
