1506 1430
256 1 620 22 AREOSTI.
43 38 660 73 Et mihi ſunt aptæ vires, patienſque laborum
80 72 637 106 Corpus, & has poſſt mt tela decere manus.
28 105 666 139 Nec mora bellator ſnipes, & cuncta parantur
81 140 564 174 Inſtrumenta acri ccmmoda militiæ.
28 170 579 208 Iratuſque pio, celebris ub Principe miles
28 206 590 239 Expecto hotriſonæ. Martia ſigna tubæ.
28 240 716 274 Iam neque caſtra place nt,rurſus nec claſſica nobis,
27 274 563 306 Ite procul Getici telt cruenta Dei.
27 306 687 342 Humanone trucem fœdabo ſanguine dextram,
69 341 608 374 t meus aſſiduo ſub boue creſcat ager?
28 368 842 407 Vt breue mortis iter ſſernam mihi, vt horridus vmbram-
28 409 610 442 Horreat immitem portitor ipſe meam?
28 442 644 478 Atque aliquis placidâ aſpiciens à ſede piorum
27 475 654 508 Me procul Eumenidum verbera ſæua pati;
28 508 573 543 En qui Muſarum liquit grata otia, dicat.
79 543 651 575 Anxius vt raperet munere Martis opes.
28 575 604 610 Manbus & ſociis narret me digna ſubiſſe
79 609 572 642 Supplicia, haud vllâ diminuenda die.
41 639 678 677 Antra mihi placeant potius, monteſqueſupini.
79 677 631 710 Viuidaque irriguis gramina ſemper aquis:
30 710 630 743 Es Satyros inter celebres Driadasque puellas
78 743 602 778 Plectra mihi digitos, fiſtula labra terat.
38 776 716 811 Dum vaga mens aliud poſcat, procul eſte Catones.
52 810 556 844 Eſte, quibus parili vita tenore fluit:
28 844 652 880 Quos labor angat, iter cupientes limite certo
28 877 580 911 Ire ſub inſtabili cuncta nouante polo.
27 911 579 944 Me mea nobilitas ſenio educat inerti,
72 944 733 977 Dum ſtudia haud deſint quæ variata iuuent.
27 977 721 1011 Me miſerum quod in hoc non ſum mutabilis vno
27 1010 633 1045 Quando me aſſiduâ compede vincit amor.
27 1042 689 1078 Et nunc Hybla licet, nunc ſit mea. cura Lycoris,
27 1077 633 1109 Et te, Phryna, modo, te modo Lyda velim:
28 1108 785 1144 Aut Claram aut Glycerem, aut vnam, aut ſæpe ducentas
74 1142 676 1183 Depeream;igne tamen perpete ſemper amo.
728 1176 837 1200 De
