1508 1438
293 2 635 43 AREOSTIL
745 1 840 36 a2;
316 45 502 79 De Triuultiâ.
1 76 730 113 rQuod genere & ſenſu præſtes, Tiiuultia, multis;
1 109 627 144 Eſt decus, at decus id pluribus eſſe vides.
1 146 697 186 Qd pior innumeris tua ſit nullique ſecunda,
45 179 632 211 rorma; tamen non eſt vnica, rara licet.
1 206 610 244 Quod ſis caſta, etſi non eſt te caſtior vlla,
53 243 683 279 Tecum alia, atque alia eſt caſta puella tamen.
62 278 811 318 Quod docta, atque ſciens Muſarum:es ſola;ſed olim
97 311 588 342 Deiphobe, & fidicen Les bia talis erat.
26 344 720 380 Qud generoſa eadem, diues, formoſa, pudica,
89 379 633 415 Doctaque ſis; nulla eſt par tibi, nulla fuit,
346 420 501 455 De Puelâ.
1 447 745 488 Hasne roſas, an te vendes, an vtrumque puella?
1 487 703 521 Quæ rola es, atqueinquis vendere velle roſas.
269 533 495 564 De eadem.
1 562 754 597 Vendere velle roſas, inquis, cum ſis roſa: quæro,
96 597 699 633 Tene, roſasne. velis, Virgo, an vtrumque dare.
216 638 561 671 De ſe a mmte.
903 649 977 699 I
48 672 736 706 Arma, Venus, Martis ſunt hæc:quid inutile ponus.
94 706 552 739 Mortali bellum ſi meditare, ſubis?
43 739 658 774 Nil opus eſt ferro, ferri cùm nuda potentem
94 773 565 810 Exueris ſpoliis omnibus ipſa Deum.
269 813 478 847 De puero fprmoſo.
1 842 704 885 Exanimum Paphle puerum miſerata pherett:
93 881 534 917 Eheu talis, ait. noter Adonis eratl
904 909 975 950 u
277 920 523 954 DeMegilâ.
58 944 467 988 Illius timidis ſpes ſit amoribus;
18 987 561 1023 Qui formæ comitem ferre ſuperbiam,
95 1022 466 1056 Centenamque repulſam
160 1056 453 1089 Leni pectore quiuerit:
61 1087 514 1121 Qui ſurdos tulerit tot querimoniis
2 1119 608 1159 Poſtes, dum glomerat trux Boreas niues,
95 1153 392 1188 Miraturque ſuam vim
909 1164 956 1192 s
909 1183 976 1223 u
164 1183 538 1224 Tantis vincier ignibss
775 1208 848 1256 u;
