1494 1421
246 3 551 36 AREOST
139 46 561 80 Spon tecauas diiſſe rupes.
22 70 483 114 Neſci, tu ulieeuqui fugis illits
23 113 488 146 Cerâ Pelaſis remigis auribus
52 146 495 179 Inter pu ellarum c.ros tam
23 177 527 216 Dulce canentiurn obire felix.
321 216 532 238 De Triuuli
22 248 514 281 Sis diues, generoſ,, bella, caſta,
35 280 520 314 Docta, & ſi vlterii is potes quid eſſe;
35 314 522 347 Si, Triuutia, non ſimulbenigna es
30 347 467 381 Nul i be lla place s pudica null
30 381 421 414 Nulli diocta videvis & beata:
23 414 480 449 Nullos diuitiæ mouent, genusq;
22 443 563 482 Et ſi lr is vlteri pote eſt quis eſſe
1 531 828 584 GISPARLENSIS.
145 588 609 623 IDe Paſtore ad amicam properante.
24 694 685 727 I; nauum p tocede pecus;iam ſurgit in altum
25 728 624 761 Phœbus,,& arentes lumine ſpargit agros.
24 760 660 793 Tu tamen lauc illuc lentis mihi paſſibus erras;
27 795 655 828 Immem or ad flammas me properare meas.
25 827 706 869 I Aut mecuin gradere, aut nullo cuſtode relictm,
25 863 535 894 Protinusà rabidis dilaniare lupis.
145 992 678 1035 Potas diuim furore cxcitari, & prope
370 1026 547 1065 felic eſe.
33 1071 653 1135 . ESTISintus excitat vates igorx
132 1104 585 1139 traque ſemper promouet:
36 1139 575 1180 Illic vt :llos ſiſtat, vnde mouerant
74 1173 395 1215 Coeloque ciues aſſerat.
694 1203 855 1238 Don
