1501 1435
271 7 660 37 AVREL. I.I.
50 49 594 79 Tantorum inueniam modum laborum.
60 83 446 116 Heu, duro ſatius fuit tyranno
34 117 498 149 Seruire, & gemere in tuo, Perille,
33 150 507 184 Tauro condite, Gorgonisve vultu
47 181 493 215 Obdureſcere, paſcere & rapacem
34 212 520 248 Crebro pectore Caucaſi volucrem;
44 249 536 281 Qum ferre imperium malæ puellæ.
59 282 495 311 Nam ſolus licet ambules beat us,
42 315 449 348 Et pleno teneas amore faſtus;
54 349 501 381 Pondus nulla tamen diu puella
54 381 562 414 Habet, multiuola & maligna, & audax:
35 414 548 444 Nec ſic flamine ſubmouentur vndæ,
34 448 598 481 Vt mentem huic variæ premunt procellæ,
34 479 611 514 Obſiſtam tamen, & leuem & ſuperbam
34 515 505 548 Prece, & muneribus minisq; nitar
34 548 570 581 Firmam tempore reddere& benignam.
38 581 488 613 Sic molli lapides cauantur vndâ,
50 614 483 647 Sic rubigine conteruntur enſes.
31 647 575 681 Quod ſi tam validum ac porens acumen
48 680 508 713 Non profecerit; attamen proteruo,
34 714 504 753 Nulla ſoluet amore me ſenectus.
262 750 474 773 In Amorem.
17 777 498 813 Erisne carnifex Amor, ſatur noſtri
27 813 649 847 Cruoris vnquam? an improbas manus ſempes
25 845 605 879 Mouebis? atque ſaucium hot iecur tantum
43 880 535 913 Petes iniquus? & memor parum iuris;
24 912 590 945 Quod arma ne quis inferat, monet capto.
28 945 588 986 Tibi frequenter heu, manum dedi victus,
34 979 480 1011 Et vlcus ipſe millies reuelaui,
33 1012 496 1045 Vbique putre redditum die longâ.
38 1043 557 1076 Nec vlla lenit id medela, nullumque
41 1076 518 1109 Leuamen intus ardor excitus ſentit;
32 1108 508 1141 Sed vror vſque:nec ſatis tibi viſum
31 1141 508 1174 Ferire pectus impio probum ferro
31 1175 498 1217 At vris, inia uouens faces diri.
749 1207 826 1235 ero
