1019 1327
412 30 777 57 IO.AVRELII
198 74 709 109 Fero tamen lubenter hæc miſer cuncta,
199 108 808 142 Volensqueſcredat hoc quis?& fouens ignem
197 141 732 174 In igne verſor, vt feram ferunt quandam
201 175 673 208 Camino ineſſe ſæpe, nec pati, ignito;
199 208 722 241 Inter ſed ire quo magis queat flammas,
413 244 684 275 Ad Cnuper iniatam.
200 274 734 309 Qu, virgo, tendis omnium pulcherrima?
239 309 627 341 Quò te miſella ſubtrahis?
201 341 679 373 Vbi decorem protinus tantum, velut
235 373 542 402 Effecta vecors, occulis?
201 407 716 441 Heu quo repente, quo fugis? qu te tibi
239 441 563 475 Aufers? malorum neſcia,
200 473 739 508 Quæ te petent, te different, in te vndique
239 507 543 540 Facto ferentur agmine.
205 540 651 574 Vbi parentes impie temnens gravi
240 572 519 599 Dolore feſſos deſeris?
186 605 679 640 Quibus cor vna eras, & vna ſpiritus.
238 640 550 672 Etrasque prorſus omnia.
205 671 753 708 Hoſtilis ecquid improbe quicquam magis
239 708 590 740 Manus patrare quiuerit;
206 738 680 773 Quam fi fouentis filiam matris finu
240 774 621 806 Aut patris amplexu auferat?
200 806 655 839 Ops inepta diuitis tantas domus;
189 839 635 873 Sumptusque tantos deſpicis?
205 873 743 907 Ornatus, annos qui tenellos, qui enus,
240 904 632 940 Quite decebat, ſpernitur?
204 937 811 974 Quàm triſtis omnis heu iuuentus linquitus
237 971 628 1000 Sed inter omnes triſtior,
204 1000 628 1039 tate ſi quis floridâ tuas puer
241 1039 557 1073 Optarat ardens nuptias:
204 1069 629 1104 Qui te, tuosque prole felices diu
237 1104 592 1138 Pulchrâ nepotum redderet.
412 1141 588 1174 Roſpſiopro c
186 1150 685 1217 Tentare quid tot impis piam modi
240 1199 536 1245 Iatus puellam ueei
