1003 1343
390 32 762 71 IO.AVELI
171 78 594 111 Rupes vel alti dirutas repit iugi.
173 113 621 136 Solatur acres interim curas tamen
174 143 738 178 Quandoque laſſus, ad ſacræ lymphæ capat,
175 178 662 209 D lcique blandis conſonâ verbis lyrâ
173 210 714 243 Nymphis amores conquerens ſuos canit.
173 244 705 276 Nymphæ,perennis fontis almæ piæſides,
175 276 787 311 Quæ me cadentem iam, atque femimortuum
175 310 690 343 eſtri frequenter ope liquotis excitum
174 344 630 376 Fouetis; atque alacriorem redditis,
175 376 679 410 Vt ſorte curſus iam mihi datos ſequar:
174 411 670 443 Ecquid pii me compotem voti queam
173 443 722 476 Vnquam videre?an ſemper infenſus meæ
173 476 657 509 Luci, meoque ſpiritu degam grauis,
175 510 664 542 Quæ vita, quæ cor vnice ſpirat mihi?
174 542 672 574 Deſideratos ecce in amplexus feror,
174 575 618 600 Et cara tendo inſaniens ad oſcula.
175 609 564 641 O delicati pectoris papillulas:
173 641 731 675 Iam ſemipoma molliter quæ prominent.
176 675 648 700 O colla Parium marmor excedential
177 707 577 741 O ſuauianda centies labellula
177 739 691 773 Sparſas rubentes ore quid dicam roſas
175 774 594 808 Albis liguſtris candidisque liliis?
178 807 664 841 Totius edam quid micans oris iubar?
176 839 680 873 Vel quæ ſerenâ fronte lucent ſydera?
164 874 659 907 Et quicquid illic aureus vertex tegit?
164 905 667 940 Cum nocte ſemper & die me ſaucient
178 940 607 974 Quæ pulchriora ſuſpicorlarentia.
334 977 503 1008 Orus ad ycen.
177 1006 657 1040 Tenebo te nunc & fruar cupidine
174 1040 583 1073 Deiderato tamdiu Lyce mihi:
178 1073 676 1108 Spectabo præſens æmulique ſiderum
178 1106 583 1132 Ictus orelli ſuſtinebo cominus.
177 1138 606 1165 Deoſculabor os tenellum ſuanio
180 1168 616 1199 Preſſo labellis molliter mellifluis.
178 1203 661 1243 ratas amatis eu tibi voces propè
881 1240 1001 1274 Hau-
