<?xml version="1.0" encoding="UTF-8" standalone="no"?><PcGts xmlns="http://schema.primaresearch.org/PAGE/gts/pagecontent/2019-07-15" xmlns:xsi="http://www.w3.org/2001/XMLSchema-instance" xsi:schemaLocation="http://schema.primaresearch.org/PAGE/gts/pagecontent/2019-07-15 http://schema.primaresearch.org/PAGE/gts/pagecontent/2019-07-15/pagecontent.xsd"><Metadata><Creator/><Created>2022-04-11T11:48:12</Created><LastChange>1970-01-01T00:00:00</LastChange><Comments/></Metadata><Page imageFilename="0323.png" imageHeight="1442" imageWidth="1501"><TextRegion id="r1" orientation="0.0" type="paragraph"><Coords points="1,1 1499,1 1499,1440 1,1440"/><TextLine id="l1"><Coords points="280,9 280,41 675,41 675,9"/><TextEquiv><Unicode/></TextEquiv><TextEquiv index="1"><Unicode>AVGVRELLI.</Unicode></TextEquiv></TextLine><TextLine id="l2"><Coords points="85,54 85,87 594,87 594,54"/><TextEquiv><Unicode/></TextEquiv><TextEquiv index="1"><Unicode>Haurire cupidis nunc licebit auribus.</Unicode></TextEquiv></TextLine><TextLine id="l3"><Coords points="492,89 234,87 201,89 69,90 69,120 492,121"/><TextEquiv><Unicode/></TextEquiv><TextEquiv index="1"><Unicode>At ipſe felix &amp; beatus audiam</Unicode></TextEquiv></TextLine><TextLine id="l4"><Coords points="602,120 554,120 547,122 263,121 191,123 134,123 87,121 87,147 602,147"/><TextEquiv><Unicode/></TextEquiv><TextEquiv index="1"><Unicode>Coram ſonantis dulce murmur oſculi.</Unicode></TextEquiv></TextLine><TextLine id="l5"><Coords points="87,154 87,182 560,182 560,154"/><TextEquiv><Unicode/></TextEquiv><TextEquiv index="1"><Unicode>Narrabis, vt me maximi ſolum facis.</Unicode></TextEquiv></TextLine><TextLine id="l6"><Coords points="83,186 83,221 627,221 627,186"/><TextEquiv><Unicode/></TextEquiv><TextEquiv index="1"><Unicode>Et cuncta pro me iam tibi ſordent ſimul.</Unicode></TextEquiv></TextLine><TextLine id="l7"><Coords points="84,221 84,254 570,254 570,221"/><TextEquiv><Unicode/></TextEquiv><TextEquiv index="1"><Unicode>Vt prorſus vni te colis &amp; ornas mihi:</Unicode></TextEquiv></TextLine><TextLine id="l8"><Coords points="595,286 595,255 75,254 75,286 579,287"/><TextEquiv><Unicode/></TextEquiv><TextEquiv index="1"><Unicode>Et mi placere, quo queas, ſemper cupis.</Unicode></TextEquiv></TextLine><TextLine id="l9"><Coords points="748,285 653,285 646,287 579,288 87,287 87,318 186,320 748,320"/><TextEquiv><Unicode/></TextEquiv><TextEquiv index="1"><Unicode>Contra ſed, inquam, miſerum vt ipſe me putem</Unicode></TextEquiv></TextLine><TextLine id="l10"><Coords points="604,321 300,320 186,321 86,319 86,353 604,353"/><TextEquiv><Unicode/></TextEquiv><TextEquiv index="1"><Unicode>Ni ſemper vnà tecum agam præſentius.</Unicode></TextEquiv></TextLine><TextLine id="l11"><Coords points="678,354 85,354 85,385 91,386 678,387"/><TextEquiv><Unicode/></TextEquiv><TextEquiv index="1"><Unicode>Atque vt propinquem. deſerarque nuſpiam,</Unicode></TextEquiv></TextLine><TextLine id="l12"><Coords points="646,388 641,387 84,387 84,419 646,419"/><TextEquiv><Unicode/></TextEquiv><TextEquiv index="1"><Unicode>Horrenda quæque oupiam adire &amp; perpeti,</Unicode></TextEquiv></TextLine><TextLine id="l13"><Coords points="614,421 84,420 84,451 614,452"/><TextEquiv><Unicode/></TextEquiv><TextEquiv index="1"><Unicode>Omnique tecum coner vt degam modo,</Unicode></TextEquiv></TextLine><TextLine id="l14"><Coords points="610,455 607,454 123,452 101,453 71,451 71,480 557,483 610,483"/><TextEquiv><Unicode/></TextEquiv></TextLine><TextLine id="l15"><Coords points="71,480 71,518 610,518 610,483"/><TextEquiv><Unicode/></TextEquiv></TextLine><TextLine id="l16"><Coords points="82,519 82,556 631,556 631,519"/><TextEquiv><Unicode/></TextEquiv><TextEquiv index="1"><Unicode>Quod ſic in vnum proſpere conuenimus.</Unicode></TextEquiv></TextLine><TextLine id="l17"><Coords points="217,572 217,602 539,602 539,572"/><TextEquiv><Unicode/></TextEquiv><TextEquiv index="1"><Unicode>Flora &amp; Alcan mutuo ſe</Unicode></TextEquiv></TextLine><TextLine id="l18"><Coords points="341,612 341,630 443,630 443,612"/><TextEquiv><Unicode/></TextEquiv><TextEquiv index="1"><Unicode>amantes,</Unicode></TextEquiv></TextLine><TextLine id="l19"><Coords points="336,683 560,684 560,650 78,650 79,684 220,685"/><TextEquiv><Unicode/></TextEquiv><TextEquiv index="1"><Unicode>Amica si cui præſtitam fidem ſeruat,</Unicode></TextEquiv></TextLine><TextLine id="l20"><Coords points="588,685 71,685 71,715 118,717 589,717"/><TextEquiv><Unicode/></TextEquiv><TextEquiv index="1"><Unicode>0Lætoque ridens annuit Venus vultu,</Unicode></TextEquiv></TextLine><TextLine id="l21"><Coords points="555,749 555,718 392,717 157,719 79,717 79,750 423,750"/><TextEquiv><Unicode/></TextEquiv><TextEquiv index="1"><Unicode>Dici beatus hoc magis poteſt nemo.</Unicode></TextEquiv></TextLine><TextLine id="l22"><Coords points="669,749 219,752 82,751 82,782 97,783 293,784 588,782 669,784"/><TextEquiv><Unicode/></TextEquiv><TextEquiv index="1"><Unicode>At ſi qua amantem perdite eſt virum nacta,</Unicode></TextEquiv></TextLine><TextLine id="l23"><Coords points="597,784 85,784 85,815 92,816 597,816"/><TextEquiv><Unicode/></TextEquiv><TextEquiv index="1"><Unicode>Cupidinis que vinculo tenet vinctum,</Unicode></TextEquiv></TextLine><TextLine id="l24"><Coords points="461,817 403,816 276,818 140,818 80,816 80,842 461,842"/><TextEquiv><Unicode/></TextEquiv><TextEquiv index="1"><Unicode>Felicitati iam ſibi viam fecit.</Unicode></TextEquiv></TextLine><TextLine id="l25"><Coords points="637,882 637,848 259,851 137,851 110,849 82,849 82,881 86,882 535,883"/><TextEquiv><Unicode/></TextEquiv><TextEquiv index="1"><Unicode>Sed ſi quis ardet, nec parem refert ignem</Unicode></TextEquiv></TextLine><TextLine id="l26"><Coords points="632,883 83,883 83,914 632,914"/><TextEquiv><Unicode/></TextEquiv><TextEquiv index="1"><Unicode>Grato ex Amore, nec ſibi modum ponit;</Unicode></TextEquiv></TextLine><TextLine id="l27"><Coords points="603,948 603,916 138,917 82,915 82,948 517,949"/><TextEquiv><Unicode/></TextEquiv><TextEquiv index="1"><Unicode>Miſerrimis æque omnibus miſer viuit.</Unicode></TextEquiv></TextLine><TextLine id="l28"><Coords points="614,949 82,949 82,983 580,981 586,984 614,984"/><TextEquiv><Unicode/></TextEquiv><TextEquiv index="1"><Unicode>Quod ne ſuperſtet prouidis onus vobis,</Unicode></TextEquiv></TextLine><TextLine id="l29"><Coords points="526,1014 526,983 85,984 85,1013 147,1015 461,1015"/><TextEquiv><Unicode/></TextEquiv><TextEquiv index="1"><Unicode>Cauetis vna, mutuoque vos inter</Unicode></TextEquiv></TextLine><TextLine id="l30"><Coords points="568,1014 461,1016 226,1015 147,1016 84,1014 84,1044 106,1046 568,1047"/><TextEquiv><Unicode/></TextEquiv><TextEquiv index="1"><Unicode>Pendetis affectu, vnicique conſenſus</Unicode></TextEquiv></TextLine><TextLine id="l31"><Coords points="86,1049 86,1080 537,1080 537,1049"/><TextEquiv><Unicode/></TextEquiv><TextEquiv index="1"><Unicode>Dulcem tenore ducitis pio vitam.</Unicode></TextEquiv></TextLine><TextLine id="l32"><Coords points="457,1111 533,1112 533,1080 430,1082 69,1080 69,1110 220,1113 433,1113"/><TextEquiv><Unicode/></TextEquiv><TextEquiv index="1"><Unicode>Sic hæret vlmo proxime diu vitis;</Unicode></TextEquiv></TextLine><TextLine id="l33"><Coords points="550,1145 550,1113 457,1112 398,1115 274,1115 219,1113 87,1112 87,1144 205,1144 257,1146 452,1146"/><TextEquiv><Unicode/></TextEquiv><TextEquiv index="1"><Unicode>Inſeparato compari gemit Turtur.</Unicode></TextEquiv></TextLine><TextLine id="l34"><Coords points="607,1145 453,1146 372,1149 323,1149 205,1145 88,1145 88,1177 215,1179 429,1179 452,1177 525,1177 547,1179 607,1179"/><TextEquiv><Unicode/></TextEquiv><TextEquiv index="1"><Unicode>Vno Palumbes congerut loco nidos.</Unicode></TextEquiv></TextLine><TextLine id="l35"><Coords points="515,1178 452,1178 373,1182 87,1178 87,1220 515,1220"/><TextEquiv><Unicode/></TextEquiv><TextEquiv index="1"><Unicode>Adiunctus vni pipilat ſuæ Paſſer</Unicode></TextEquiv></TextLine><TextLine id="l36"><Coords points="874,1199 813,1199 810,1203 791,1204 791,1244 875,1243"/><TextEquiv><Unicode/></TextEquiv></TextLine><TextEquiv><Unicode/></TextEquiv></TextRegion></Page></PcGts>