1501 1442
280 9 675 41 AVGVRELLI.
820 14 876 50 s
85 54 594 87 Haurire cupidis nunc licebit auribus.
69 87 492 121 At ipſe felix & beatus audiam
87 120 602 147 Coram ſonantis dulce murmur oſculi.
905 123 950 174 I
87 154 560 182 Narrabis, vt me maximi ſolum facis.
83 186 627 221 Et cuncta pro me iam tibi ſordent ſimul.
84 221 570 254 Vt prorſus vni te colis & ornas mihi:
75 254 595 287 Et mi placere, quo queas, ſemper cupis.
87 285 748 320 Contra ſed, inquam, miſerum vt ipſe me putem
86 319 604 353 Ni ſemper vnà tecum agam præſentius.
85 354 678 387 Atque vt propinquem. deſerarque nuſpiam,
84 387 646 419 Horrenda quæque oupiam adire & perpeti,
903 392 946 429 I
84 420 614 452 Omnique tecum coner vt degam modo,
82 519 631 556 Quod ſic in vnum proſpere conuenimus.
217 572 539 602 Flora & Alcan mutuo ſe
341 612 443 630 amantes,
78 650 560 685 Amica si cui præſtitam fidem ſeruat,
6 685 589 717 0Lætoque ridens annuit Venus vultu,
79 717 555 750 Dici beatus hoc magis poteſt nemo.
82 749 669 784 At ſi qua amantem perdite eſt virum nacta,
85 784 597 816 Cupidinis que vinculo tenet vinctum,
80 816 461 842 Felicitati iam ſibi viam fecit.
82 848 637 883 Sed ſi quis ardet, nec parem refert ignem
83 883 632 914 Grato ex Amore, nec ſibi modum ponit;
82 915 603 949 Miſerrimis æque omnibus miſer viuit.
82 949 614 984 Quod ne ſuperſtet prouidis onus vobis,
85 983 526 1015 Cauetis vna, mutuoque vos inter
84 1014 568 1047 Pendetis affectu, vnicique conſenſus
86 1049 537 1080 Dulcem tenore ducitis pio vitam.
69 1080 533 1113 Sic hæret vlmo proxime diu vitis;
87 1112 550 1146 Inſeparato compari gemit Turtur.
88 1145 642 1179 Vno Palumbes congerut loco nidos.
87 1178 515 1220 Adiunctus vni pipilat ſuæ Paſſer
613 1202 738 1238 T
