1014 1336
351 1 726 43 IO.AVRELII
191 44 852 83 Ad Paulum Decanalem. Beate viuere, qui amori,
430 82 737 114 diſciolinis ineumbunt.
172 115 661 150 Silene, nam cum dulc.s Euhyus tibi
207 151 492 182 Inflare venas cœperit,
172 181 634 215 Arcana claro cuncta cernis lumine,
207 217 511 251 Vltroque viſa prædicas:
171 247 750 285 Dic, oro, quænam cauſſa ſie mortalium
206 284 523 312 Mentes inanes concitet,
173 313 692 348 Volens vt vllus haud vicem ferat ſuam;
208 348 603 386 Sed quiſque prorſus improbet.
173 382 711 418 Hæc ego: mihi cum reddidit contra Deus
208 416 497 445 Amotus ora cautharo:
174 447 757 486 Ne quære, quod mortalis vnquam vis nequt
210 482 516 517 Indagine vllâ conſequi.
173 514 651 549 eſt, ſupremo ſic ſemel viſum Ioui,
208 556 525 585 In æs vt aurum verterat,
172 580 666 617 Ierroque deinceps inquinarat ſecula,
212 616 544 642 Ouondam beata & aurea.
172 648 715 679 Hæc ratus ille, munus ad ſuum redit,
208 682 503 717 Sitimque ſedat anxius.
173 715 738 751 At tu per omnes, Paulle, ne putes tamen
207 749 523 784 Id vſquequaque porrigi;
173 779 675 815 Vt nullus vnquam ſorte contentus ſu
208 817 473 851 Poſſit beatus viuere.
172 847 639 882 Vertm putato quos hiantes vider
208 881 552 915 Vel ſemper his honoribus,
173 913 683 952 Quos aura vulgi ventilat, vel rebus hi,
206 949 521 982 Fortuna quas dat vnica,
173 982 635 1013 Eos nec vllâ ſorte contentos, neque
207 1016 466 1049 Vllâ beatos degere:
173 1047 682 1081 ed eſſe multa, triſte quæ virus queant
208 1082 559 1115 Horum per artus ſpargere.
174 1113 605 1149 At qui relictis anxiis curis procul
209 1148 520 1182 Vitam quiete protrahit,
175 1180 609 1217 Vel qui puellæ gratus im ſinu ſua
870 1214 977 1242 Am-
