1480 1416
64 29 363 63 Amoris igne aduritur;
31 58 563 98 Aut qui ſororum concitus ſacris nouem
67 97 367 123 Phœbi furore ducitur.
1 128 539 165 His pura mentis lux renidet omnibus.
1 163 353 195 Aërque cedit nubilus.
34 194 581 231 Hinc tu pudentinam ſapis cupidine
73 230 376 262 Raræ teneris virginis,
36 260 593 295 Et verba,tum modos amas , tum ſplendid
72 295 389 327 Vultus nitorem ſuſpicis.
35 327 559 361 Hoc præſtat ægro ſanus, hoc intelligens
69 361 410 387 Indocto amator intereſt.
35 393 588 429 Ingreſſus hanc tu ſemitam, complecteris
72 428 415 461 Quicquid beatis conuenit.
35 460 526 494 Nam ſingularis obtigit quondam tibi
67 495 382 521 Primis ab annis indoles.
35 527 494 560 Mores ſecuti ſunt, & artes optimæ,
71 562 377 595 Quibus potenti cæteros
28 593 592 627 Præcurris auſu iuuenis; aa harum quoque
70 628 365 660 Ardore flagras intimo.
37 660 559 694 Vterque ſummus eſt & impotens Amor.
72 694 440 727 Vterque cœlo prouenit.
34 727 430 758 Nutu tuetur ille ſe Cupidinis,
73 760 436 793 Hic lege contr Pallados.
38 792 589 827 Quis ſorte non contentus hac? quis deniq
72 827 455 852 Te non beatum duxerit?
125 860 563 894 Ad Sebaftianum Medulum. De amo-
277 894 408 926 re coniugali
37 925 572 960 Tu ne putato dulcius quicquam tibi
37 959 446 993 Poſſe euenire cariuſve Medule,
38 993 491 1026 Quàm ſi fidelis mutuo reſpondeas
40 1025 528 1059 Amore Virgo, quæ venuſtis moribus,
42 1058 499 1090 Raræq; formæ vinculis te cœperit.
9 1090 559 1123 Sed nulla maior extat & patet fides,
38 1124 581 1158 Amor nec vllus irmior, quàm coniugis.
48 1157 636 1193 Quæ vix adulta patriam inquit domum.
731 1180 815 1211 Oaro-
