1026 1360
427 40 775 76 IO.ARELII
215 50 260 79 29s
217 94 650 128 Caroque felix degit in ſinu viri.
217 128 843 162 Hanc ipſa namque ventilat facem Venus
214 162 759 196 Vt viuat, vtque creſcat hanc ſemper fouet.
216 196 705 229 O quid quis vnquam deligat beatius,
218 229 685 262 Quam ſic amatâ re potiri proſpere?
216 260 824 295 Vt t propinquo hanc ſpectet, hanc vt oſculo
217 294 765 328 Donet licenter, huic vt amplexum ferat,
215 328 700 361 Vnique molli fas ſit vt cubet thoro.
220 362 677 394 Quid ſi faceta dulcibus iuuet iocis
216 394 714 422 Et te iacentem tollat, & triſtem leuet,
214 428 740 459 Ac mox decenti prole te reddat patrem,
216 459 673 493 Bleſaque cireum voce nati luſitent?
218 493 764 527 Nec itterarum ſtudia prorſus quippiam
218 527 681 557 Vllove pacto, vt arbitrantur, læſerit.
219 560 681 586 Sed vna curas auferens domeſticas
219 594 641 626 Ardentiorem te per illa duxerit.
219 626 699 660 Hæc te putabit alteram ſe protinus,
218 659 728 693 Hanc temet efſe, cum putabis alterum:
219 693 685 726 Quin illa tuque iam duo, nunc vnici
218 726 623 758 Viuetis vno ſub fauore ſpiritus.
318 760 814 783 Ad Marinum Lamberum. Amori ls.
220 791 732 824 Quid hoc Marine, & vnde ſuſpicer dari?
220 824 705 859 Fidelium eſſe Amantium, ſub altero
219 857 689 891 Vt alter vſque viuat, & cor inuicem
220 892 661 924 Agat colentis in colente pectore?
221 924 786 958 Quid illud eſt quoque, vt magis velit nih
202 958 728 990 Et optet hoc, quod ardet: ac nihil putet
221 992 688 1025 Honoris, atque ies amata, dignius?
222 1025 676 1058 Quid vt valore nullius capi queat,
220 1058 634 1089 Amore nullius, pudore nullius,
222 1089 776 1124 Sed vna ſemper ante forma prodea;
221 1124 651 1157 Ametur & colatur vna maxime?
229 1156 634 1192 At ipſa, forte ſi peire contigit,
225 1188 706 1223 Tamen relinquit hæc ſui cupidinem.
221 1218 813 1264 Procul recedat hæc, idem hoc facit quoque.
916 1258 995 1284 Mano
