1485 1402
245 1 611 36 AVGVREL I
723 8 827 41 29
42 36 610 74 anet repoſta mente Amantis vnica:
3 73 538 107 Nec alteram ingredi ſinit, ſed eiicit,
1 106 533 142 Inepta ſi qua forſan hic erat prius.
1 136 564 176 Amante prorſus eſt venuſtius nihil:
897 180 937 229 I
1 172 538 208 Amore namque feruidus nitet, velut
49 206 529 238 Domus renidet igne læta ſplendido.
51 240 584 272 Amore conſtat omne quod vides, Amer
52 273 545 299 Decentis vnus omnis eſt boni Pater.
266 308 588 331 AdHieron. Bononium:
1 339 482 375 Adeto, diua Pieris, volens mihi,
1 372 531 405 Diu tuere munus hoc, quod a ffero
1 406 557 438 Tuo decente nunc in æde præſidi
881 430 933 461 I
51 438 570 472 Opus quod ipſa nam magis probaueris
1 473 494 505 Eo.quod ille qui Deas colit, volet
49 505 487 539 Piis perenne nuncupare vatibus?
53 538 484 571 Tabella ſi qua diis dicetur illita
48 572 469 601 Potentis artis inditis coloribus,
50 604 551 639 Videre pictor alter hanc ſtatim ſolet
48 639 587 675 Amicus ante, quam piobanda protinus
48 672 517 705 Vel improbanda proferatur inſciis.
47 706 566 739 Peritus ergo cùm propinquat artifex,
46 739 564 773 Quod auctor ipſe forſitan nequiuerat
45 772 471 804 Amore captus interim reividet
49 804 552 840 Quid illa peccet, aut quid elegantibus
46 839 463 872 eferta poft exhibere gratiis.
46 873 518 906 Idem poëta, iudcis gerens vicem.
46 906 483 940 Aget fodalis in recente carmine,
47 937 546 969 dem, Bononi, ous libellus hic tibi
833 952 949 970 P
45 970 459 1003 Meus, tuo ſed exaratus omine,
48 999 557 1037 Dabit ſubire, me expetente amicula.
50 1038 488 1071 Polbis æquus, eluesqne ſordium
50 1070 531 1105 Erit quod intus & foris faberrime.
52 1103 556 1136 Nee ipſa fraude gloria inquinabiturs
49 1137 510 1169 Vbi micare quid tibi videbitur.
50 1169 619 1203 Locare carmen haud poteſt inepts
766 1191 888 1241 or
710 1237 984 1308 æ
