1033 1339
439 4 759 31 IO.AVRELII
230 48 686 84 Poëta, qui vnicis dicat potentibus,
228 84 656 115 Prus nec auris erudita quæcitur.
384 117 706 141 Ad Lodouicum Marcellum.
229 149 692 183 Marcell, quo non alter eſt beatior,
225 180 761 215 Si, quod beatum eſt, ipſe tecum penſites:
229 216 744 249 Tibi frequenter, vrbe vel ruri velis,
223 248 720 275 Ludunt decentes hinc & inde Gratiæ.
222 282 762 315 Tuam fequentat optimus ciuis domum
224 315 668 348 Peritus omnis arte quauis artifex;
223 349 673 381 Muſis amicus omnis & vates pius.
222 381 709 415 des honeſtis commodis pares tuis,
222 415 762 448 Lautis renident vndecumque ſumptibus.
219 448 653 482 Vrbana profert hæc tibi ſe gratia.
221 483 656 514 Ruralis æque nec moratur altera:
220 514 703 547 Vbi virentis prædium collis petas
216 547 744 581 Vtumque amœnum, ſiue rupis horridæ
218 581 690 612 Antro, vel vndâ limpidi fontis iuuat
221 613 761 647 Spetare Nymphas, vel ſacro paſſim De
220 647 731 679 Luco vagantes, cum tibi puriſſimis
221 680 707 714 Pomona replet fœtibus mitis ſinum,
218 713 722 747 Cum Flora ſertis floridis ambit caput
218 747 660 780 Et læta cornu prodit amplo copia.
217 780 618 813 Duabus ergo ſic beatus Gratiis
217 813 687 846 Videre multis:at mihi diues, potens,
216 846 663 881 Benignus:iſta ſic fatemur ſingula:
215 879 665 910 Totum negamus illud, vt beaueris
215 913 752 947 His te:ſed ampliore commodo, quod hi
214 946 721 979 Contentus omni degis ambitu procu;
199 979 693 1012 Nec plura quæris liber, & viuens tibi:
214 1012 696 1045 Sororque inhærens ſic duabus tertia
211 1044 667 1080 Quæ vera doctis creditur felicitas
209 1079 642 1112 Hæc vna reddit te beatum grati.
315 1113 622 1146 Alcimi, d Alconis Amr.
211 1143 787 1180 Ludunt laſciuæ Chlorisque & Flora puellæ,
245 1175 787 1224 Viidi in ſolo proptes ſcatentem riuulum.
870 1218 999 1255 Mpetant
