963 1344
353 28 680 52 Io. AVRELI
124 32 175 56 3or
164 71 682 105 Furit ſed impotens & impatiens moræ;
131 105 673 138 Et ſæpe occultas agitat, mutatq; latebras,
163 138 700 171 Motis frequenter hinc & inde frondibus.
131 171 673 204 Donec proripiunt pauidis ſe curſibus illæ,
164 205 588 238 Viſas vt altis ſentunt ſe rupibus:
130 238 699 271 Hi vero immoti pendent, viſuq; ſequuntur,
166 272 663 305 Quocumque feſſæ delitecunt abditæ.
197 302 813 329 Ad Marcum Maarorenum. Ab amore dehorrati.
130 338 673 371 Putabis omnium miſerrimum, qui amat;
132 372 573 404 Amore ſi quidem graui teneberis.
133 404 542 437 Tibi beatus hic item videbitur;
131 438 521 471 Fauebit aura ſi tibi Cupidinis
129 471 685 505 Fit inter hæc,, quod ambigat nihil: premit
126 505 655 539 Vel eleuat; probatq; ſemper alterum
129 538 596 569 Amor, ſuprema non tenre neſcius.
133 572 576 605 Nmis dolebis ergo, vel leui nimis
115 605 603 638 Fereregaudio, ſed & metus quoque
130 639 534 671 Et ægra te Cupido coget acrius
115 671 606 704 Amara quæq;, & execranda perpeti.
116 703 531 735 Id ipſe ſentiens, breui periculo
135 737 593 771 Caue puer, nec vlcus altius putre
129 771 514 803 Agi, ſederve id diutius ſinas.
129 803 629 837 Tenella ſi qua duxeris, manum ſtatim
131 837 600 870 Sequentur apta: ſi ſubinde dureant,
132 869 619 902 Vt aſſolent inepta prorſus hæſerint.
114 902 649 936 Tenebit hinnulus, ſemel quod hauſerit,
114 936 645 965 Diu; nec ille verbera, aut minas timens
130 968 557 1003 Lupata vector obſtinatus audiet.
248 1000 677 1037 Ad Chryſillam, virginum exemplar.
118 1036 571 1064 Micare ſi cui non videntur ſidera,
165 1069 486 1098 Nitere nec Phœbi ſoror;
115 1101 665 1137 Forſan nec illi Phœbus ipſe fulſerit,
166 1136 513 1169 Per quem renident omnia.
115 1167 652 1194 Cui tu venuſtis non videris moribus
150 1200 446 1233 Ornataſupra ocæteras,
853 1177 961 1264 m
