1499 1408
11 25 721 59 ienn, Chryilla, quid modus it, quid pudor,
66 59 430 94 Nec quid venuſtas nouerit.
15 91 509 127 xemplar eſfe ne moreris omnibus,
70 128 396 153 Nec ſe morentur cæteræ,
1 158 554 200 Quin te ſequntur, eminens cœleſtium
71 192 421 218 Munus datum mortalibus.
1 225 485 259 Vt vna cœlo graditur e tribus Den,
73 259 447 293 Quæ Paride præſtat iudice,
17 291 536 326 Illamq; Diuæ circuunt, volentibus
72 326 392 353 Iunone ſic, & Pallade:
18 357 561 392 Sic multa te ſequentium ſemper cohors
72 392 414 426 Circumferatur virginum;
904 412 936 431 s
18 425 552 458 Decusq; de te tale fauſtum contrahant,
70 458 364 491 EVenere quale fidera.
105 492 724 525 A ertutium Lambertum. Homines nen eum, uem
274 526 547 559 deberent, finem quærere.
19 556 637 592 Sæpe ego, Bertuti, compreſſo in pectore riſu,
38 593 560 625 Mortales miror volui per inania curas:
20 623 608 658 Interdum, ne quis vitio mihi vertere poſſit,
13 659 679 692 Had veritus, ſi qua ingenio permittere curem,
27 691 517 717 Illuc immiſſis adeo delabor habenis,
18 723 623 758 Vix vt ſurgentes valeam cohibere cachinnos.
33 757 815 791 Nam quotiens animo ſcrutor, qu tendere noſtrum e,
19 791 609 823 Peneq; diuerſum video ſpectantia ſignum
909 805 941 836 I
35 825 596 857 Omnia quæ nobis aptantur ſpicula cornu;
18 858 647 891 Apparet totiens manifeſtè, qui ſtupor intus
20 891 628 924 Humanas habeat mentes; quæ tramite recto
20 923 703 957 Propoſitum nequeuntq; ſequi, nec cernere fine
22 958 569 989 Principio inſeuit nobis natura perennes
21 990 649 1023 Igniculos, quibus accenſi conquirere rerum
21 1023 633 1056 Semina peſſemus, nec non per lubrica firmos
40 1054 621 1089 Ferre pedes, veriq; inuento inſiſtere calle
23 1087 596 1121 Hinc variè expulſis artes fulſere tenebris;
23 1121 639 1155 Q regerent certum per iter mortalia corda.
6 1153 655 1189 Namq; aliæ quamtum poſſit promittereſola
701 1183 818 1220 og-
926 1188 964 1216 l
