1014 1346
394 9 719 52 IO.AVRELII
173 40 220 63 3o4
162 70 743 108 Cognitio, tanto contentæ lumine præbent
176 104 743 141 Se nobis comites, ſeu per concreta perenni
176 138 710 173 Materiæ, motuq; obnoxia, ſiue per illud
178 172 802 210 Quod mens ex ijs ſeducit, fingitq; remotum:
179 205 723 242 Seu per ſenſilibus vere ſemota tenendum
170 238 741 274 Eſt iter, & pura cœleſtis mente petendum.
178 271 759 306 Aſt aliæ his etiam cognatæ, quid ſumus ipſi,
179 302 868 345 Et quod opus nobis proprium, & qui denique finls,
181 338 771 375 Expediunt, ducuntq; pios, verosq; per actus
182 371 788 409 Humanum genus, vt ſemet vtutibus inde,
182 405 745 442 Ingenuisq; domos curis, & moribus vrbes
183 439 766 475 Expleat, ac iuftis mortalia legibus æquet;
183 470 784 508 Vnde ſcatet plene liquidi fons purus honeti:
185 503 898 543 Ex quo quid noſſe, & quantum decet, ac quibus vti
184 539 771 573 Conueniat, quæve elargii, quidq; periclis,
185 572 775 606 Siue labori eſt præbendum, qua parte decori
186 602 868 642 Danda opera, haurimus: nec non vt candida nobi
186 638 737 675 Relligio, & cultus diuini Numinis inſit:
188 669 1011 709 Quâ ſine nil horum; eſſe poteſt, nec profore quicquam
188 704 864 741 Quæ cum fic habeant, quemnam de millibus vnum
187 739 770 774 Imuenias, qui tanta, ac non contrariacuret?
191 769 864 809 Quem non præcipitem cunctarum inſcitia rerum
190 803 776 840 Sic agit, vt nuſquam titubet, nulloq; feratur
191 837 864 872 Errore? at contra quis non ad paruula quæqu
191 870 765 903 Hæret, & offendit minimis obſtantia rimis?
192 903 764 941 Quis non alterius quæ ſunt, ijs certat abuti,
194 935 828 971 Seu fas, fiue nefas? Ergo quis honeſta benignm
194 969 891 1006 Nunc opera inuentus? quis inerti t pectore triſtem
171 1005 838 1041 Segnitiem pellit? quis non vel turpia quæqut
189 1037 791 1068 Et facere, & fari conſueuit? denique cui non
193 1070 810 1105 Vana ſupeſtitio mentem ſuſpendit inanem?
198 1101 853 1140 Quid? quod auarities, & honorum iuſana cupido
196 1137 689 1168 Mortales adeo miſeros exorcet, agitq;
199 1166 898 1206 Per ſcelera, & ſraudes, per vim quoque, perq; ferins
195 1205 800 1238 t noocus rſus oes quodutta fuo
