1483 1461
296 18 616 54 AVGVRELLL
63 60 641 96 N&n ibi, non alijs vllo ſub tempore parcit.
54 96 663 128 Odiras hominum peſtes, & vuluera vitæd
52 125 781 162 Nec me animus fallit, quàm non hæc poſſe probar
61 163 642 197 In vulgus videantut: ita tamen ipſe teneto,
24 195 740 231 Nullam æque ingenijs ſublimibus eſſe fugandam
52 229 699 264 Perniciem, quàm quæ miſerâ ſub pectoris ampli
60 263 659 295 Ambitione latet, ſenſim namq; illud edendo
24 295 619 331 Deijcit, atque animi cogit mox eſſe puſilli.
54 328 779 363 Nec minus his fugiendus amor ſceleratus habendi:
24 363 660 397 Quo nil ſordidius, nil & quod ad ima ruentes
53 395 670 429 Nos adigat magis, ex altoq; exturbet honeſto.
58 430 644 463 Felices nimium Mortales, cernere ſi ſe
32 462 747 496 Interius poſſentl neque enim per deuia quoquam
58 496 636 529 Errarent, ſed iter rectum, certosq; regreſſus
24 530 626 560 Inſtituant illuc, vnde olim accedere terras
56 562 631 596 Poſſe datum eſt illis, & eodem poſſe reuerti
57 594 682 629 Rurſus pro meritis: vbi mens conuerſa ſupern
55 628 699 662 Principio rerum ſummo, proprioq; propinquans
24 662 589 696 Inſinuet prorſus ſolam ſine corpore ſoli;
46 696 542 730 Eeliciq; illic vitâ, vacuaq;laborum
45 729 582 763 Exemptaq; libidinibus, curisq; fruatur.
46 762 593 794 Hic erat ille animi riſus ſpernentis aperte
45 795 618 828 Humana, & ſeſe occulte tollentis in altam,
24 827 726 869 Quam quærit, ſperatq; viam; quâ ſemper anhelet
52 862 598 896 Inuentâ, donec placidæ per munera pacis
44 895 601 928 Corporeâ exutus turbarum labe quieſcat.
41 929 591 963 Hæc ego. non vt iter Bertuti notius extet
41 959 711 994 d tibi, cum tu eadem perte ſapis omnia, ſed qu
50 995 642 1029 Paruula ſignificem vacuæ conamina mentis,
45 1028 576 1060 Vtq, meâ ſi forte aliquid prodeſſe virili
45 1061 670 1094 Iam vaeo, tentem currenti ſubdere calcar.
155 1093 724 1124 Hertatur Andream Caſcrum, vt inanes hominum
373 1129 547 1157 curas rideat-
42 1157 672 1193 Caſtre, meos inter pars non temnenda ſodale
44 1192 660 1233 Qm mih contanti deuinxit pectore ſidus;
754 1222 875 1265 Sidui
