1009 1339
377 42 752 76 IO.AVREL
198 85 828 120 Sidus, quod nobis æqualem temperat horam,
199 119 824 154 Vnde tenax lemper dependet, & vna oluntas;
201 152 798 185 Iam dudum cupio tecum ridere, quod ambos
202 184 838 218 Nos iuuet, & nobis, ſi quicquam eſt vtile, proſt.
201 216 897 254 Eſtne quod exoptent homines magis, atque beatam:
200 254 698 285 Felicemq; diu certatim ducere vitam?
186 283 903 320 Nil porro inuenies, quæras licet; & tamen iſthuc
203 317 888 353 Viuer quod cupimus, non enquam viuimus ipſum.
186 350 888 385 Nam bene cui tantum eſt, vt ſitecum ipſe parumpe
207 384 792 416 Conſideat, ſubito non ſit tibi mille querelis
207 417 764 450 Aurem laturus, tamquam infelicior omni
208 449 820 485 Tunc agat, & nulla non conditione minor ſit?
207 483 790 516 At ſi pauper erit, quamquam fortaſſe ſuamet
211 516 846 550 Culpâ mendicat, fatis tamen imputat, & ſe
211 550 742 582 Sideribus plane natum mentitur iniquis.
213 582 882 617 Pars autem, ſi quid paulum, minimumq; recedit
212 616 782 649 Arectâ curſus, quâ ſe prius ire paraſſent;
213 649 838 680 Protinus exclamant ſecum infeliciter actum.
213 683 779 716 Eſt quem nulla diu delectent gadia, nullæ
214 710 877 748 Blanditiæ; cuncta vſque adeo faſtidit, & illud
213 747 882 784 Quod cupijt iam, mox renuit ſtomachoſus, & odit.
212 782 949 815 Sic omnis quæritur tantumdem, ac dum dolet, omne
215 814 842 848 Amittit, propter quod ſic triſtatur, & ipſam,
216 847 828 879 Cui tam ſemper biat, feſtinat perdere vtam.
217 881 813 913 Hinc ego diſrumpor riſu, quod viuere ſemper
219 916 883 947 Quæramus, numquam interea comitante dolore
218 947 804 979 Viuere coningat; niſi tu fortaſſe vocaris
218 981 804 1014 Id vitam,triſtis quod circumplectitur angor.
221 1014 730 1046 Hic igitur riſus meus a. ridere viciſſim
220 1047 830 1079 Te cupit, atque graes auimo deponere curas,
222 1079 792 1114 Vt placido mecun ſtudas defungier æuo;
224 1113 854 1146 Qod upereſi tantun, perinittens cætera Diuis
225 1146 901 1182 Qo ie cumque daunt. quibus hæc mortalia curæ.
462 1179 581 1211 Iecus.
230 1208 752 1254 ODui metti vlure in luminia auas
908 1251 989 1280 Prodi-
