1484 1403
314 34 630 56 AVCVREI.
84 70 718 109 Prodire, & tenebris exemptos noctis opacæ
86 109 680 141 Vitare obſtantes ſcopulos, & ducere tamdem
85 140 812 174 Fluctiuagam in tutum, maria alta per omnia, cymbam:
84 176 677 209 Deinde per apricos late loca proxima campos
83 209 651 242 Ire, quibus verni ſpirant viridantibus æqua
85 239 734 275 Temperie ephii, quibus & cum flotibus herbæ
88 275 620 307 Non æſtu, non vi concretâ frigoris arent.
86 307 718 336 Et nocuæ abſiſtunt volucres, nec lubricus vllis
85 341 746 374 Innatat anguis aquis, nec humi mala vipera ſerpit.
87 374 685 407 Nulla nec obſitit fera, quæ violenter aduncis
86 407 752 441 Vnguibus ingluuiem, rabidis aut dentibus. explet
86 440 705 473 Plurima, ſed querulis auium concentibus arbos
83 474 701 506 Directa in numerum reſonar, nemoriq; canora
87 506 703 539 Vmbrifero & vitreis reſpondet fontibus Echo.
88 539 647 573 Hinc calathos replet fruticis Pomona beati
79 571 730 608 Fœtibus, inq; finus florum Dea veſte reductâ
89 605 586 631 Texit odoratis reſidens violaria ſertis:
89 638 656 674 Quas inter fœcunda Ceres ſpaciatur, & illi
87 673 618 707 Ruralis pleno colludit Copia cornu.
79 703 652 739 Tum lento Charires videas incedere paſſu
86 738 675 772 Permixtas Nymphis variè ludentibus amplâ
85 772 654 804 Planicie; at Satyros illis intendere paſſim
86 806 645 839 Inſidias, contra Satyris illudere Nympls.
79 839 639 871 Interea volitans circumq; ſupraq; Cupido
85 872 739 906 Intendit ſolidum cornu, exhauritq; pharetram
86 906 646 939 Luſibus alma parens illi comitata, Iocisq;,
85 939 654 972 Reſpondet patibus curis; ſeq; inſerit vltro.
85 972 658 1004 Exercet viridi choreas in gramine Bacchus,
87 1005 659 1037 Ambroſio intonſos perfuſus odore capillos.
79 1036 685 1070 Pampinea inſertis ornatus fronde corymbis:
90 1071 623 1104 Exultatq; hilaris Genius, geſtuq; ſoluto
79 1101 652 1137 Inuitat reſides animos. tum pocula fefſis
88 1133 729 1170 Lemnius exporgens, large Deus ipſe miniſſrat;
79 1168 670 1201 Et facie informi riſus, & diſpare greſſu
91 1198 774 1235 Commouet, haud renuens ludenti parcere purbæ.
803 1233 880 1275 M
