<PcGts xmlns="http://schema.primaresearch.org/PAGE/gts/pagecontent/2017-07-15" xmlns:xsi="http://www.w3.org/2001/XMLSchema-instance" xsi:schemaLocation="http://schema.primaresearch.org/PAGE/gts/pagecontent/2017-07-15 http://schema.primaresearch.org/PAGE/gts/pagecontent/2017-07-15/pagecontent.xsd"><Metadata><Creator>User123</Creator><Created>2020-04-25T21:20:19</Created><LastChange>2020-04-25T21:20:19</LastChange></Metadata><Page imageFilename="0336.png" imageHeight="1333" imageWidth="1052"><TextRegion id="r0" type="paragraph"><Coords points="1,1 1050,1 1050,1331 1,1331"/><TextLine id="r0_l001"><Coords points="449,23 449,50 787,50 787,23"/><TextEquiv index="1"><Unicode>IO.AVRELII</Unicode></TextEquiv></TextLine><TextLine id="r0_l002"><Coords points="236,29 236,54 317,54 317,29"/><TextEquiv index="1"><Unicode>t</Unicode></TextEquiv></TextLine><TextLine id="r0_l003"><Coords points="797,98 797,65 236,65 236,99 497,100"/><TextEquiv index="1"><Unicode>At multo imprimis ſenior proluatus Iaccho</Unicode></TextEquiv></TextLine><TextLine id="r0_l004"><Coords points="824,131 824,99 497,101 231,100 231,130 247,132 769,132"/><TextEquiv index="1"><Unicode>Siſenus, fomnoq; oculos ſubeunte grauatus,</Unicode></TextEquiv></TextLine><TextLine id="r0_l005"><Coords points="854,164 854,131 769,133 525,134 281,134 230,131 230,164 284,166 538,166"/><TextEquiv index="1"><Unicode>Forte vt erat pando recubans, ſummotus aſello</Unicode></TextEquiv></TextLine><TextLine id="r0_l006"><Coords points="845,197 845,165 538,167 449,166 284,167 235,165 235,198 803,198"/><TextEquiv index="1"><Unicode>Labitur. hunc Fauniq; &amp; monticolæ Satyriſci</Unicode></TextEquiv></TextLine><TextLine id="r0_l007"><Coords points="884,197 803,199 585,200 236,199 236,230 884,231"/><TextEquiv index="1"><Unicode>Circumſtant fremitu ingenti: pars tollere pron</Unicode></TextEquiv></TextLine><TextLine id="r0_l008"><Coords points="890,233 643,232 362,234 233,231 233,264 890,264"/><TextEquiv index="1"><Unicode>Inſtat humo; fuſum viridi pars tempora circum</Unicode></TextEquiv></TextLine><TextLine id="r0_l009"><Coords points="233,265 233,298 843,298 843,265"/><TextEquiv index="1"><Unicode>Exanima infundunt refouentis corpora rores.</Unicode></TextEquiv></TextLine><TextLine id="r0_l010"><Coords points="743,330 803,330 803,299 751,298 233,299 233,329 238,330 583,330 624,332 698,332"/><TextEquiv index="1"><Unicode>Adcurrunt veſte vndanti paſſisq; capillis</Unicode></TextEquiv></TextLine><TextLine id="r0_l011"><Coords points="734,363 802,363 802,331 624,333 583,331 270,332 234,330 234,362 250,362 256,364 677,365"/><TextEquiv index="1"><Unicode>Naides in riſum effuſæ, Dryadesq; puellæ</Unicode></TextEquiv></TextLine><TextLine id="r0_l012"><Coords points="880,363 734,364 677,366 436,365 283,366 256,365 250,363 233,363 233,395 236,396 880,396"/><TextEquiv index="1"><Unicode>Hi ſupe impoſitum dorſo capitiq; ſub Antrum</Unicode></TextEquiv></TextLine><TextLine id="r0_l013"><Coords points="802,398 385,397 271,398 232,396 232,428 247,429 802,429"/><TextEquiv index="1"><Unicode>Sublimem feſſi referunt, vbi diua Voluptas</Unicode></TextEquiv></TextLine><TextLine id="r0_l014"><Coords points="822,430 312,431 273,429 223,429 223,455 822,455"/><TextEquiv index="1"><Unicode>Præſidet vmbroſo ſub amæni culmine collis.</Unicode></TextEquiv></TextLine><TextLine id="r0_l015"><Coords points="298,464 298,492 928,492 928,464"/><TextEquiv index="1"><Unicode>Ad Ioh. Anonium Scholam. cxhortatis ad viraute</Unicode></TextEquiv></TextLine><TextLine id="r0_l016"><Coords points="878,497 232,496 232,526 283,526 313,529 878,529"/><TextEquiv index="1"><Unicode>Cur, Schola, radicem perhibent Virtutis amaram</Unicode></TextEquiv></TextLine><TextLine id="r0_l017"><Coords points="721,531 229,529 229,562 721,562"/><TextEquiv index="1"><Unicode>Eſe, ſed illius mira dulcedine plenos</Unicode></TextEquiv></TextLine><TextLine id="r0_l018"><Coords points="764,562 229,563 229,596 764,596"/><TextEquiv index="1"><Unicode>Latius effusa pendere ex arbore fructus?</Unicode></TextEquiv></TextLine><TextLine id="r0_l019"><Coords points="803,595 776,597 469,596 229,597 229,627 233,628 803,628"/><TextEquiv index="1"><Unicode>An cum ſola quat facere &amp; ſeruare beatos,</Unicode></TextEquiv></TextLine><TextLine id="r0_l020"><Coords points="743,661 863,662 863,629 229,629 229,662 395,663 455,661 579,661 676,663"/><TextEquiv index="1"><Unicode>Hæc eadem, voluit præ ſe quoque ferre labores</Unicode></TextEquiv></TextLine><TextLine id="r0_l021"><Coords points="874,664 869,663 743,662 656,664 579,662 456,662 395,664 228,663 228,694 603,694 874,696"/><TextEquiv index="1"><Unicode>An vero in culpâ eſt animus? qui mollis &amp; æger,</Unicode></TextEquiv></TextLine><TextLine id="r0_l022"><Coords points="861,701 800,697 603,695 222,695 222,726 236,727 861,728"/><TextEquiv index="1"><Unicode>Expertem morbi cauſatur, &amp; improbus ipſam</Unicode></TextEquiv></TextLine><TextLine id="r0_l023"><Coords points="226,728 226,761 767,761 767,728"/><TextEquiv index="1"><Unicode>Virtutem vitio, oogente libidine, miſcet.</Unicode></TextEquiv></TextLine><TextLine id="r0_l024"><Coords points="784,762 327,763 227,761 227,791 233,792 275,794 784,794"/><TextEquiv index="1"><Unicode>Namq; capeſcenda nihil in virtute laboris</Unicode></TextEquiv></TextLine><TextLine id="r0_l025"><Coords points="833,796 379,795 295,796 274,794 226,794 226,826 833,826"/><TextEquiv index="1"><Unicode>Vſquam erit, ardenti tibi ſi generoſa volunta</Unicode></TextEquiv></TextLine><TextLine id="r0_l026"><Coords points="828,829 225,828 225,860 384,861 431,859 480,859 525,861 828,861"/><TextEquiv index="1"><Unicode>Adfuerit; quæ dura valet molleſcere, nodum</Unicode></TextEquiv></TextLine><TextLine id="r0_l027"><Coords points="766,862 525,862 480,860 431,860 384,862 227,861 227,893 766,894"/><TextEquiv index="1"><Unicode>Suauia complecti ſtudioſo pectore poſſit.</Unicode></TextEquiv></TextLine><TextLine id="r0_l028"><Coords points="753,895 642,896 225,894 225,926 293,928 753,928"/><TextEquiv index="1"><Unicode>Principijs i forte tibigrauis illa videtur;</Unicode></TextEquiv></TextLine><TextLine id="r0_l029"><Coords points="790,929 331,928 293,929 215,927 215,956 790,956"/><TextEquiv index="1"><Unicode>Haud ita credideris vert, ſed ſenſibus intus</Unicode></TextEquiv></TextLine><TextLine id="r0_l030"><Coords points="1,939 1,979 34,979 34,939"/><TextEquiv index="1"><Unicode></Unicode></TextEquiv></TextLine><TextLine id="r0_l031"><Coords points="745,961 224,961 224,993 745,993"/><TextEquiv index="1"><Unicode>Corruptis aliam tunc apparere, nec illâ</Unicode></TextEquiv></TextLine><TextLine id="r0_l032"><Coords points="1,984 1,1025 33,1025 33,984"/><TextEquiv index="1"><Unicode></Unicode></TextEquiv></TextLine><TextLine id="r0_l033"><Coords points="745,994 291,996 222,995 222,1027 745,1027"/><TextEquiv index="1"><Unicode>Indutam ſpecie, qua debuit eſſe, videri.</Unicode></TextEquiv></TextLine><TextLine id="r0_l034"><Coords points="835,1026 797,1026 787,1028 631,1027 543,1029 276,1028 214,1029 214,1061 576,1061 606,1059 667,1059 720,1061 835,1061"/><TextEquiv index="1"><Unicode>Ac veluti affectis quamquam ſint dulcia gutu</Unicode></TextEquiv></TextLine><TextLine id="r0_l035"><Coords points="796,1063 757,1063 719,1061 581,1061 221,1063 221,1093 223,1094 796,1094"/><TextEquiv index="1"><Unicode>Adpoſita, ingratus ſenſum deludit amaror:</Unicode></TextEquiv></TextLine><TextLine id="r0_l036"><Coords points="846,1094 829,1096 308,1095 280,1096 213,1094 213,1124 246,1126 846,1127"/><TextEquiv index="1"><Unicode>Sic quibus vlcus ineſt animo, quod dira cupid</Unicode></TextEquiv></TextLine><TextLine id="r0_l037"><Coords points="857,1163 776,1163 751,1161 332,1162 219,1158 204,1156 163,1156 159,1151 160,1122 148,1109 92,1109 86,1114 70,1120 66,1124 66,1139 63,1149 59,1148 44,1150 14,1149 10,1147 1,1147 1,1189 51,1190 57,1194 67,1195 79,1206 137,1206 147,1198 158,1198 168,1193 214,1191 310,1191 437,1195 712,1194 749,1195 772,1199 798,1200 807,1205 814,1206 857,1206"/><TextEquiv index="1"><Unicode>xree taotint quamtum diſincta labore</Unicode></TextEquiv></TextLine><TextLine id="r0_l038"><Coords points="985,1111 985,1148 1050,1148 1050,1111"/><TextEquiv index="1"><Unicode>.</Unicode></TextEquiv></TextLine><TextLine id="r0_l039"><Coords points="831,1130 814,1129 483,1128 354,1129 214,1126 214,1156 219,1157 332,1161 831,1161"/><TextEquiv index="1"><Unicode>Fecerit, ij nequeunt oppreſſæ mentis acumen</Unicode></TextEquiv></TextLine><TextLine id="r0_l040"><Coords points="729,1196 497,1195 437,1196 355,1193 214,1193 214,1229 729,1229"/><TextEquiv index="1"><Unicode>Atetnum ſociâ coëat virtute voluptas.</Unicode></TextEquiv></TextLine><TextLine id="r0_l041"><Coords points="971,1231 971,1261 1049,1261 1049,1231"/><TextEquiv index="1"><Unicode></Unicode></TextEquiv></TextLine><TextLine id="r0_l042"><Coords points="157,1267 157,1304 217,1304 217,1267"/><TextEquiv index="1"><Unicode></Unicode></TextEquiv></TextLine></TextRegion></Page></PcGts>