1052 1333
449 23 787 50 IO.AVRELII
236 65 797 100 At multo imprimis ſenior proluatus Iaccho
231 99 824 132 Siſenus, fomnoq; oculos ſubeunte grauatus,
230 131 854 166 Forte vt erat pando recubans, ſummotus aſello
235 165 845 198 Labitur. hunc Fauniq; & monticolæ Satyriſci
236 197 884 231 Circumſtant fremitu ingenti: pars tollere pron
233 231 890 264 Inſtat humo; fuſum viridi pars tempora circum
233 265 843 298 Exanima infundunt refouentis corpora rores.
233 298 803 332 Adcurrunt veſte vndanti paſſisq; capillis
234 330 802 365 Naides in riſum effuſæ, Dryadesq; puellæ
233 363 880 396 Hi ſupe impoſitum dorſo capitiq; ſub Antrum
232 396 802 429 Sublimem feſſi referunt, vbi diua Voluptas
223 429 822 455 Præſidet vmbroſo ſub amæni culmine collis.
298 464 928 492 Ad Ioh. Anonium Scholam. cxhortatis ad viraute
232 496 878 529 Cur, Schola, radicem perhibent Virtutis amaram
229 529 721 562 Eſe, ſed illius mira dulcedine plenos
229 562 764 596 Latius effusa pendere ex arbore fructus?
229 595 803 628 An cum ſola quat facere & ſeruare beatos,
229 629 863 663 Hæc eadem, voluit præ ſe quoque ferre labores
228 662 874 696 An vero in culpâ eſt animus? qui mollis & æger,
222 695 861 728 Expertem morbi cauſatur, & improbus ipſam
226 728 767 761 Virtutem vitio, oogente libidine, miſcet.
227 761 784 794 Namq; capeſcenda nihil in virtute laboris
226 794 833 826 Vſquam erit, ardenti tibi ſi generoſa volunta
225 828 828 861 Adfuerit; quæ dura valet molleſcere, nodum
227 860 766 894 Suauia complecti ſtudioſo pectore poſſit.
225 894 753 928 Principijs i forte tibigrauis illa videtur;
215 927 790 956 Haud ita credideris vert, ſed ſenſibus intus
224 961 745 993 Corruptis aliam tunc apparere, nec illâ
222 994 745 1027 Indutam ſpecie, qua debuit eſſe, videri.
214 1026 835 1061 Ac veluti affectis quamquam ſint dulcia gutu
221 1061 796 1094 Adpoſita, ingratus ſenſum deludit amaror:
213 1094 846 1127 Sic quibus vlcus ineſt animo, quod dira cupid
214 1126 831 1161 Fecerit, ij nequeunt oppreſſæ mentis acumen
208 1156 857 1206 xree taotint quamtum diſincta labore
214 1193 729 1229 Atetnum ſociâ coëat virtute voluptas.
