1484 1451
258 1 613 24 AVGVRELLI.
56 37 739 75 a genus hochominum, mala ne contagia ſerpant.
54 72 571 106 Euitato prius quàm duci robore firmo
51 106 643 140 Incipias, & adhuc teneræ ſunt pectore vires.
53 139 639 173 Namqexempla tibi ne ſint aliunde petita;
49 172 692 206 Ipſe domi quæ imiteris habes, ſeu ducere vitam
49 205 635 240 Docttinæ iuuat in ſtus; ſeu rebus agendis
47 240 609 273 Exercere velis, famamq; extendere factis.
49 273 726 305 Hinc auus, binc præſto ſit auunculus, & tibi calea
48 306 683 340 Currenti adijciant. ille vt ſuſpendat in altum
43 340 621 373 Egregie mentem noſti, ſi quando per ignes
46 373 608 406 Accenſam æthereos cœleſti lumine replet.
44 407 604 439 Hic vero vt latis humeris ingentia rerum
43 439 652 472 Pondera ſuſtineat, quotiens eſt iuſſus obire
41 474 700 506 Munera, quænulli melius mandauerit vnquam
42 506 626 539 Pontificis ſummi maieſtas, nec quibus alter
41 540 556 572 Aſſuetus plura diuerſo geſſerit orbe.
43 572 598 606 Hic tibi ductores igitur, ſub lumine tanto
42 605 679 639 Præcipuum callem oſtentent, quo pergere tutus
40 638 646 672 Arboris ad ſummum, atque acri radicerelictâ
40 673 594 706 Virtutis valeas dulces contingere fructus.
179 707 640 738 Alouiſio Aleoto. Vt rus ſe conferat.
30 737 726 769 er redit; & mare nos ad iens tranſinittit hirundo:
38 772 676 806 Tn tamen Vrbis adhuc, Aleote, negotia curas;.
36 806 641 840 Nec venit in mentem Panſacci gratia collis;
36 839 640 872 Vt ſe vere nouo paſſim pulcherrima profert;,
36 872 608 905 Quo te multiplici geſit conſcendere caltu.
34 906 665 939 Vrbe tibi, atque tuis, & amicis plurima tractas,
34 939 644 964 oſthabeas tua amicorum velut omnia rebus.
34 972 785 1006 Grande quidem munus; quod te vulgo excipit vnumo
35 1006 579 1038 Et te, dum terris agitas, cleſtibus addit.
36 1039 728 1071 Rure alis & refoues valido cum corpore mentem;
35 1071 656 1104 Apta quies, facilis q; labos cum temperet illis.
35 1103 711 1137 Cuncta hic læta die: ſunt grata hic omnia nocte:
34 1136 694 1170 Cum defeſſa leui requierint membra labore
32 1169 687 1205 Parua cauo; dum ſæuit hyem, formica ſub arcto
741 1203 832 1243 on-
