<PcGts xmlns="http://schema.primaresearch.org/PAGE/gts/pagecontent/2017-07-15" xmlns:xsi="http://www.w3.org/2001/XMLSchema-instance" xsi:schemaLocation="http://schema.primaresearch.org/PAGE/gts/pagecontent/2017-07-15 http://schema.primaresearch.org/PAGE/gts/pagecontent/2017-07-15/pagecontent.xsd"><Metadata><Creator>User123</Creator><Created>2020-04-25T21:20:16</Created><LastChange>2020-04-25T21:20:16</LastChange></Metadata><Page imageFilename="0337.png" imageHeight="1451" imageWidth="1484"><TextRegion id="r0" type="paragraph"><Coords points="1,1 1482,1 1482,1449 1,1449"/><TextLine id="r0_l001"><Coords points="258,1 258,24 613,24 613,1"/><TextEquiv index="1"><Unicode>AVGVRELLI.</Unicode></TextEquiv></TextLine><TextLine id="r0_l002"><Coords points="793,6 793,32 918,32 918,6"/><TextEquiv index="1"><Unicode></Unicode></TextEquiv></TextLine><TextLine id="r0_l003"><Coords points="739,41 726,40 721,37 56,37 56,71 72,72 405,72 444,74 531,75 739,75"/><TextEquiv index="1"><Unicode>a genus hochominum, mala ne contagia ſerpant.</Unicode></TextEquiv></TextLine><TextLine id="r0_l004"><Coords points="54,72 54,106 571,106 571,72"/><TextEquiv index="1"><Unicode>Euitato prius quàm duci robore firmo</Unicode></TextEquiv></TextLine><TextLine id="r0_l005"><Coords points="643,106 638,106 629,109 428,108 391,106 51,106 51,138 354,138 421,140 643,140"/><TextEquiv index="1"><Unicode>Incipias, &amp; adhuc teneræ ſunt pectore vires.</Unicode></TextEquiv></TextLine><TextLine id="r0_l006"><Coords points="917,123 917,174 950,174 950,123"/><TextEquiv index="1"><Unicode></Unicode></TextEquiv></TextLine><TextLine id="r0_l007"><Coords points="638,142 456,142 354,139 53,139 53,171 127,173 639,173"/><TextEquiv index="1"><Unicode>Namqexempla tibi ne ſint aliunde petita;</Unicode></TextEquiv></TextLine><TextLine id="r0_l008"><Coords points="692,172 683,176 454,175 396,173 127,174 49,172 49,205 280,206 311,204 378,204 398,206 692,206"/><TextEquiv index="1"><Unicode>Ipſe domi quæ imiteris habes, ſeu ducere vitam</Unicode></TextEquiv></TextLine><TextLine id="r0_l009"><Coords points="635,209 441,208 398,207 378,205 311,205 280,207 49,206 49,239 635,240"/><TextEquiv index="1"><Unicode>Docttinæ iuuat in ſtus; ſeu rebus agendis</Unicode></TextEquiv></TextLine><TextLine id="r0_l010"><Coords points="609,241 573,242 47,240 47,272 609,273"/><TextEquiv index="1"><Unicode>Exercere velis, famamq; extendere factis.</Unicode></TextEquiv></TextLine><TextLine id="r0_l011"><Coords points="726,273 518,275 412,275 359,273 49,273 49,305 726,305"/><TextEquiv index="1"><Unicode>Hinc auus, binc præſto ſit auunculus, &amp; tibi calea</Unicode></TextEquiv></TextLine><TextLine id="r0_l012"><Coords points="48,306 48,340 683,340 683,306"/><TextEquiv index="1"><Unicode>Currenti adijciant. ille vt ſuſpendat in altum</Unicode></TextEquiv></TextLine><TextLine id="r0_l013"><Coords points="621,341 43,340 43,373 621,373"/><TextEquiv index="1"><Unicode>Egregie mentem noſti, ſi quando per ignes</Unicode></TextEquiv></TextLine><TextLine id="r0_l014"><Coords points="608,374 174,373 112,376 46,376 46,406 608,406"/><TextEquiv index="1"><Unicode>Accenſam æthereos cœleſti lumine replet.</Unicode></TextEquiv></TextLine><TextLine id="r0_l015"><Coords points="604,408 44,407 44,439 604,439"/><TextEquiv index="1"><Unicode>Hic vero vt latis humeris ingentia rerum</Unicode></TextEquiv></TextLine><TextLine id="r0_l016"><Coords points="652,441 464,440 344,441 246,439 43,440 43,472 652,472"/><TextEquiv index="1"><Unicode>Pondera ſuſtineat, quotiens eſt iuſſus obire</Unicode></TextEquiv></TextLine><TextLine id="r0_l017"><Coords points="700,475 41,474 41,506 700,506"/><TextEquiv index="1"><Unicode>Munera, quænulli melius mandauerit vnquam</Unicode></TextEquiv></TextLine><TextLine id="r0_l018"><Coords points="626,507 615,506 42,507 42,539 626,539"/><TextEquiv index="1"><Unicode>Pontificis ſummi maieſtas, nec quibus alter</Unicode></TextEquiv></TextLine><TextLine id="r0_l019"><Coords points="556,540 41,540 41,572 556,572"/><TextEquiv index="1"><Unicode>Aſſuetus plura diuerſo geſſerit orbe.</Unicode></TextEquiv></TextLine><TextLine id="r0_l020"><Coords points="598,604 598,572 564,574 43,573 43,605 494,606"/><TextEquiv index="1"><Unicode>Hic tibi ductores igitur, ſub lumine tanto</Unicode></TextEquiv></TextLine><TextLine id="r0_l021"><Coords points="908,588 908,626 940,626 940,588"/><TextEquiv index="1"><Unicode></Unicode></TextEquiv></TextLine><TextLine id="r0_l022"><Coords points="633,636 679,636 679,605 550,605 494,607 42,606 42,639 543,639"/><TextEquiv index="1"><Unicode>Præcipuum callem oſtentent, quo pergere tutus</Unicode></TextEquiv></TextLine><TextLine id="r0_l023"><Coords points="646,638 413,641 40,640 40,672 646,672"/><TextEquiv index="1"><Unicode>Arboris ad ſummum, atque acri radicerelictâ</Unicode></TextEquiv></TextLine><TextLine id="r0_l024"><Coords points="40,673 40,706 594,706 594,673"/><TextEquiv index="1"><Unicode>Virtutis valeas dulces contingere fructus.</Unicode></TextEquiv></TextLine><TextLine id="r0_l025"><Coords points="907,645 907,740 941,740 941,645"/><TextEquiv index="1"><Unicode></Unicode></TextEquiv></TextLine><TextLine id="r0_l026"><Coords points="640,736 640,707 179,708 179,738 627,738"/><TextEquiv index="1"><Unicode>Alouiſio Aleoto. Vt rus ſe conferat.</Unicode></TextEquiv></TextLine><TextLine id="r0_l027"><Coords points="726,737 638,737 627,739 379,740 148,739 127,740 118,737 3,737 3,769 726,769"/><TextEquiv index="1"><Unicode>er redit; &amp; mare nos ad iens tranſinittit hirundo:</Unicode></TextEquiv></TextLine><TextLine id="r0_l028"><Coords points="676,773 105,774 80,772 38,772 38,805 676,806"/><TextEquiv index="1"><Unicode>Tn tamen Vrbis adhuc, Aleote, negotia curas;.</Unicode></TextEquiv></TextLine><TextLine id="r0_l029"><Coords points="588,838 641,839 641,807 476,808 406,806 36,806 36,838 74,838 111,840 530,840"/><TextEquiv index="1"><Unicode>Nec venit in mentem Panſacci gratia collis;</Unicode></TextEquiv></TextLine><TextLine id="r0_l030"><Coords points="640,840 588,839 530,841 250,840 111,841 74,839 36,839 36,871 47,872 640,872"/><TextEquiv index="1"><Unicode>Vt ſe vere nouo paſſim pulcherrima profert;,</Unicode></TextEquiv></TextLine><TextLine id="r0_l031"><Coords points="608,873 103,874 36,872 36,905 607,905"/><TextEquiv index="1"><Unicode>Quo te multiplici geſit conſcendere caltu.</Unicode></TextEquiv></TextLine><TextLine id="r0_l032"><Coords points="665,906 310,906 214,908 34,906 34,936 108,939 665,939"/><TextEquiv index="1"><Unicode>Vrbe tibi, atque tuis, &amp; amicis plurima tractas,</Unicode></TextEquiv></TextLine><TextLine id="r0_l033"><Coords points="644,939 263,941 130,941 107,939 34,939 34,964 644,964"/><TextEquiv index="1"><Unicode>oſthabeas tua amicorum velut omnia rebus.</Unicode></TextEquiv></TextLine><TextLine id="r0_l034"><Coords points="785,972 591,972 482,974 219,973 116,974 34,972 34,1003 39,1004 94,1004 147,1006 785,1006"/><TextEquiv index="1"><Unicode>Grande quidem munus; quod te vulgo excipit vnumo</Unicode></TextEquiv></TextLine><TextLine id="r0_l035"><Coords points="579,1007 35,1006 35,1036 37,1037 57,1036 115,1038 579,1038"/><TextEquiv index="1"><Unicode>Et te, dum terris agitas, cleſtibus addit.</Unicode></TextEquiv></TextLine><TextLine id="r0_l036"><Coords points="728,1039 36,1039 36,1070 728,1071"/><TextEquiv index="1"><Unicode>Rure alis &amp; refoues valido cum corpore mentem;</Unicode></TextEquiv></TextLine><TextLine id="r0_l037"><Coords points="656,1103 656,1072 551,1071 335,1073 35,1071 35,1103 177,1102 250,1104 481,1104"/><TextEquiv index="1"><Unicode>Apta quies, facilis q; labos cum temperet illis.</Unicode></TextEquiv></TextLine><TextLine id="r0_l038"><Coords points="711,1103 364,1106 288,1106 177,1103 35,1104 35,1135 202,1135 255,1137 711,1137"/><TextEquiv index="1"><Unicode>Cuncta hic læta die: ſunt grata hic omnia nocte:</Unicode></TextEquiv></TextLine><TextLine id="r0_l039"><Coords points="688,1168 694,1167 694,1138 482,1137 428,1139 311,1139 202,1136 34,1136 34,1168 45,1169 489,1170"/><TextEquiv index="1"><Unicode>Cum defeſſa leui requierint membra labore</Unicode></TextEquiv></TextLine><TextLine id="r0_l040"><Coords points="911,1024 911,1200 950,1200 950,1024"/><TextEquiv index="1"><Unicode></Unicode></TextEquiv></TextLine><TextLine id="r0_l041"><Coords points="681,1202 687,1202 687,1169 371,1172 222,1170 101,1171 32,1169 32,1205 452,1205 456,1203 504,1201 568,1201 589,1203 643,1203 647,1205 676,1205"/><TextEquiv index="1"><Unicode>Parua cauo; dum ſæuit hyem, formica ſub arcto</Unicode></TextEquiv></TextLine><TextLine id="r0_l042"><Coords points="741,1203 741,1243 820,1243 820,1203"/><TextEquiv index="1"><Unicode>on-</Unicode></TextEquiv></TextLine><TextLine id="r0_l043"><Coords points="483,1205 483,1233 580,1233 580,1205"/><TextEquiv index="1"><Unicode>V3</Unicode></TextEquiv></TextLine><TextLine id="r0_l044"><Coords points="915,1200 915,1222 951,1222 951,1200"/><TextEquiv index="1"><Unicode></Unicode></TextEquiv></TextLine><TextLine id="r0_l045"><Coords points="969,1222 915,1222 915,1252 969,1253"/><TextEquiv index="1"><Unicode></Unicode></TextEquiv></TextLine><TextLine id="r0_l046"><Coords points="900,1292 929,1290 934,1287 943,1278 943,1257 934,1253 895,1254 884,1260 883,1264 872,1265 872,1297 895,1297"/><TextEquiv index="1"><Unicode></Unicode></TextEquiv></TextLine><TextLine id="r0_l047"><Coords points="940,1279 940,1340 1053,1340 1053,1279"/><TextEquiv index="1"><Unicode></Unicode></TextEquiv></TextLine><TextLine id="r0_l048"><Coords points="811,1311 811,1339 869,1339 869,1311"/><TextEquiv index="1"><Unicode></Unicode></TextEquiv></TextLine></TextRegion></Page></PcGts>