991 1327
172 27 809 61 Conſumit, quam tota æſtate parauerat, eſcam:
169 61 750 90 Mox eadem e latebris, terras cum Sirius vrit,
170 94 719 127 Exilit, & denſum ſub diuo mobilis agmen
169 127 854 161 Explicat, atque ſuum properat ſibi quæque laborem
171 161 789 193 Sedula, perſiſtensq; operi. Sic forte ſub ijſdem
169 194 798 226 Temporibus nobis ruri, vel in vrbe morandum:
171 227 795 258 Sunt hominum diuiſa etenim ſua tempora vitæ;
169 261 722 293 Si non hæc eadem prauus præuertetet vſus.
338 296 728 332 AdP Glyceren. laus Pëarum.
166 328 591 359 Virtute maius nil, Glycere, boni
196 360 629 393 Diui dederunt: ne ſtolidas opum
198 393 530 422 Vires, & inſanos honores
200 427 511 453 Aſſiduo mediteris ore.
165 459 607 493 Aſt ipſa Varum, ni celebris tamen
198 493 640 524 Et clara cantu eſt; ſic latet abdita,
196 525 592 560 Abſtruſus olim vt fulgor hæret
198 559 616 593 Gemmeus; artificis quouſque
163 593 539 617 Detectus acri diradiet manu.
195 627 603 659 Videre patres indigetem Deum
196 659 621 692 Eneam; & ijdem ipſi ſuperbum
195 692 572 724 Hectoreis ſpolijs Achillem.
161 725 601 761 Sed Muſa, longo ne pereant die,
193 758 712 793 Nobisq; noti tam bene ſint, quam auis:
193 792 567 826 Deduxit illos, nos aduſque
195 826 556 858 Carinine perpetuo nepotes.
157 858 538 891 E & fides & gratia Vatibus;
192 891 626 927 Eſt dulcis oris ſpiritus; eſt Amor
194 926 583 960 Qulem nec vllus præſtet ipſis
192 959 555 991 Omnibus exanimis ſagittis.
157 992 543 1026 Iniſit Orpheus impla pallidi
187 1026 618 1058 Ingreſſus Orci regna, inamabiles
187 1059 589 1087 Manes, & horrendas tremendi
134 1092 560 1123 Eumenides famulas tyranni,
153 1123 551 1157 Hnc acrbo funere coniugem
188 1157 683 1192 Raptam reduxit pene, potentibus
831 1203 937 1230 Vocum
