1010 1322
449 35 776 60 IO.AVRELII
255 75 700 111 Inſanis inhiet ſemper honoribus,
229 113 564 139 Iam felicibus hunc, velut
263 139 729 174 Immunem miſeris ſortibus, inſeri.
235 178 597 211 Nam ſiue vnd:que ſordibus
262 210 759 244 Anguſtis premimur ſeu nitidi ſumus
231 245 579 278 Reges; neſcio quâ tamen
262 277 653 310 Vrgemur pariter ſollicitudine.
228 310 590 346 Quod ſi in propatulum ſuis
263 343 759 380 Qicumque explicitis conditionibus;
223 379 537 410 Optandi dedcrt vicem
265 409 881 444 Cuicumque, vt libeat, ſummaque, & infimar
233 444 586 470 Cunctorum ſimul ac bonis
261 476 773 509 Immixta exiguis tot mala ſenſerint,
233 511 545 542 Et puum penitus nihil
262 542 741 570 Mox omnes videas ſorte domum ſu
232 579 601 609 Contentos petere, & graues
259 610 783 643 Quoſcumque ingenitâ peſte relinquere.
234 643 530 676 Felix qui ſolidâ potens
262 677 790 710 Quamprimum requie, nec caput anxiis-
223 710 529 743 In rebus poſuit, neque
258 742 711 776 Plus æquo placidis arduus extulit.
426 779 563 808 Ad Muſas.
224 809 828 843 Pimplæus hic eſt collis? hunc dulces habent
223 843 822 874 Paſſim Camœnæ?Phœbus hunc lubens petit?
260 878 866 910 Cum ponit arcum, cum Lyram manu capit?
258 910 847 944 Hue me quis ergo duxit? hoc quo tramite
253 944 547 969 Pedem beatus intuli?
221 975 669 1009 Vlline quicquam contigit felicius?
256 1008 868 1045 Quâm ſub virente ſemper hac Laurn, ſub hae
232 1043 802 1075 Pinu, vel intra myrteum hoc ferri nemus?
255 1075 748 1109 Vel ad ſcatentis puriter lymphæ caput
254 1108 554 1140 Huius ſedere feſſulum?
221 1140 694 1174 Quis O canoras ocyus mihi fides
258 1174 769 1210 Ferat?quis hic me cœpit vltro ſpiritus?
249 1205 688 1245 Auet latente mens furorepercita.
884 1241 997 1282 Seques
