1469 1403
274 30 597 55 AVGVRELLI.
82 72 636 109 Sequenſque geſtit os, manuſque grandius
34 107 356 133 Nec vſitatum ludere.
54 140 523 168 Duxiſtis hæc in alta vos me culmina
83 175 503 207 Muſæ; rigaſtis ora vos puris mihi
82 207 584 240 Vndis; refectumque excitaſtis optimæ:
82 241 560 274 Accepta vobis quæ frequenter vnicis
83 275 367 307 Referre par eſt omnia.
138 310 611 336 Ad IulimmII. P. M. Gratulatio
49 340 499 372 Secunde Iuli, Pontifex ſanctiſſime,
50 375 502 408 Optate cunctis gentibus diu pater,
49 408 545 443 Electe ſummo nunc iubente cælitum,
48 441 565 475 Patrumque votis omnum fauentibus
49 475 573 509 Iam quiſque pro ſe gratulantes offerunt
47 508 521 542 Tibi, quod cſſe dedi:æ ſiguum queat
47 542 569 569 Mentis Potentes vrbium volentium,
47 575 538 608 Rerumque firma publicarum pectora
1 608 481 641 Legationibus datis frequentibus
47 640 579 675 Spondent, fidemque dedicant læti ſuam;
48 675 579 709 Tamquam daturi piodeant maius nihil.
45 709 595 742 At qui minori ſorte victum temperant,
49 742 539 774 Omnes opellam pollicentur vberem,
45 775 565 808 Præſtare qualem diligens virtus poteſt
8 808 577 843 Quos, vt tuorum ſcripſeris ſemel gregis
42 842 462 877 Dignere læto conueri lumine:
46 875 495 909 Spe cuius vltro motus ipſe gratiæ,
37 909 480 942 Auſim repoſti coll.s ad cacumina
44 941 556 975 Repens, anhelans ac laborans, tendere
42 975 563 1001 Vbi ſorores floribus ſertum nouem
44 1007 598 1041 Texunt micantibus, æmuliſque ſideru:
8 1040 585 1075 Quod inde mecum deferens tibiſacrum
44 1073 515 1105 Pergam ſuperbis dedieare poſtibus
45 1105 582 1140 Templi, quod vlnis ſuſtines nus tuis-
43 1138 535 1174 Ne prorſus ergo ſeduli. munuſculum
41 1172 517 1207 Vatis, puillum ſit licet, deſpexeris.
24 1205 581 1242 Nec ile naque,cuius hic iicem teris
720 1227 960 1285 Mi ,
