<PcGts xmlns="http://schema.primaresearch.org/PAGE/gts/pagecontent/2017-07-15" xmlns:xsi="http://www.w3.org/2001/XMLSchema-instance" xsi:schemaLocation="http://schema.primaresearch.org/PAGE/gts/pagecontent/2017-07-15 http://schema.primaresearch.org/PAGE/gts/pagecontent/2017-07-15/pagecontent.xsd"><Metadata><Creator>User123</Creator><Created>2020-04-25T21:20:14</Created><LastChange>2020-04-25T21:20:14</LastChange></Metadata><Page imageFilename="0349.png" imageHeight="1401" imageWidth="1490"><TextRegion id="r0" type="paragraph"><Coords points="1,1 1488,1 1488,1399 1,1399"/><TextLine id="r0_l001"><Coords points="242,1 242,21 635,21 635,1"/><TextEquiv index="1"><Unicode>HIMI AA</Unicode></TextEquiv></TextLine><TextLine id="r0_l002"><Coords points="797,1 797,23 837,23 837,1"/><TextEquiv index="1"><Unicode>It</Unicode></TextEquiv></TextLine><TextLine id="r0_l003"><Coords points="321,38 321,70 518,70 518,38"/><TextEquiv index="1"><Unicode>In effigiem ſuam.</Unicode></TextEquiv></TextLine><TextLine id="r0_l004"><Coords points="583,69 498,71 389,71 367,73 262,72 256,69 45,69 45,106 583,106"/><TextEquiv index="1"><Unicode>Aurelii Augurelli imago eſt quam vides,</Unicode></TextEquiv></TextLine><TextLine id="r0_l005"><Coords points="487,137 488,107 357,106 212,108 44,107 44,139 86,141 242,141"/><TextEquiv index="1"><Unicode>Vni vacantis literarum ſerio</Unicode></TextEquiv></TextLine><TextLine id="r0_l006"><Coords points="533,139 388,139 242,142 86,142 43,140 43,172 533,172"/><TextEquiv index="1"><Unicode>Studio &amp; iocoſo; diſpari curâ tamen:</Unicode></TextEquiv></TextLine><TextLine id="r0_l007"><Coords points="371,205 508,205 508,172 390,172 228,176 114,176 43,174 43,206 70,206 92,208 270,208"/><TextEquiv index="1"><Unicode>Hoc vt vegetior ſic fieret ad ſeria:</Unicode></TextEquiv></TextLine><TextLine id="r0_l008"><Coords points="474,206 371,206 221,210 133,210 41,207 41,236 474,236"/><TextEquiv index="1"><Unicode>Illo, vt iocoſis vteretur firmior.</Unicode></TextEquiv></TextLine><TextLine id="r0_l009"><Coords points="69,261 69,302 841,302 841,261"/><TextEquiv index="1"><Unicode>rrrxmr</Unicode></TextEquiv></TextLine><TextLine id="r0_l010"><Coords points="138,319 138,358 732,358 732,319"/><TextEquiv index="1"><Unicode>HIERONVMI BALBI</Unicode></TextEquiv></TextLine><TextLine id="r0_l011"><Coords points="290,370 290,397 579,397 579,370"/><TextEquiv index="1"><Unicode>GVRCENS.IS.</Unicode></TextEquiv></TextLine><TextLine id="r0_l012"><Coords points="273,412 273,442 547,442 547,412"/><TextEquiv index="1"><Unicode>Ad Perum Dandolum.</Unicode></TextEquiv></TextLine><TextLine id="r0_l013"><Coords points="930,423 890,423 890,487 930,487"/><TextEquiv index="1"><Unicode></Unicode></TextEquiv></TextLine><TextLine id="r0_l014"><Coords points="806,449 790,447 604,447 576,450 529,451 342,451 220,447 37,447 37,478 55,478 60,481 806,481"/><TextEquiv index="1"><Unicode>VMmihi ſis Pylades, cum ſim tibi fidus Oreſtes;</Unicode></TextEquiv></TextLine><TextLine id="r0_l015"><Coords points="521,517 597,515 597,484 68,484 62,483 55,479 32,479 30,477 16,477 16,514 22,515 78,515 109,517 134,516 338,518"/><TextEquiv index="1"><Unicode>Cut ego diſparili conditione fruor?</Unicode></TextEquiv></TextLine><TextLine id="r0_l016"><Coords points="612,516 521,518 338,519 134,517 109,518 78,516 35,516 35,544 612,544"/><TextEquiv index="1"><Unicode>Sunt tibi Cadmeo bis tinctæ murice veſtes:</Unicode></TextEquiv></TextLine><TextLine id="r0_l017"><Coords points="532,551 72,551 72,583 532,583"/><TextEquiv index="1"><Unicode>Eſt veſtis nigro tincta colora mihi.</Unicode></TextEquiv></TextLine><TextLine id="r0_l018"><Coords points="657,616 657,576 594,576 581,583 504,585 263,586 141,584 58,586 34,585 34,617 595,617"/><TextEquiv index="1"><Unicode>Venit Erythræis tibi gemma petita ſub vndis:</Unicode></TextEquiv></TextLine><TextLine id="r0_l019"><Coords points="621,650 621,618 502,618 402,620 303,620 266,618 73,618 73,651 559,651"/><TextEquiv index="1"><Unicode>At premit articulos vitrea gemma meos.</Unicode></TextEquiv></TextLine><TextLine id="r0_l020"><Coords points="646,651 470,653 270,653 212,651 34,652 34,678 646,678"/><TextEquiv index="1"><Unicode>Sunt tibi Dardanis radiantia tecta columnis:</Unicode></TextEquiv></TextLine><TextLine id="r0_l021"><Coords points="554,685 329,687 70,684 70,717 554,717"/><TextEquiv index="1"><Unicode>Eſt caſa; quæ caſus indicat vna mihi.</Unicode></TextEquiv></TextLine><TextLine id="r0_l022"><Coords points="685,717 609,717 582,719 506,720 17,718 17,750 685,750"/><TextEquiv index="1"><Unicode>Sunt tibi prilcorum numeroſa volumina vatum:</Unicode></TextEquiv></TextLine><TextLine id="r0_l023"><Coords points="40,752 40,785 609,785 609,752"/><TextEquiv index="1"><Unicode>Eſt mihi pro cunctis; Nux ego iuncta viæ</Unicode></TextEquiv></TextLine><TextLine id="r0_l024"><Coords points="642,786 35,785 35,818 642,818"/><TextEquiv index="1"><Unicode>Oſtrea te replent: nos tepa, &amp; ſectile porrum,</Unicode></TextEquiv></TextLine><TextLine id="r0_l025"><Coords points="523,851 614,852 614,819 217,820 74,818 74,852 237,851 463,853"/><TextEquiv index="1"><Unicode>Tu famulos paſcis; vix ego paſco canem.</Unicode></TextEquiv></TextLine><TextLine id="r0_l026"><Coords points="618,853 606,852 523,852 463,854 30,852 30,887 618,888"/><TextEquiv index="1"><Unicode>Si mihi vis Pylades; ſi vis ſim fidusOreſtes;</Unicode></TextEquiv></TextLine><TextLine id="r0_l027"><Coords points="33,889 33,927 645,927 645,889"/><TextEquiv index="1"><Unicode>Vel pauper fias; vel dato: s ire p.</Unicode></TextEquiv></TextLine><TextLine id="r0_l028"><Coords points="250,927 250,960 543,960 543,927"/><TextEquiv index="1"><Unicode>In Paullum Aſtrolgum.</Unicode></TextEquiv></TextLine><TextLine id="r0_l029"><Coords points="902,935 902,974 946,974 946,935"/><TextEquiv index="1"><Unicode></Unicode></TextEquiv></TextLine><TextLine id="r0_l030"><Coords points="747,958 571,958 480,961 256,960 192,958 26,958 26,992 98,991 142,993 747,993"/><TextEquiv index="1"><Unicode>No ſcit Ephemeridas, Circeaque carmina Paullus.</Unicode></TextEquiv></TextLine><TextLine id="r0_l031"><Coords points="596,994 410,995 343,993 270,993 142,994 70,992 5,994 5,1021 10,1022 72,1024 596,1024"/><TextEquiv index="1"><Unicode>Stelligeræ noſcit ſidera clara domus</Unicode></TextEquiv></TextLine><TextLine id="r0_l032"><Coords points="746,1017 621,1017 617,1021 608,1025 541,1027 261,1026 114,1027 71,1024 38,1024 38,1059 53,1059 65,1057 192,1059 746,1059"/><TextEquiv index="1"><Unicode>Tympana quid Cybeles; numen quid portet Anubis;</Unicode></TextEquiv></TextLine><TextLine id="r0_l033"><Coords points="581,1090 581,1060 236,1061 191,1059 71,1059 71,1089 87,1089 100,1091 543,1091"/><TextEquiv index="1"><Unicode>Linigeræque tenet candida ſacra Bouis</Unicode></TextEquiv></TextLine><TextLine id="r0_l034"><Coords points="729,1090 594,1090 465,1094 100,1092 87,1090 40,1090 40,1123 54,1124 124,1123 191,1125 447,1126 547,1123 701,1123 706,1126 729,1126"/><TextEquiv index="1"><Unicode>Pullorum quid fibra velit, quæ monſtret Oſiris</Unicode></TextEquiv></TextLine><TextLine id="r0_l035"><Coords points="675,1154 675,1124 547,1124 447,1127 191,1126 124,1124 67,1125 67,1156 541,1157"/><TextEquiv index="1"><Unicode>Somnia; quid volucrum turba canora ferat.</Unicode></TextEquiv></TextLine><TextLine id="r0_l036"><Coords points="598,1189 685,1189 685,1155 623,1157 542,1157 451,1161 311,1160 264,1158 84,1158 28,1156 28,1192 494,1192"/><TextEquiv index="1"><Unicode>Sidera cùm teneat; ſecretaque noſcat Olymp</Unicode></TextEquiv></TextLine><TextLine id="r0_l037"><Coords points="704,1226 721,1226 721,1190 598,1190 556,1192 402,1194 314,1194 260,1192 62,1193 62,1224 70,1227 73,1230 475,1230 547,1228 637,1228 641,1230 696,1230"/><TextEquiv index="1"><Unicode>Ante pedes quod habet, non tamen iſte videt.</Unicode></TextEquiv></TextLine><TextLine id="r0_l038"><Coords points="776,1220 776,1255 824,1255 824,1220"/><TextEquiv index="1"><Unicode>A</Unicode></TextEquiv></TextLine><TextLine id="r0_l039"><Coords points="70,1228 68,1227 6,1227 6,1253 70,1253"/><TextEquiv index="1"><Unicode></Unicode></TextEquiv></TextLine><TextLine id="r0_l040"><Coords points="979,1219 973,1219 966,1222 963,1225 959,1236 907,1236 896,1247 889,1249 880,1249 880,1292 979,1292"/><TextEquiv index="1"><Unicode></Unicode></TextEquiv></TextLine><TextLine id="r0_l041"><Coords points="544,1227 544,1249 595,1249 595,1227"/><TextEquiv index="1"><Unicode></Unicode></TextEquiv></TextLine></TextRegion></Page></PcGts>