1490 1401
242 1 635 21 HIMI AA
321 38 518 70 In effigiem ſuam.
45 69 583 106 Aurelii Augurelli imago eſt quam vides,
44 106 488 141 Vni vacantis literarum ſerio
43 139 533 172 Studio & iocoſo; diſpari curâ tamen:
43 172 508 208 Hoc vt vegetior ſic fieret ad ſeria:
41 206 474 236 Illo, vt iocoſis vteretur firmior.
138 319 732 358 HIERONVMI BALBI
290 370 579 397 GVRCENS.IS.
273 412 547 442 Ad Perum Dandolum.
24 446 764 514 VMmihi ſis Pylades, cum ſim tibi fidus Oreſtes;
119 484 597 518 Cut ego diſparili conditione fruor?
35 516 612 544 Sunt tibi Cadmeo bis tinctæ murice veſtes:
72 551 532 583 Eſt veſtis nigro tincta colora mihi.
34 576 657 617 Venit Erythræis tibi gemma petita ſub vndis:
73 618 621 651 At premit articulos vitrea gemma meos.
34 651 646 678 Sunt tibi Dardanis radiantia tecta columnis:
70 684 554 717 Eſt caſa; quæ caſus indicat vna mihi.
17 717 685 750 Sunt tibi prilcorum numeroſa volumina vatum:
40 752 609 785 Eſt mihi pro cunctis; Nux ego iuncta viæ
35 785 642 818 Oſtrea te replent: nos tepa, & ſectile porrum,
74 818 614 853 Tu famulos paſcis; vix ego paſco canem.
30 852 618 888 Si mihi vis Pylades; ſi vis ſim fidusOreſtes;
33 889 645 927 Vel pauper fias; vel dato: s ire p.
250 927 543 960 In Paullum Aſtrolgum.
25 958 747 993 No ſcit Ephemeridas, Circeaque carmina Paullus.
64 992 596 1024 Stelligeræ noſcit ſidera clara domus
38 1017 746 1059 Tympana quid Cybeles; numen quid portet Anubis;
71 1059 581 1091 Linigeræque tenet candida ſacra Bouis
40 1090 695 1126 Pullorum quid fibra velit, quæ monſtret Oſiris
67 1124 675 1157 Somnia; quid volucrum turba canora ferat.
28 1155 685 1192 Sidera cùm teneat; ſecretaque noſcat Olymp
62 1190 695 1230 Ante pedes quod habet, non tamen iſte videt.
776 1220 824 1255 A
