1008 1325
411 34 677 66 Ad iuliam de byoe.
178 63 824 106 Frigidus æthereas iam ſpaxgit Aquarius vndas:
164 103 462 140 Et leo ſtagna petit.
165 130 793 169 Iam glatialis hyems rapidis circumdata ventis
216 170 490 205 Fxigore nectit aquas.
183 198 766 232 Non tolito rutilant gemmantia ſigna nitore,
217 237 505 270 Nec vaga Luna micat:
168 266 775 300 Fuſca nec albentes pingunt violaria campes:
217 302 482 331 Sub nie terra latet.
170 330 804 367 Garrula torpet auis; concretis clauſa ſub vudis
157 368 526 405 Squammea turba latet.
168 398 758 433 Præſcia compleuit tenues formica latebras;
219 434 497 469 Gaudet apiſque fauo.
185 464 843 500 Non ſolitas complet mærons philomela querelas,
219 503 533 536 Flet neque mater Itym.
186 530 806 568 Pro Lephyris gelidus Boreas & nubilus Auſter
205 571 529 604 egnat, & Eurus atrox.
172 599 706 637 Vernali gelidæ veniunt pro rore pruinæl
222 636 476 668 Sithoniæque niues.
188 665 732 700 Scilieet alternis mutantur ſingula rebus;
220 702 491 735 Omnia ſors variat;
173 733 729 767 Ettamen aligeri tedis incendor Amoris.
221 769 528 802 Nec dat amor requiem:
174 799 898 835 Sed magis atque magis miſerum comburit amante
220 836 499 867 Durus, & aſper amor.
179 863 820 905 Qui genus omnetupit pœnarum ſcire, ſequatus
222 902 469 933 Caſtca Cupido tua.
171 933 704 965 ulia, non ſolito vernantia prata colore,
212 967 551 997 Ne mict herba comis:
176 999 845 1034 Non violæ molles; non alba liguſtra vireſcunt,
221 1034 498 1069 Purpureæe roſæ.
186 1065 743 1100 Sic tua forma decens longoitiabitut æuo;
223 1100 479 1134 Quæ cito lapſa fluit.
175 1132 763 1167 Hora fugit volucris; celeri pedelabitur ætas
222 1167 521 1199 Lpſaque non remeat.
844 1203 1005 1238 ius
