1008 1331
419 8 857 55 HIERONIMI
405 68 657 92 Ad Ponticum.
184 98 837 135 Eſt, quicumque cupit, congeſto pauper in auro.
218 133 664 164 Vis feri diues, Pontice, nil cupias.
528 168 608 199 De Se.
185 196 830 233 Me pharetratus Amor pannoſaque cogit egeſtas.
221 232 826 270 Quas cupit hæc: demens negligit alter opes.
481 270 695 300 Ad Amorem.
187 298 795 332 Sum tuus; & tua ſum ſæuiſſime præda Cupido:
221 333 737 367 Et tamen in caſtris torqueor vſque tuis.
188 366 785 405 Incipiat propriis ſi Mars dare vulnera ſeruis;
182 400 720 433 Exiguo Mauors tempore ſolus erit.
182 433 791 476 Nec vis vt moriar nec vis me viuere. parco,
222 466 707 496 Sed tibi. nam cæcus nil niſi cæca facis.
367 502 758 532 De Paulo Piſeatore. ad Ponticum.
186 531 884 567 Cui neque lectus erat, nec menſa, nec arca; nec ignis,
221 566 838 601 Nec canis, aut cimex, nec Cinis, atque calix,
187 599 846 634 ique nates, mediosve tegebat, Pontice, Iumbos
220 634 775 668 Textus Lingonicà bardocucullus acu;
188 668 782 701 Nunc tenet Iliacis fulgentia tecta columnis,
219 702 761 734 Et grauis innumeras ſacculus arctat opes.
184 733 882 767 Sardonicas Indos, adamanta, Seythæque ſmaragdos,
217 767 844 798 Myrrhina, dentis ebur, coccina, marmor habet.
185 798 864 835 Vnde habet hæc quæris? dicat Rhamnuſia: ſola hæa
216 833 699 868 Diuitias nutu datque, rapitque ſuo:
401 870 780 901 De Mareo, Cauſidico auaro.
189 899 760 926 Cauſidicus centum tenuit ſeſtertia Marcus:
221 933 760 966 Sed rapidas furum dum timet ille manus;
185 966 825 1001 Inſomnes longo ducebat murmure noctes;
221 1001 692 1034 Anxius & lapas ſæpe timebat opes.
184 1034 798 1079 Proh dolorlamiſit centum ſeſtertia Marcus,
220 1067 715 1100 Grandia verboſi dum petit arma fori
176 1099 775 1135 Nunc, ſecure, potes totas requieſcere noctes:
217 1132 840 1170 Perdere quod timeas iam nihilarca tenet.
447 1170 734 1194 Ad Lucam Sextum.
184 1190 797 1232 Sxte Camænarum celeberrime Caſtaliarum,
774 1235 1006 1266 Candida
1 1234 85 1317 -
