1461 1408
374 1 561 29 BALBI.
822 3 873 35 a
107 39 629 75 Candida qui clare nomina lucis habes;
77 75 706 118 Aurea forma tibi, tibi contigit inclita virtus,
112 109 578 142 Et facilis roſeo qui micat ore nitor.
73 142 662 176 Eſt pudor, eſt tenero grauitas maturior æuo.
48 176 537 208 Ingenium pueri nil puerile ſapit.
15 208 688 243 Creſce igitur: creſcet virtus creſcentibus annis
91 244 654 277 Non moritura:vorat cætera tempus edax.
284 278 481 301 Ad Marianum.
70 309 629 344 Verſus quos docto fudiſti è pectore ſollers;
105 343 677 377 Quos merito quiuis tollere ad aſtra poteſt:
67 377 620 411 Sordiduli fiunt, nec digni laude putantur;
101 410 721 443 Plus tibi quam ſatis eſt ſi, Mariane, placent.
277 446 540 469 Ad Perrum Maurum.
65 477 710 511 Cum iuueum careant tenerâ lanugine malæ;
99 510 595 544 Barbula quid vultus occupat iſta tuos?
24 544 610 577 Si facis vt rigidos ſecteris, Petre, Catonos:
100 577 596 606 Conſilium laudo, Petre ſeuere, tuum.
65 611 598 644 Si facis vt molli placeas barbatus amicæ:
95 644 610 678 Barbatum ſpernet mollis amica virum.
10 677 670 707 Sed caueas; ne, cum tibi candida venerit vxor,
89 712 556 745 Iungantur capiti cornua longa tuo.
233 744 553 778 Ad Pamphilum de Sanctis.
53 776 720 809 Sanctus es, & ſancti decorant te, Pamphile, mores;
94 811 672 844 Sancta auia & pappus, ſanctaque mater erat.
55 843 668 879 Eſt ſanctus genitor, frater, ſanctæque ſorores.
90 879 565 918 Inter tot ſanctos tereor eſſe louem.
293 915 430 937 De Amore.
24 945 611 979 Vt clauus clauum pellit; ſic pellit amorem
91 979 679 1009 Alter amor; veteres ſic noua flamma facet.
236 1014 557 1046 Ad Franciſcum Quirinum.
55 1044 688 1079 Muſa iocoſa mihieſt; mihi vita iocoſa, Quirine.
89 1079 578 1113 Dant quoque fatales fila iocoſa Deæ.
55 1112 635 1145 Non Tarteſſiaco pectus mihi carpitur auro,
89 1144 613 1180 Nec peto Campani iugera mille ſoli:
50 1177 668 1219 Sit mihi parua domus, nox ebria, fidus amicus,
746 1204 846 1238 Gratm
552 1213 670 1247 3
