1013 1337
400 37 746 63 IERONTMB
187 44 305 72 a0
222 81 732 115 Gratus ager;ſimplex & ſine labe toga.
189 115 824 148 Me cyathi, ludi, choreæ, roſa, tympana, cantus,
223 147 824 178 Me Venus, & Bromius, me trahit alma Ceres.
192 180 801 216 Quod Phlegetontæis remeet ſi Brutus ab vndis
210 214 712 244 Clamabit: ſic mors viuere nos docuit.
432 250 690 278 In PaulumPiſcatorem.
189 279 831 315 Pauper eras memini Venetâ piſcator in vrbe,
225 314 792 349 Nigraque ab Æthiopo ſtigmata ducis auo.
195 348 737 380 Sed vaga ſors luſit. Pario colis atria muro
193 382 730 413 Sttucta, & centenus iugera taurus arat.
192 413 828 447 one tamen rigidos faſtus, nec ſanguine natum
223 447 692 479 Patricio, aut priſcâ nobilitate putes.
199 478 871 513 Sors dare regna poteſt, gemmaſq; & fulua metalli
229 514 725 547 Pondera: vile genus nobilitare nequit
427 549 563 578 Ad diuites.
196 578 815 614 Quiſquis es, auratos tribuit cui Lydia fontes,
229 614 722 647 Cui Fagus Eoas pandit opacus aquas:
196 646 872 680 Dolia cui veterem ſpumant redolentia Bacchum
231 681 713 714 Niliacoque niter rure benigna Ceres:
196 713 792 742 Cui Ganimedæos tribuit ſors læta miniftros,
229 746 715 781 t Maſſileum virga gubernat equum:
195 780 818 813 Regna Deæ metuas dubio pendentis in orbe;
229 813 828 846 Cuius agit celerem ventus & vnda rotam.
194 845 878 882 Quique Midam ſuperas opibus Cræſumq; beatis,
228 879 723 910 Pendula ſors currum ſi rotet, Irus eris.
455 915 577 948 De pictore.
195 944 809 972 Ethereis animas tantum Dii mittite ab aſtris:
229 980 820 1008 Nam manus artificis cætera membra dabit..
442 1017 604 1040 Ad Paulum.
177 1034 856 1083 Camina noſtra probas? ſoluam te legibus æquis.
231 1078 748 1106 Nil niſi verba refers:nil niſi verba dabo.
192 1111 825 1146 Me donis donas: contra quæ munera mittamt
226 1143 735 1180 Heu, fortuna meas nubila preſſit opes.
195 1175 927 1215 Carmina quid reddam, Muſarum & Apollinis expers?
197 1205 813 1250 Non bene pro agnomunere vera damus.
913 1252 977 1283 Ergo
