1008 1326
401 5 777 34 HIERONYMI
191 11 232 37 s
409 54 561 85 Ad puelam.
193 80 782 119 Attrahit vt ferri magnetica gemma rigorem:
226 117 737 154 Luminibus prceps ſic tiahor ipſe tuis.
415 155 613 186 Ad. Pythagoram.
192 181 786 225 Pythagora, alterno reparas qui ſemina lapſu,
226 218 784 258 Corporibuſque nouis das reduces animas.
190 251 813 292 Dic quid erit Marcus, Stygiis cum dirus in vndis
226 288 751 324 Corpora Syſiphio pondere ſæua premet?
192 319 836 361 Quis Marcus? Marcus rabido liuore refertus,
219 356 733 394 Qu Fabii damnat qui Ciceronis opus;
191 388 806 426 Omnia qui rodit, genuinum frangit in omnes,
222 421 726 457 Et cui Gorgoneo vi.cera felle madent.
191 454 730 489 Non erit ille caper; non vaſti belua ponti;
224 486 823 521 Non leo;nec taurus quidnam erit ergo?canis.
389 524 661 549 Ad loannem de onte.
187 555 824 589 Ioannes, Clarios nunc cernimus vndique vates;
222 591 735 621 Et decorant omnes laurea ſerta comas.
187 625 732 656 India dat vates; dat terira Britanna poetas;
220 655 817 694 Dat Scythicus, Libycus, Gallus, Iberus, Arabs.
186 689 848 722 Paruulus ad lnſtrum cum primum venerit infans,
223 724 701 761 Arguto blæſos concinit ore modos.
187 757 780 796 Quid mirum? tenuit antiquo tempore lauros
219 791 806 822 Parnaſus: lanros nunc habet omnis ager.
357 827 645 859 Ad gidium Delphum.
184 857 840 897 Quid tenuem laudas, vates memorande, Thaliam?
219 892 683 929 Veſtit rugoſum noſtra Thalia piper.
184 925 815 962 Coruum laudat olor, picæ philomena querelas;
217 960 704 995 Cornicisque ſonos vnica laudat auis.
183 992 858 1030 Nec tamen expectes, vt ſoluam hæc legibus æquis.
216 1027 742 1062 Veridicove probem carmina culta ſono.
181 1060 824 1096 Laudis egent quæ ſunt mdiocria: Liuor iniquus
215 1094 757 1126 Commendat verſus, Delphe diſerte, tuos.
408 1129 561 1155 Ad eumdem.
181 1160 765 1194 Lumine captus erat Smyrneæ gloria gentis:
215 1194 622 1225 Squalebat cæco lumine Tireſia.
889 1231 969 1259 Viuet
