1475 1422
361 1 548 25 BALBI.
798 13 841 36 M
55 31 658 67 Viuet Tireſiæ; viuet quoque nomen Homeri,
80 67 591 99 Dum nouus Eoo ſurget ab axe dies.
25 100 796 136 Hucque quem cæcum memoras, mi Delphe, coruſcd
20 136 675 169 Mente videt, quantum cernere lynx poterit.
250 170 532 205 Ad Titum Pamphilum.
46 204 603 237 oia pAs , Samii ſententia vatis
91 242 696 277 Eſt Tite:ſed quorſum hæc Athica verba petis?
19 277 694 310 Dicam equidem:cultæ retnent te vincla puellæ
86 309 595 345 Quæ Stygium poſſet ſollicitare Iouem:
50 343 627 376 Cornua cui ſumat, cui ſe mutaret in aurum
65 377 601 411 Iuppiter, & niueam diſſimularet auem.
51 410 637 448 Et tibi ſum ylades, & tu mihifidus Oreſtes.
88 447 678 485 Quæ volo ſi quæras Pamphile: oie Os
1 483 664 518 Subvideo: tacitoque refers hæc verba ſuſurto
88 518 591 551 Non rcipit ſocios in ſua regna Venus.
50 552 649 581 Credimus: at dines mittat ſi munera Paullus,
76 585 578 618 In ſocium veniet pacta puella torum:
48 612 641 655 Vincit amicitiam nummorum cæca libido.
84 655 554 694 Inunc & iacta perfide; ie pii.
248 694 551 726 Ad Robertum Gaguinum.
43 726 682 760 Candidacuncta geris, tibi candida tota ſupellex;
66 760 587 793 Candide candenti conſpiciende togâ.
47 793 667 826 Hrc toga Acidalias ſuperat candore columbas;
44 826 687 861 Et quæ Mygdonio marmore tecta nitent.
1 859 642 894 Quin etiam ſuperat criſtalla.liguſtra, pruinas,
79 894 551 928 Lilia, quæ vernâ luxuriantur humo.
46 926 713 961 Cedit Erythræo quæſita ſub æquore gemma,
79 962 518 994 Cedit & Eoi nobile dentis ebur.
43 994 699 1027 Hæc toga ſit primis niuibus licet æmula; mentis
70 1028 572 1054 Attamen indicium candidioris adeſt
238 1063 430 1094 In Mendacem
37 1092 589 1128 Qui fueras totâ mendax notiſſimus vrbe;
77 1126 555 1160 Et totâà fueras notus in vrbe loquax:
32 1159 601 1194 Captus in obſcuro latuiſti carcere clauſus;
71 1193 577 1230 Et meritas pœnas lingua reciſa dedit.
763 1219 826 1265 Nec
564 1230 628 1257 X5
