1011 1330
405 31 734 58 . EEONIMI
196 72 860 108 Nec ſatis eſt:ſeribis, quod dicere, Ventule, lingu
233 108 782 149 Sciſſa nequit:ſupereſt, dextera cæſa cadat.
412 145 628 167 Ad Paudum.
201 174 734 208 En iacet inſulſi nunc fama ſepulta libelli
233 208 764 243 Paulle tui:cefſas quid miſerande mori?
199 241 799 273 Carolus Aonii decus & noua fama triumphi
233 276 727 310 Te ridet: ceſſas quid miſerande mori?
200 306 810 343 Te pueri digito monſtrant; iuueneſq; ſeneſq;
232 342 733 376 Exultant: ceſſas quid miſerande mori?
199 375 875 408 Iam morere, & metito claudas mala fata veneno
234 409 715 441 na ſalus miſeris eſt periſſe ſemel.
469 445 643 477 De primo vere.
201 476 801 512 Qui Tyrios vexit ſpumoſa per æquora raptus,
237 510 748 544 Candida Phæbæis cornua iunxit equis.
201 542 827 577 Squalida fugit hyems; ephyri rediere ſecuni;
236 578 754 610 Sub trabe nectit opus nuncia veris avis.
198 610 799 644 Ridet ager, veſtitur humus, veſtitur & arbos;
235 644 739 677 Induit herboſum terra benigna caput.
203 677 811 710 Sic rutilæ noſtto creſcunt in pectore flammæ,
244 711 730 744 Atque vrit pectus ſæua puella meum.
202 744 878 772 Noſtra tamen maior flamma eſt: nam cornua taum
234 777 811 810 Menſe calent; ſemper pectora noſtra calent.
381 811 741 845 A Ambroſium d cCambra,
203 844 781 879 Vel fuit ille ſacer vates; vel magnus Apollo,
240 878 735 911 Nomina qui tribuit Ambroſiana tibi.
203 912 762 944 Ambroſius paſcit cœleſtia pectora ſuccus;
239 945 670 978 Lætatur dulci Iuppiter ambroſi.
163 978 775 1015 Dulcior ambroſi tu nectare dulcior omi,
236 1012 732 1045 Ambroſias vincis nectareaſque dapes.
204 1044 774 1077 Viue diu felix: ſuperans vel Neſtoris annos,
239 1078 693 1107 Sis cunctis dulci dulcior ambroſià.
443 1115 623 1146 Ad Camilam.
208 1144 892 1180 Te colo;te veneror: numquid mea vulnera erat
240 1177 727 1212 Vulnera non vati perpetienda pid
210 1208 841 1246 Te donis dono: numquid mea vulnera cura
902 1245 988 1274 Vula
