1468 1389
351 25 547 50 BALBI.
85 65 575 97 Vulnera mortali non patienda viro.
55 98 790 133 Te modulis celebro: numquid mea vulneracuras?
91 132 632 163 Vulnera non fido perpetienda mihi:
37 160 677 198 Te fugiam. forſan quod non potuere, Camilla,
89 199 685 233 Carmina; dona; preces; id fuga noſtra dabit.
281 233 455 267 Rob. Gagino.
54 264 640 299 Terra prius luctus; & pontus deſeret vndas;
89 300 682 332 Aſtra polum, volucres æthera piſcis aquas.
37 333 671 369 Quàm ſubeant animo Gaguini obliuia noſtr
88 367 656 395 Mens habet vna duos, mens habitura duos.
54 400 650 432 Tu mihi ſola fides, animæ pars altera noftræ;
89 434 532 465 Altera lux, alter ſpiritus, alter ego.
255 469 581 500 Epitaphium Ardolaphi Pini.
54 499 719 536 Quod ſua cuique dies maneat; quod fama ſuperfit
92 534 651 566 Ardolaphi monſtrat fama decuſque ducis.
55 567 818 603 Quem non mille manus poterant, nec mille phalag..
93 601 643 626 Abſtulit hunc cunctis mors adeunda viris.
56 633 652 668 Gaſſide Mars poſitâ, poſita luge ægide Pallas.
91 668 642 704 Quis credat inum tam breuis vrna tegit.
207 702 568 735 Ad Ambroſium de Cambray.
52 731 646 768 Non rota fortunæ, non ſidere fata maligno;
90 769 611 803 Fregerunt mentem, vir generoſe, tuam-
52 803 614 834 Iam ceſſit fortuna tibi, iam victa pudore.
93 835 536 869 Se facilem tanto præbuit illa viro.
50 869 678 904 Pellæum ſileat iuuenem vaga fama, nec vllus
90 903 616 928 Laudibus immodicis Cæſaris acta canat
51 935 682 970 Cedit vterque tibi, facile eſt ſuperare volentem
86 968 628 995 Fortunam: aduerſam vincere difficile et.
290 1004 478 1037 Ad Qiendæm.
49 1034 686 1069 um te parua ratis, dum te leuis aura ferebat,
91 1068 607 1102 Et bonus, & placido pectore mitis eras.
57 1100 699 1135 Nunc, vbi roſtrata veheris ſuper æquora puppes
86 1134 599 1168 Turbida ventoſus pectora faſtus agit.
55 1165 702 1200 Pendula mens hominum, rebuſq; elata ſecundis
87 1203 548 1235 Fallitu, & vanâ credulitate tumet.
796 1229 858 1271 At
