1008 1326
410 5 735 30 HIERONYMI
172 12 244 35 32
436 50 634 73 Ad Marianum.
207 80 815 116 Quid vultu, Mariane, truci, quid fronte ſeuera
240 116 833 150 Turges? quid tanto pondere membra quatis?
204 148 830 180 Subter anhelat humus, vaſtoq; oppreiia laborat
238 182 797 216 Pondere, quod renuat ferre rogatas Atlas.
204 216 753 249 Sis licet Aoniæ decus immortale cohortis,
237 250 695 282 Teq; colat flexo tota caterua genu;
197 282 714 311 Faſtidire tamenmoli, Mariane, minores;
228 315 716 342 Inſtabilis metuas ſed leue Sortis iter.
405 351 731 383 Ad Guidonem de Pupeforti.
195 383 809 417 Quod tibi centenis renouantur rura iuuencs.
232 416 866 452 Quodq; tuum à priſco ſtemma refulget auo,
191 448 916 484 Quod domus Attalicis tibi ſplendeat æmula garis;
231 483 758 510 Non tu, Fortunæ ſed veneranda rota eſt
180 516 806 552 Quod tibi ſint mores omni probitate verendi;
230 550 794 584 Quod ſuperes priſcum relligione Numam;
197 583 807 618 Non hæc fortunæ, non hæc ſunt munera Fati,
228 618 742 651 Sed tua ſunt: omnis laus tribuenda tibi.
188 651 872 694 Noſtra, animi virtus, noſtra eſt probitasq; fidesq;
220 685 710 719 Cetera ſub regno ſunt, Dea cæca, tuo.
384 720 568 751 Ad Guidonem.
192 751 706 786 Miſiſti nobis & poma & carmina, vates,
225 786 655 819 Indelibatæ pignus amicitiæ.
183 819 822 852 Carmina ſic animum paſcunt, vt poma palatum:
222 851 710 885 Illa leporeiuuant:iſta ſapore placent.
187 888 869 928 Poma aurum vincunt; vincunt & carmina gemma
220 920 738 953 Aurum da, & gemmas; deteriora dabis.
184 953 760 980 Poma nec Aleinous miſiſſet talia nobis
191 987 794 1014 Carmina nec Clarius tam bene culta Deus.
377 1023 553 1046 Ad Camillam.
183 1054 762 1088 Nullane te pietas morientis, perfida, tangit?
217 1088 798 1115 Nulla mouent animum Numina læſa tuum?
159 1120 666 1149 Crudelis, duris multo crudelior vrſis,
219 1153 649 1187 Durior & ferro, durior & lapide.
184 1184 699 1232 Sæuitiâ vincis ſilices, adamanta, ferasq;:
930 1228 963 1253 Vt
