1483 1384
299 4 539 28 BALBI.
775 15 822 37 M
75 45 628 80 Vt reor, in duro pectore marmor habes.
41 80 616 112 Non, non humani te progenuere parentes;
73 113 565 146 Sed lupus, aut dura rupe leæna ferox.
37 146 602 180 Et genita in ſiluis, nutritaque lacte ferino,
26 180 554 213 Et tibi quæ tribuit vbera tygris erat.
37 214 636 247 Crudelis, tantos nunquam miſerata labores,
70 247 599 279 Nunc ſatia noſtris pectora ſæua malis.
37 281 722 317 Tot mala nam patior, quor cœlo ſidera fulgent,
71 314 723 349 Æthera quot volucres, quot vehit amnis aquas.
35 347 652 382 Si quis erit, cunctos miſerâ qui mente dolores,
69 381 628 423 Et genus omne mali noſcere poſcat, amet.
159 436 709 477 Ad Galliarum tegem, de Venataab
352 478 491 510 Eq. Renio.
22 515 655 555 Quæ donata tibi Venus eſt, Franciſce, volebat
70 551 608 587 Illa loqui tecum: poſſe loqui ars dederat.
10 584 661 619 Sed cùm præuertis; mille admirata loquendi
66 619 550 660 Eſſe tibi Veneres, muta repente fuit.
287 655 447 678 Deeadem.
33 686 521 721 Quid ſiſtis celeres gradus? quid aures
27 718 527 755 Ad vocem adrigis, heus viator? hæc eſt
26 752 517 788 Fandi neſcia, quippe ſeulpta Cpris.
24 788 451 823 Abi qu properas, abi viator.
216 822 511 847 Ad Marianum.
25 852 542 888 Tun ſacros audes infensâ voce poëtas
18 887 633 921 Spernere, Pierio non bene grate choro?
25 921 687 955 Saxa ferasq; truces cantu Rhodopeius Orpheus,
26 955 635 988 Et potuit Sygium perdomuiſſe canem.
24 988 587 1021 Captus Arioniâ Delphin dulcedine vocis,
58 1022 539 1055 Illæſum placido tergore vexit onus.
19 1055 617 1088 Melliftuo Tyris Amphion carmine montes
57 1087 572 1119 Tranſtulit, & lyricâ mœnia ſtruxit ope.
7 1120 590 1157 At tu ſiergis vates contemnere, dicam
53 1153 513 1196 Duiooesſais, durior eqq; erii
685 1188 857 1233 BER-
