1033 1346
463 40 712 73 AVGVT.
214 83 876 126 Acclpiunt animo, magnum tamen omnibus illum
216 119 886 160 Vndique, & omnigenà iuuenem virtute micantem
216 154 748 191 Allicere officiis ac promeruifſe putarunt
216 186 781 225 Piæcipue Venetis Grittus qui præſidet oris,
219 221 802 263 Quo nec conſilio melior, nec iuſtior vnquam
222 253 827 292 Sccptia tenere manu potuit, rerumq; potiri
223 288 739 322 Cuius tanta viget maieſtas regia vultu,
222 319 820 354 Tantus honos, vt non alia grauitate ſedentem
221 357 776 386 In ſolio rear æthereo dare iura Tonantem.
224 388 813 423 Nouit enim pairæ imperio concordia tecum
223 421 855 456 Commoda quanta ſerat, ncc non te nomt amico
225 453 861 491 Quid ſperare queat, t epido cum ardere tumultu
215 487 785 522 Contingat Latium, vel ſi terraque marique
226 520 791 555 Terreat Illyricas Turcarum exercitus vrbes:
227 552 806 588 Non tanto a piciam Venetos terrore ſoluts
226 587 754 622 Iuſticia, & placida populos in pace tueri,
216 621 765 652 Nil niſi tuta ſuis meditantes ocia terris?
228 651 835 689 Tu potes hoc cœlo Clemens demiſſus ab alto,
230 686 751 723 Vt regeres rite vnus irelligionis habenas,
230 718 959 755 Quam fœde oppreſſam, rabidoque ſub hoſte labantem,
231 754 725 789 Suſtentare diu propria virtute valeres.
231 784 866 821 Tam pia quis duce te, quis te tam lancta iubente
230 819 868 854 Induere aima nege, certæque occumbere morti,
231 853 855 886 Si ſit opus? cum ſic decus immortale per orbem,
233 886 771 921 Adquiratq; ſibi ſtllautis gaudia regnis
233 919 807 951 Hic vbi fortunæ vis deperit improba, nec ius
231 952 768 980 Vllum habet in nobis duri violenia fati;
231 985 836 1020 Atque dies vbi, nulla daum quæ finiat æuum.
233 1017 931 1053 Tu noo rumpe moras, & iam fer pectus in hoſte;
233 1051 785 1086 Ire iube inſtructas acies, & prælia poſcant,
235 1085 877 1119 Neve aniinum regis me noiata potentia frangat.
236 1118 828 1148 Nos adeoſit fas nos dicere veratremendum
226 1151 768 1183 Fecimus ignaui, tot digna, indgna relatu
236 1183 891 1218 Qui tulimus, nec quicquam animos iniuria mouit
232 1215 839 1253 Degeuercs nil au antiqu rtutis habcntes.
940 1255 1005 1287 Brg
