1464 1398
300 17 576 53 BEATIANI.
49 56 693 97 Ergo tempus erit, cm victo ex hoſte triumphos
58 97 629 130 Inclita te niueis inuectum Roma quadrigis
57 129 636 161 Ducere ſublimem ad ſacrata palatia cernat,
49 163 636 197 Curarum, atque impendentis ſecura pericli.
49 196 650 230 Tu vero interea iuuenis, quem clara ſub alta
54 230 670 263 Sidera fama vehit fotum applaudentibus alis,
55 263 683 297 Cuius Caſtalidum chorus, & meditatur Apollo
53 298 599 331 Egregium decus æternis intexere chartis:
49 330 672 363 Siue paras animum in ſolitas demittere curas
49 363 685 398 Principis eximii, quocunue vt tempore gratus
52 397 616 430 un eris accepti gratus videa: is honorum:
55 430 568 461 Siue tibi oblatas manis inuiſere gentes,
51 464 751 497 Vero namque tua, quæ Dii precor omnia firment
55 497 631 530 Nos, in re ſolum qui lumina iecmus, in quo
53 530 708 564 Noſtra ſalus poſita eſt ſpes & fundauimus omnes,
52 563 607 596 Excipc tot ſæuis belloru fluctibus actos,
53 597 620 631 Atque tuos feſſo ſubeuntes remige portus.
285 629 511 655 Ad Petr. embum.
57 663 717 698 Ex animo quoniam Gibertum diligis, atque hunc
91 699 536 730 N.quari cœlo laude metere putas;
49 729 649 761 .Immenſum eximio iuuenis lætatus honore,
76 764 588 798 Neſcio quid ſolito grandius ore ſonas.
50 798 646 830 Et peream, veterum niſi tu contendere ſæclis
87 831 668 865 Noſtra iubes, Veneti gloria Bembe maris.
41 865 670 899 Quam bene non alio Gibertus cmmine dici;
84 898 611 929 Hoc alius nemo carmine dignus erat.
234 932 564 965 Ad Matthaum Giberm.
47 964 692 999 Multa Deum humano generi tribuiſſe videmus,
88 997 729 1031 Nuhquam hominis poterat quæ meruiſſe labor.
51 1030 642 1064 Innumeras ideo poſitas ſibi poſſidet aias,
43 1064 585 1093 Et D us in tot cernitur orbe coli.
53 1097 781 1129 Tu quoque cum meritis dederis mihi plurima nus,
35 1129 621 1165 Quis Giberte mihi te neget eſſe Deum?
40 1161 629 1196 Dicere ſed noſtiâ hoc ſi reiiigione vetamur:
82 1195 601 1229 Supra hominem certè te coiuiſſe lcet.
785 1228 834 1267 d
