1011 1321
428 1 735 28 AVGVTINI
486 47 629 70 Ad eondem.
210 70 872 114 Altera lux Medicum, nutu qui temperat oibem,
246 109 750 145 Nec virtutis habet præmia digna ſuæ,
211 143 757 187 Signatum ſummo te cunctis lætus honore
247 175 811 212 Pratulit, & meriis non tamen æqua dedit.
205 211 827 248 Nec dabit, vt tribuiſſe tibivelit omnia magnus
239 243 743 281 Hic Giberte Deus, cui dare tanta licet.
211 276 780 319 Finge tuos tamen æquari mercede labores:
248 310 726 354 Quo faciat, fidei non habet ille ſatis.
483 346 634 370 Ad eu dem.
205 377 805 422 Qum debere putem tibi, ſi Giberterequiris:
250 409 913 453 Quantum animo atq; anim me dare poſſe datur.
215 443 988 480 Verum animo atque animâ quando tibi reddere quantum
243 477 751 511 Debeo, non vllo tempore poſſe putor.
208 509 853 550 Saltem aliqua vt meritis referatur gratia tantis;
216 545 855 582 Hunc tu,iure tuo, ſume animum atque animam.
436 587 658 616 Ad Leon. Fuſcum.
210 623 876 661 Extinctum Aonio defles dum carmine Bembum,
250 658 765 701 Quod toto doleas pectore, Fuſce, doces.
217 691 810 737 Quippevelut ratio iubet & ſincera voluntas
250 726 729 762 In ſimilis ſimilem funere flere decet.
209 752 828 795 Inuiliæ, non fleſſe, foret tot dotibus auctum:
250 793 764 834 Quà nemo eſt qui te labe carere neget.
179 827 760 863 Elicis ex oculis lacrymas, ex ore querelas,
249 859 733 896 Vt non fleſſe labor, ſit tacuiſſe pudor.
208 892 851 933 Vitam igitur geminam viuet poſt funera: cantu
249 928 641 962 Ille ſuo, fletu viuet & ille tuo.
428 967 657 995 In Bembi obitum.
201 1005 903 1045 Bembe iaces, tecumque iacet quæ prima canendi e
253 1040 790 1077 Gloria, ad extremos non reticenda dies.
206 1073 811 1111 Bembe iaces, tecumque iacent cæleſtibus apti
253 1107 783 1147 Mores, quos poſthac ſæcula nulla ferant.
209 1140 866 1177 Bembe iaces tecumque iacet ſincera voluntas,
255 1173 761 1214 Et qui nos prohibet dicere falſa pudor.
893 1206 992 1237 Bemb
