1399 1414
305 14 582 39 EATIANI.
41 56 677 93 Bembe iaces, animique iacet laudabile tecum
86 93 754 130 Quicquid habet Latium, Græcia quicquid habet.
36 163 667 198 Non hic Bembus eâ,qua cuncti lege tenemur,
77 196 559 226 Eſt ſitus; ante datâ iuſſus obire die:
33 226 784 262 Sed ſomnum hoc nitido carpit ſub marmore tanum
33 265 648 299 Cernere in æthereo quo datur orbe Deos.
37 327 740 366 Hoc ſitus in tumulo eſt Bembus, cui prima ſororum
79 366 702 400 Calliope canere hoc, quod canit ipſ, dedit.
37 400 665 433 Conſedit proceres inter, quibus inclyta ſacras
44 433 564 466 Purpureo cinxit lana colore comas.
34 466 677 500 Virtutes animi has habuit, quas credere in vno
77 499 663 532 Haud euiquam facile eſt poſſe manere loco.
35 534 606 567 Inuida ni talem rapuiſſent numina Parcæ,
77 565 669 600 Succeſſuque hominum triſtia, læta malis,
33 600 684 633 Ad ſumma extolli poteratque oſtendere, qualis
78 634 581 660 Cœleſtum i terris æmula vita foret.
38 695 730 731 Hi ſitus eſt Bembus; de quo fas dicere ſolo eſt,
43 731 562 772 Laudato dici quicquid ab ore poteſt.
39 799 727 829 Hic Bembus iacet, Aonidum laus maxima Phœbi,
77 834 609 866 Cum Sole & Luna vix periturus honor.
39 866 577 901 Hic & fama iacet, ſpes & ſuprema galeri,
69 901 576 935 Quam non vlla queat reſtituiſſe dies.
39 935 638 968 Hic iacet, exemplar vitæ omni labe catentis,
35 968 648 1006 Summa iacet ſummâ hic cum pietate ſides.
38 1028 690 1061 Hoc Petrus nitido tegitur ſub marmore Bembus,
78 1061 672 1094 Cu natura, poteſt quæ dare, larga dedit.
42 1093 711 1127 Cuique decus, paitum ingenio, & virtutibus, auxit
77 1127 645 1160 Addita lauiigeræ purpura clara comæ.
35 1157 698 1192 Idem, animi probitate, omnes æquauit honores,
78 1192 590 1228 Vita quibus cœli ſeandere tecta facit.
733 1212 855 1257 ie
