1025 1336
489 12 668 45 PETRE
192 27 243 51 44
231 58 634 93 Nos & res tueare Diue noſtras
195 93 641 124 Abſit fraus ſcelerum comes, ſuoq;
233 125 632 154 Se liuor miſer imbuat veneno:
231 158 649 186 Et lis cedee diſcat, & ſolutam
229 192 672 225 Deuinctus metuat furor quietem.
230 225 636 257 Paores tua turba te rogamus,
232 258 654 290 Nos & res tueare Diue noſtras.
200 292 626 325 Sit pax candida, ſit beata, plena
230 325 678 359 Pomis copia frugibusq; cornu.
232 357 743 392 Qualis cum poſitum recenter orbem
232 391 639 423 Saturnus Ioue ſanctior regebat.
234 424 677 457 Paſtores tua turba te rogamus,
233 457 634 485 Nos & res tueare Diue noftras.
200 493 711 525 Audis nos Pater? an nouam per agros
232 525 716 558 Suſpiras Venerem, & preces recuſas?
229 559 643 592 Ah cur nos fugis? hi tui poëtæ:
232 592 628 618 Hæc olim tibi ducitur chorea.
232 625 634 658 Paſtores tua turba te rogamus,
233 658 634 692 Nos & res tueare Diue noſtras.
200 692 694 726 Scimus quid ſit amor, quid obſtinata:
227 726 605 758 Defigit tacitum iecur ſagitta
227 758 683 792 Adſis tu tamen, ipſe dum laboro
230 793 696 826 Cœpti carminis explicare penſum..
227 826 638 860 Paſtores tua turba te rogamus,,
230 860 633 884 Nos & res tueare Diue noſtras.
195 893 743 925 Et ver puluereum, humidam & vehat S
227 925 580 958 ſtatem pecori laborioſos
226 960 670 992 Neu laxent pluuiæ, vel impotenti
228 992 658 1025 Sidus vbera comprimat calore.
225 1025 628 1059 Paſtores tua turba te rogamus,
222 1060 630 1085 Nos & res tueare Diue noſtras.
192 1092 663 1124 Tum fons vitreus, & perennis vnda
225 1124 639 1160 Feſtinans placido foner ſuſurro,
226 1156 622 1194 Qup ſitim veniat, meridiemq
226 1188 598 1229 Vmbrosâ pecus eleuarerigâ
889 1232 976 1263 Pato-
