1367 1396
358 5 525 30 BEMBI.
92 44 497 82 Eatores tua turba te rogamus,
55 82 502 114 Nos & res tueare Diue noſtras.
48 114 594 151 Gregi hæc poſcimus: at gregis magiſtros
90 149 518 182 Præſens perpetuâ leues iuuentâ,
89 183 582 217 Quam Luſus comitetur, & Voluptas,
88 217 586 242 Et nudos Venus oſculans Amores.
91 249 507 283 Paſtores tua turba te rogamus,
90 283 497 309 Nos & res tueare Diue noſtras.
48 312 464 350 Sic te nec fatuæ petant puellæ:
88 349 553 384 Nec Nymphæ fugiant meticuloſæ,
89 383 501 416 Dum feſſæ gelidi nemus Lycæi,
48 416 538 451 Et gratum tibi Mænalon reuiſunt.
170 452 673 487 fFaunus ad Nympeum Fluuium. Fictum pro
375 487 470 518 antiqu.
48 508 756 559 Quid tibi nobiſcum eſt fluuiorum infamia Nympeu
71 551 531 585 Flecte ali curſus pernicioſe tuos.
48 582 648 619 Flecte procul, remoueq; meo veſtigia luco:
91 619 586 651 Impurum ſacrâ non decet ire viâ.
48 651 600 689 Quantum Baianas fregit laſciuia villas,
84 686 629 719 Criminis articulus, parsq; puſilla tui eſt.
48 719 624 756 Huc veniunt mixtæ pueris de more puellæ,
90 753 564 786 Inq; tuâ, poſitâ veſte, natatur aqu.
53 785 607 820 Luſibus interea duxiſſe procacibus horas,
89 821 584 853 Nequitiaq; iuuat continuare diem:
48 848 699 887 Cumq; libet, medijs paſſim iunguntur in vndis,
90 887 582 920 Laſciuum femori conſeriturq; femur.
55 921 752 959 Tu tamen hæc pateris, nec te mea numina tangun,
73 954 582 986 Ante oculos fieri turpia probra meos.
47 985 702 1021 Quin etiam ſi quid ſpecto, & ſpectare neceſſe est,
92 1020 550 1054 Illi ſe improbius liberiusq; petunt.
53 1053 636 1086 Permolitur pueroq; puer, pactiq; viciſſim
86 1085 640 1120 Obſcœnos agitantnoſtra ſub ora modos:
48 1119 623 1152 Meq; vocans vdâ media inter ſauia linguâ,
48 1152 600 1186 Crifſat ab impoſito fixa puella mare
48 1186 645 1229 At mihi tum mediæ ſaliunt tentigine venæ,
756 1218 840 1253 Surgit
