<PcGts xmlns="http://schema.primaresearch.org/PAGE/gts/pagecontent/2017-07-15" xmlns:xsi="http://www.w3.org/2001/XMLSchema-instance" xsi:schemaLocation="http://schema.primaresearch.org/PAGE/gts/pagecontent/2017-07-15 http://schema.primaresearch.org/PAGE/gts/pagecontent/2017-07-15/pagecontent.xsd"><Metadata><Creator>User123</Creator><Created>2020-04-25T21:20:20</Created><LastChange>2020-04-25T21:20:20</LastChange></Metadata><Page imageFilename="0374.png" imageHeight="1325" imageWidth="1032"><TextRegion id="r0" type="paragraph"><Coords points="1,1 1030,1 1030,1323 1,1323"/><TextLine id="r0_l001"><Coords points="505,1 505,29 666,29 666,1"/><TextEquiv index="1"><Unicode>DETRI</Unicode></TextEquiv></TextLine><TextLine id="r0_l002"><Coords points="184,9 184,41 266,41 266,9"/><TextEquiv index="1"><Unicode>46</Unicode></TextEquiv></TextLine><TextLine id="r0_l003"><Coords points="405,75 520,75 751,71 751,39 313,39 306,41 235,41 235,77 375,77"/><TextEquiv index="1"><Unicode>Surgit &amp; in cornu ſpina recurua ſuum.</Unicode></TextEquiv></TextLine><TextLine id="r0_l004"><Coords points="922,63 814,63 807,69 798,72 651,73 520,76 405,76 326,79 202,78 202,108 558,108 628,107 687,104 810,104 838,105 844,108 922,108"/><TextEquiv index="1"><Unicode>Omnla ſed parui facerem tamen; hoc mihimagno oſt,</Unicode></TextEquiv></TextLine><TextLine id="r0_l005"><Coords points="540,140 637,140 706,138 745,138 787,141 787,105 687,105 628,108 559,108 513,110 237,111 237,142 501,142"/><TextEquiv index="1"><Unicode>Hoc dolet, hoc æquanon ego mente fero:</Unicode></TextEquiv></TextLine><TextLine id="r0_l006"><Coords points="602,172 733,172 733,139 637,141 540,141 452,144 201,145 201,175 522,175"/><TextEquiv index="1"><Unicode>Adſueti longâ cum ſint in crimina culpâ,</Unicode></TextEquiv></TextLine><TextLine id="r0_l007"><Coords points="618,205 765,205 765,174 569,174 522,176 375,178 237,177 237,208 541,208"/><TextEquiv index="1"><Unicode>Concubitus fugiunt qualibet arte meos.</Unicode></TextEquiv></TextLine><TextLine id="r0_l008"><Coords points="544,240 565,238 783,238 783,206 618,206 541,209 474,209 415,211 201,210 201,242 480,242"/><TextEquiv index="1"><Unicode>Siue Lycam puerum cœpi mollire precando,</Unicode></TextEquiv></TextLine><TextLine id="r0_l009"><Coords points="507,274 761,271 761,239 565,239 544,241 480,243 421,243 363,245 237,245 237,276 458,276"/><TextEquiv index="1"><Unicode>Seu tacitus, quà ſe fert Teleſilla, ſequor.</Unicode></TextEquiv></TextLine><TextLine id="r0_l010"><Coords points="592,306 831,307 831,273 635,273 589,275 459,276 419,278 240,278 228,276 201,275 201,309 457,309"/><TextEquiv index="1"><Unicode>lle preces non audit amantis, at illa ſequentem</Unicode></TextEquiv></TextLine><TextLine id="r0_l011"><Coords points="815,307 592,307 457,310 376,309 327,311 203,310 203,337 815,337"/><TextEquiv index="1"><Unicode>Præuolat, &amp; tardum ludit, vt aura, ſnem.</Unicode></TextEquiv></TextLine><TextLine id="r0_l012"><Coords points="625,373 759,373 759,340 629,340 352,345 263,345 201,342 201,375 544,375"/><TextEquiv index="1"><Unicode>Non tu parua meo præbes alimenta furori,</Unicode></TextEquiv></TextLine><TextLine id="r0_l013"><Coords points="724,374 432,376 380,378 236,378 236,402 724,402"/><TextEquiv index="1"><Unicode>Amnis mœche, &amp; vos inſidioſa vada:</Unicode></TextEquiv></TextLine><TextLine id="r0_l014"><Coords points="830,405 767,405 754,407 524,408 409,411 250,411 202,409 202,442 465,442 649,439 736,439 763,440 773,442 830,442"/><TextEquiv index="1"><Unicode>Nam neque nos olidi vincunt pruritibus hirqui,</Unicode></TextEquiv></TextLine><TextLine id="r0_l015"><Coords points="594,472 713,473 713,441 537,441 347,444 238,443 238,475 529,475"/><TextEquiv index="1"><Unicode>Nec ſum Lampſacio caſtior ipſe Deo.</Unicode></TextEquiv></TextLine><TextLine id="r0_l016"><Coords points="237,509 387,510 428,508 756,507 756,473 594,473 529,476 444,477 203,475 203,511 234,511"/><TextEquiv index="1"><Unicode>Qupd ſi me Cybele curat iuſtiſſima mater,</Unicode></TextEquiv></TextLine><TextLine id="r0_l017"><Coords points="754,508 428,509 387,511 239,510 239,543 490,543 612,541 695,541 718,543 754,543"/><TextEquiv index="1"><Unicode>Quam penes eſt bruti fasq; nefasq; ſoli</Unicode></TextEquiv></TextLine><TextLine id="r0_l018"><Coords points="614,574 673,575 673,542 490,544 203,543 203,575 269,577 362,577"/><TextEquiv index="1"><Unicode>Inuiſi latices fundo pereatis ab imo,</Unicode></TextEquiv></TextLine><TextLine id="r0_l019"><Coords points="725,575 362,578 241,577 241,610 530,610 546,608 725,610"/><TextEquiv index="1"><Unicode>Vosq; petant ſicci, traijciautq; pedes.</Unicode></TextEquiv></TextLine><TextLine id="r0_l020"><Coords points="427,611 427,643 665,643 665,611"/><TextEquiv index="1"><Unicode>Faunus ad Nymphas.</Unicode></TextEquiv></TextLine><TextLine id="r0_l021"><Coords points="786,674 786,643 202,643 202,675 690,675"/><TextEquiv index="1"><Unicode>Dicite cur.noſtros Nymphæ fugiatis amores:</Unicode></TextEquiv></TextLine><TextLine id="r0_l022"><Coords points="495,709 608,709 824,706 832,702 832,678 828,675 691,675 414,679 238,678 238,710 440,711"/><TextEquiv index="1"><Unicode>Quid Faunus, quo ſic deſpiciatur, habet?</Unicode></TextEquiv></TextLine><TextLine id="r0_l023"><Coords points="835,707 495,710 440,712 270,712 205,710 205,743 437,744 529,743 553,741 824,741 830,744 835,744"/><TextEquiv index="1"><Unicode>Cornua ſi mihi ſunt; ſunt &amp; ſua cornua Baccho:</Unicode></TextEquiv></TextLine><TextLine id="r0_l024"><Coords points="769,774 769,742 553,742 529,744 437,745 239,745 239,777 524,777"/><TextEquiv index="1"><Unicode>Inq; ſinus vocat hunc Creſſa puella ſuos.</Unicode></TextEquiv></TextLine><TextLine id="r0_l025"><Coords points="856,807 856,773 820,773 793,775 694,775 662,777 524,778 309,779 204,777 204,809 621,809"/><TextEquiv index="1"><Unicode>Ignea ſi frons eſt; an non frons ignea Phœbo eſt?</Unicode></TextEquiv></TextLine><TextLine id="r0_l026"><Coords points="754,840 834,840 834,809 577,809 530,811 410,810 359,812 238,811 238,842 704,842"/><TextEquiv index="1"><Unicode>Hoc tamen eſt Clymene facta parente parens.</Unicode></TextEquiv></TextLine><TextLine id="r0_l027"><Coords points="828,841 332,845 259,845 202,842 202,875 254,875 290,877 828,877"/><TextEquiv index="1"><Unicode>Barba riget ſuffuſa genis? dedit improba ſæpe</Unicode></TextEquiv></TextLine><TextLine id="r0_l028"><Coords points="629,909 629,877 230,877 230,909 483,910"/><TextEquiv index="1"><Unicode>Oſcula barbato Deianira viro.</Unicode></TextEquiv></TextLine><TextLine id="r0_l029"><Coords points="776,941 780,939 780,909 483,911 202,910 202,942 762,943"/><TextEquiv index="1"><Unicode>Intonſo denſq; tegor præcordia villo?</Unicode></TextEquiv></TextLine><TextLine id="r0_l030"><Coords points="665,975 665,943 445,945 321,944 300,945 272,943 237,943 237,976 663,976"/><TextEquiv index="1"><Unicode>Nil ideo Marti eſt Ilia queſta ſuo.</Unicode></TextEquiv></TextLine><TextLine id="r0_l031"><Coords points="852,976 275,979 204,976 204,1010 583,1010 644,1008 747,1010 852,1010"/><TextEquiv index="1"><Unicode>Capripedem arguitis: quid claudo turpius? at td</Unicode></TextEquiv></TextLine><TextLine id="r0_l032"><Coords points="709,1040 709,1010 237,1012 237,1043 644,1043"/><TextEquiv index="1"><Unicode>Nupſiſti claudo Cypria pulcra Deo.</Unicode></TextEquiv></TextLine><TextLine id="r0_l033"><Coords points="569,1076 801,1075 801,1041 699,1041 682,1043 644,1044 534,1044 462,1046 336,1045 251,1046 214,1044 203,1042 203,1076 226,1076 246,1078 518,1078"/><TextEquiv index="1"><Unicode>Denique ſi qua meæ pars eſt non bella ſigur</Unicode></TextEquiv></TextLine><TextLine id="r0_l034"><Coords points="576,1109 776,1109 776,1076 297,1080 237,1078 237,1110 244,1111 551,1111"/><TextEquiv index="1"><Unicode>Exemplum à cœlo, quod capiatis, habet.</Unicode></TextEquiv></TextLine><TextLine id="r0_l035"><Coords points="747,1110 576,1110 551,1112 336,1113 244,1112 231,1110 206,1110 206,1141 747,1142"/><TextEquiv index="1"><Unicode>Sed vos nimirum mortalia facta ſequutæ,</Unicode></TextEquiv></TextLine><TextLine id="r0_l036"><Coords points="749,1144 396,1146 308,1144 197,1144 197,1171 234,1174 293,1176 749,1176"/><TextEquiv index="1"><Unicode>Omnis quando auro conciliatur amor,</Unicode></TextEquiv></TextLine><TextLine id="r0_l037"><Coords points="809,1174 802,1177 597,1177 533,1179 465,1179 293,1177 205,1173 205,1211 809,1211"/><TextEquiv index="1"><Unicode>Haſtorum &amp; pecoris tenui cuſtode epulſo</Unicode></TextEquiv></TextLine><TextLine id="r0_l038"><Coords points="891,1204 891,1249 985,1249 985,1204"/><TextEquiv index="1"><Unicode>ua-</Unicode></TextEquiv></TextLine><TextLine id="r0_l039"><Coords points="3,1272 3,1309 92,1309 92,1272"/><TextEquiv index="1"><Unicode></Unicode></TextEquiv></TextLine><TextLine id="r0_l040"><Coords points="264,1290 264,1316 299,1316 299,1290"/><TextEquiv index="1"><Unicode></Unicode></TextEquiv></TextLine></TextRegion></Page></PcGts>