1019 1347
472 24 629 60 PETRI
172 76 783 119 Qu fugis & Galatea? mane, mane Galatea:
200 110 847 149 Non ego ſum, dixit, non ego Nympha Cyclops,
173 145 751 187 Qui flauum auulſis iaculatus rupibus Acin,
206 180 600 216 Sæuitiæ liquit trſtia ſigna ſuæ.
171 211 725 249 Paſtorum pecorisq; Deus, cui garrula cerâ
205 246 738 276 Prima dedit varios fiſtula iuncta modos;
173 279 748 319 Quem gelidi frondoſa colunt pineta Lycei,
206 314 681 351 Lætaq; Mænalio Parrhaſis ora iugo.
173 348 687 382 Vnam de cunctis te diligo Neptonmis:
205 382 738 410 O Galatea mane, O iam Galaea mane
172 414 706 451 lle loquebatur: fundo decliue maligno
206 446 774 481 Littus erat: greſſum non tenuere pedes.
174 476 811 517 Sed pelagi dum cæca vrget male cautus, & inſtat,
161 513 799 551 Qua refugit pendens, ſubtrahiturq; ſolum,
175 548 761 576 Labitur, & ſumms dorſo conuertit arenas:
206 581 707 610 Labentem intortis obruit vnda fretis:
175 613 790 651 Vtq; Deam, Galatea iterans Galatea, vocabat,
209 650 696 683 Implerunt tenues ora vocantis aquæ.
176 682 714 717 Tum primum latices epotauiſſe marinos
208 715 740 749 Pana ferunt, ponti nec latuiſſe Deum:
176 750 679 784 Sed quia Nereidas ibat vexare puellas,
214 784 687 816 Offenſum fluctus ron tenuiſſe ſuos.
176 815 784 851 Ergo illum nandi inſuetum glaca excipit alto
208 851 689 883 Vnda ſinu: exultant irrequieta vada.
175 885 760 917 Marmora ter ſuperare manu conatus amara,
209 917 674 950 Ter circunfuſis eſt reuolutus aquis.
175 950 777 984 Nympha Dei lapſum cupidis ſpectarat ocellis,
214 985 650 1018 Gratior & pulcro riſus in ore fnit.
177 1017 827 1051 pectarant, ſparſi vt ſteterant per littora, Fauni,
210 1052 706 1087 Pan comites Fauni, grataq; turba tua,
177 1087 748 1118 Et mixtus Faunis, cordi cui ſemper amores
211 1119 765 1152 Nympharum, & querulo tibia rauca ſono,
179 1152 710 1185 Incubus, & Satyri, & coniferæ Syluanus
211 1184 700 1218 Arboris agreſti cinctus honore caput.
181 1216 817 1253 Qi ſimulatque ipſum gentis videre parentem
892 1255 958 1279 Pam
