1004 1324
506 21 664 45 PETRI
199 31 238 52 350
235 60 737 91 Et niteat multo flore reuincta coma:
201 97 722 132 Læta nee vt feſti velentur limina templi,
235 131 814 164 Cum facit ad patrios plebs venerata Deos,
202 164 821 198 Nec phiala vt molles capiat concluſa maniplos,
198 198 709 232 Guttaq; ſuppoſito ftillet odora foco.
200 231 912 265 Atque ea non Beta eſt, non Braſſica, non Amaranthus,
234 265 760 298 Non quæ flauenti lumine Caltha micat:
158 298 824 332 Lubrica ndn Lapathus, non eſt cereale Papauer,
232 333 792 365 Adiuat aut medicas quæ Panacea manus:
202 365 844 398 Nec Baccho Cynara, & menſis accepta ſecundis,
234 399 772 432 Artiſicum nec qui ſurgis Acnthe labor,
201 432 778 464 Nec quæ cum rabidi vertit ſe lumine Phœbi,
235 466 766 499 Nec quæ de pueri nomine nomen habet.
199 499 804 534 Longe alia eſt, longeq; alios aptatur in vſus.
231 533 744 566 Nam primum bindo nititut illa pecde
197 565 749 599 Enodem tenta in caulem, reſupinaq; tota,
228 599 749 634 Et patulum minio ſparſa rubente caput.
127 631 753 665 Eſt eadem, gelidis albet cum terra pruinis:
230 666 719 700 Eſt, cum ſidereo finditur vſta Cane.
196 699 806 734 Nil refugit, nulloq; poteſt non tempore pangi,
198 730 684 767 Nullis non aptè conſeriturq; ſocis.
197 767 807 801 Certa nec vlla ſoli ratio eſt, cultusq; ſerendæ:
225 799 799 834 Fœcundum, ſubigas tu modo, ſemen habet.
195 833 747 862 Semina ſeu mades tulcis, ſeu foſſa feraces
227 867 718 901 Accipiat plæntas; vtraque tuta via eſt.
192 899 729 935 At cum iam prima cœpit pubeſcere ſiluâ,
226 933 665 967 Exultatq; opibus, luxuriatq; ſuis,
191 967 824 999 Tum vero lachrymæ ſummo de vertice manant,
223 1000 747 1036 Mella quibus cedant, Sicels Hybla, tua.
191 1034 740 1068 Quin etiam digitis contrectariq; ſuperne
225 1067 741 1102 Gaudet. & attactu creſcit ab ipſa tuo.
189 1100 870 1136 Nec minus hanc quæ cuncta mihi licet vſque tveri,
222 1133 761 1168 Nam me poſſe loqui fœmina nulla putat
189 1165 785 1202 Quamlibet ingenuæ gaudent tetigiſſe puelæ,
218 1197 716 1239 ediaim tecra continuiſl a
889 1245 960 1276 Sæpe
