1362 1389
296 10 525 50 BEMBI.
53 60 620 103 Sæpeiuuat ſummæ prono dare baſia vultu,
54 95 554 130 Lentam ſollcit ſæpe fouere morâ.
53 130 673 164 Dumq; fouent, tenues plant riſere tumente
93 163 623 196 Per tunicas agilem ſurgere, perq; manus.
54 196 665 237 Tum mirata nouam faciem non ruſtica virgo,
94 230 613 264 Prægrandesq; toros, inlolitumq; decus,
54 262 675 298 Te veneior giamen magni mihi numinis inſtar,
87 298 656 331 Teq; meum columen, te mea ſceptra puto.
54 331 608 364 Dixit: nec cunctata diu veſtemq; reducit,
96 365 600 403 Et bibulam inducto ſcdula fonte rigat.
53 397 600 428 Illa madet fusâ circum ſua vimina vena,
94 431 641 466 Quasq; haurit, largo fœnore reddit aquas,
54 465 675 499 Culticumq; ſinus lætis prouentibus implet,
94 499 601 531 Perfugium in multis vna reperta malis.
54 531 705 567 Nam quæ longinquas ſponſo volitante per vndas,
71 565 527 598 Carpitur indigno ſola relicta fitu,
54 598 562 631 Et macet in viduo pertabeſcitq; cubili,
94 632 570 666 Fibrâ ſe multun graninis huius alit.
60 666 612 699 Molle iecur tacitâ quæ deperit icta ſagittâ;
92 698 631 733 Plurimam in epoto ſemine ſentit opem.
54 733 664 771 Cui facies pallet, caulem ſi prandet opimum,
70 765 558 798 Prandenti gratus ſerpit in oa rubor.
59 799 638 833 Et quæ turg dulos flendo corrumpit ocellos,
93 833 638 866 Vt teimere in lacrymas hoc genus ire vides,
58 866 641 900 Rore inſperſa leui, ſummâ q proſilit herbà,
91 900 536 933 Lætitias animo, luminibusq; facit.
56 933 628 966 Et quam nigra malis terrent inſomnia viſis,
89 966 652 1000 Admorſo placidus germine ſomnus habet.
52 998 712 1032 Dudum habilis tum ſi qua viro eſt, materq; voci
90 1032 569 1065 Expetit, ignauos conqueiturq; dies,
28 1065 619 1097 Olim ne ſterilem poſtrema redarguat ætas,
87 1098 598 1130 Auxilium radix tempore fumpta venit.
53 1130 697 1164 Denique ſi qua ſuo mulier male culta marito et,
89 1163 668 1198 Hanc vorat, atque aſſis non ſua damna facit.
50 1196 693 1234 uemq; magis digios impleteapientis, &ooe
692 1236 828 1270 Mandi-
