1037 1327
532 10 693 35 ETRI
267 51 804 85 Manditur oppleto, tam magis illa placet.
233 85 888 118 In molli latet vmbra alijs, mihi ſemper aperta eſt:
265 119 824 153 Tam bona non debet graminis herba tegi.
232 152 862 188 Nomine fi cupias cognoſcere, Menta puſilla eſt.
267 187 748 219 Rides? ſic illam Roma diſerta vocat.
235 218 980 253 Sed quæ, docti homines cum dicunt, Menta puſilla eſt,
266 253 860 286 Hæc mihi non docto maxima vel nimia.
235 287 831 321 Parcite Romulidæ, verbo ſum lapſus in vno:
258 319 843 355 An quiquam nimium tale quid eſſe poteſt.
355 355 701 387 Leucippi & Alconis tumulus.
232 387 824 417 Fer cæſiam & flores, & odori balſama trunci,
267 421 838 455 Quanta ſuper tumulos integat vmbra duos.
234 455 801 486 OPan Pan. periere tui Leucippus & Alcon:
264 488 820 521 Fer caſiam, & plenâ balſama carpe manu.
233 521 778 554 Carpe manu flores, ipſaq; volente Thaliâ.
263 555 809 589 Nympharum ſectis ſparge ſepulcra comis.
231 587 781 623 Illi proh, tantum quostu laudare ſolebas,
263 622 799 656 Muſa quibus cordi, ſemper Amorq; fuit,
233 656 941 688 Proh facinus periere: nec eſt reuocabile damnum:
263 689 788 723 Adſpice, compoſito etur vterque rogo.
232 721 760 756 O Pan Pan, ſeu te gelidi montana Lycei,
267 756 758 791 Seu tenet vmbroſo Mænalis ora iugo
230 790 906 824 Huc ades, & tepidam lacrymis reſperge fauillam:
261 823 784 857 Dedecet hic lacrymas continuiſſe pater.
216 855 786 890 Ipſa Venus leuit: teneri fleuiſtis Amores:
261 890 748 924 Fleuerunt Dryades, Nereidesq; Deæ.
228 922 864 958 Phœbus adeſt, repetensq; ſuos mala fata poëtas,
263 957 752 991 Vexat flebilibus ſaxa nemusq; modis.
217 985 872 1025 Atque ait hæc: periere mei Leucippus & Alcon:
217 1054 790 1091 n facinus rapuere meos mala fata poëtas:
263 1024 804 1058 Eſtq; adeo, qui me numen habere putet?
263 1091 798 1125 Quaq; ſequar raptos, non datur vlla via:
229 1125 861 1161 Quos alui, quorum ipſe pio cantabar ab ore
263 1157 776 1193 Et dederam Iaurum crinibus ire meam.
222 1188 824 1234 Sume fidem; cornu celeres intende ſagittas:
896 1224 1010 1255 Nim-
