1450 1382
306 1 513 32 MBI.
779 6 816 33 ;
6 38 591 73 Nimirum vt fugiant te bona prima tua.
5 73 657 111 Rumpe fidem; cornu celeres infringe ſagittas:
5 107 540 139 Nominis illa tui gloria Phœbe iacet.
6 139 677 182 Nymphæ, terrarum præſentia nuamina Nymphæ,
70 173 581 206 Quæ colitis Thuſci littora curua maris,
4 200 583 246 Phœbus ego: Phœbi teſtes eſtote doloris:
20 240 653 276 Quanquam etiam veſter debuit eſſe dolor.
2 273 554 306 At vos vlla mei tangit ſi cura doloris,
6 306 623 340 Quanquam etiam veſter debuit eſſe dolor,
1 332 587 372 Paſtores tumulo Phœbi decorate poëtas,
1 374 688 407 Et memorem in tumuli cedite fronte notamt
1 400 636 439 Hic geminæ Phœbi curæ, Leucippus & Alcon,
1 439 664 479 Paſtores ouium, paſtorum & vterque magitri.
277 475 463 499 Ad Melinum.
36 506 740 544 Quid dominam aſſiduis vexas, Meline, querelis
26 539 521 572 Frangitur iniuſto læſa timore fides.
3 572 619 607 Simplicitas magis ipſa iuuat, cum lege ſoluti
44 607 548 639 Iungitur in tacito fœmina virq; toro.
1 637 630 672 Mitem animum dedit infirmis natura puellis,
53 672 581 706 Fecit & ad blandas mollia corda preces.
33 704 711 740 Culpam in amore ſuæ qui nullam agnoſcit amic
2 740 624 772 Nouit quâ melius arte perennet amor.
10 772 652 807 Mulciber æternos Venerem tenuiſſet in annos;
1 804 488 840 Vſa minus duro ſi foret illa iro.
26 838 577 873 Ah pereat, quicunque ſuæ peocata puellæ.
59 872 599 906 Obijcit, & flentem ſuſtinuiſſe poteſt.
24 905 568 938 Ipſe ego ſi videam; nollem vidiſſe fateri,
59 940 557 973 Gaudia ne flendo diſſipet illa mea.
24 967 654 1010 Tu quoque quod nolles fieri, deſiſte vereri
55 1006 556 1038 Nonerit: innocuos ipſe tuetur amor.
254 1041 426 1072 Ad Teleſillam.
11 1071 662 1105 Ne valeam, Teleſilla, tuo niſemper in ore.
14 1105 634 1138 Sæuus amor facibus, cum pharetraq; ſedet.
12 1133 717 1171 Nam quoties mala verba moues, toties mihi pe
52 1170 622 1205 Vapulat, heu pueri de pharetra & facibus.
1301 1159 1333 1187 .
685 1192 814 1226 t
