1045 1325
520 16 725 39 PETRI
235 27 278 49 354
212 55 843 97 Sed peream Theleſilla, tuo ni ſemper in ore,
269 92 838 125 Blanda Venus violis, cum caſiaq; ſedet.
238 126 820 160 Oſcula nam quoties mihi das auferre petita;
247 159 759 186 Das toties Veneris & caſiam & violas.
237 192 804 228 Quid Siculis ingrata fauis abſynthia miſces,
271 225 766 252 Siue mihi tantum ſis bona, ſiue mala?
234 259 793 293 Altero vti ſuperem lætus, dum temea vita,
269 292 709 324 Placata potior; altero vti moriar?
347 326 840 357 Ad Lure iam orgiam, Ferraria Ducem.
233 357 880 392 Tempore, quo primam miſcens fluuialibus vndis
266 392 743 424 Lapetionides rite animauit humum,
232 425 764 457 Seilicet hac teneras onerauit lege puellas
269 458 777 490 Ntura, in noſtris parca tenaxq; bonis;
229 490 831 523 Vt ſpeciem & claræ ferret quæ munera formæ,
267 524 736 557 Ingenij nullas quæreret illa vias:
144 545 864 594 Quæq; animi decus indueret, cultumq; per artes
265 591 745 622 Pectus Apollineas ingeniumq; ferax,
137 623 803 683 Illa ſibi nulſum formæ ſperaret honorem:
263 656 763 689 Atque omnes pacto iuſſit adeſſe Deos.
228 689 850 722 Plurima cumq; nouo creuiſſet fœmina mundo,
263 723 727 755 Euentus certam ſuſtinuere fidem.
134 734 892 790 Namq; vt habent mala rura valentes ſæpe colonos,
262 789 808 822 Pigraq;, qui bonus eſt, otia ſentit ager:
129 823 727 870 Si non forinoſæ cultu nituere puellæ;
262 855 733 888 Et quæ pulcra, eadem deſidioſa fuit.
125 887 831 934 Prima meum atque æui ſidus ſpectabile noſtri,
259 922 892 955 Tantum animo, quantum Borgia fronte micas:
122 935 781 987 Et tibi cum facie non certet Agenore nata,
261 989 747 1021 Non Helene dæo rapta IL. acæna Pari:
4 1021 828 1066 Tetamen in ſtudia, & doctas ttaducis in artes,
259 1055 840 1090 ec ſinis ingenium ſplendida forma premat.
223 1089 839 1121 u refers linguà modulatum carmen Etruſcà;
258 1121 698 1153 C ederis Etruſco nata puella ſolo.
224 1154 863 1190 au calamo condis numeros & carmina ſumpto;
256 1187 770 1221 la ouem poſſunt ſripta dccere Deas.
911 1228 1006 1254 Naba
