1368 1396
341 4 527 34 BEM BI.
35 37 703 89 Nablia ſeu, citharâmve manu percurrereburnà,
35 83 553 116 Et variâ Ogygios arte ciere modos:
35 114 610 151 Seu reuocare Padi vicinas cantibus vndas,
55 149 589 182 Mulcentem dulci flumina capta ſono:
35 182 593 217 Seu te nexilibus iuuat indulgere choreis,
71 216 619 250 Et facili ad numerum ſubſiluiſſe pede:
35 246 737 300 Quàm timeo, ne quis ſpectans hæc forte Deorum,
87 283 647 318 Te prædam mediâ raptor ab aree petat,
38 315 673 350 Sublimemq; ferat leuibus ſuper æthera pennis,
84 349 564 382 Detq; noui cœloſideris eſſe Deam.
40 382 764 417 Quicquid agis, quicquid loqueris, delectat: & omnes
85 416 645 449 Præcedunt Charites, ſubſequiturq; Decor.
40 449 667 483 Ipſe Decor ſequitur: ſed ſi modo vera fatemur,
83 482 645 514 Heu mihi, quàm multis eſt decor ille malo.
34 516 629 549 Nam minus tneas vexant incendia rupes,
83 549 603 582 Quàm quibus eſt facies Borgia nota tua:
33 582 705 616 Nec facies modo, ſed docti, quoque pectoris artes:
61 616 628 648 Ah pereat, ſi quem forma ſine arte mouet.
33 648 692 689 Atque ego, qui miſeros olim ſecurus amantes
79 682 630 716 Ridebam, & ſæui regna ſuperba Dei,
31 715 622 748 Spectabamq; mari laceras de littore puppes,
76 749 604 782 Nunc agor in eæcas naufragus ipſe vias.
258 784 477 810 Amica ad Galum.
30 812 719 850 Galle, meum ſidus, mea lux, mea ſumma voluptas,
62 850 599 883 Quò leus ille tuus tam cito fugit amor;
27 883 607 916 Luſibus vt metam cupias imponere noſtris,
43 916 543 950 Teq; meo properes eripuiſe ſinu?
27 948 640 984 Siccine tot noſtr de te meruere labores,
73 982 540 1015 Et mea non vllo crimine læſa fides?
28 1013 570 1047 Hæccine tu nobis olim promiſſa dediſti,
72 1049 596 1082 Iuratus Paphiæ Numina magna Deæ,
28 1080 656 1115 Cum te nunquam aliâ caliturum Galle puellà,
75 1115 648 1148 Sed fore dicebas tempus in omne meum?
30 1147 682 1181 Heu malè conſultas, veri quæcunque putams
65 1180 537 1222 Vllius inverbs pondus ineſſe viri
735 1213 822 1240 Et m
