<PcGts xmlns="http://schema.primaresearch.org/PAGE/gts/pagecontent/2017-07-15" xmlns:xsi="http://www.w3.org/2001/XMLSchema-instance" xsi:schemaLocation="http://schema.primaresearch.org/PAGE/gts/pagecontent/2017-07-15 http://schema.primaresearch.org/PAGE/gts/pagecontent/2017-07-15/pagecontent.xsd"><Metadata><Creator>User123</Creator><Created>2020-04-25T21:20:22</Created><LastChange>2020-04-25T21:20:22</LastChange></Metadata><Page imageFilename="0384.png" imageHeight="1322" imageWidth="1016"><TextRegion id="r0" type="paragraph"><Coords points="1,1 1014,1 1014,1320 1,1320"/><TextLine id="r0_l001"><Coords points="495,15 495,39 654,39 654,15"/><TextEquiv index="1"><Unicode>PETRI</Unicode></TextEquiv></TextLine><TextLine id="r0_l002"><Coords points="199,20 199,46 242,46 242,20"/><TextEquiv index="1"><Unicode>35</Unicode></TextEquiv></TextLine><TextLine id="r0_l003"><Coords points="486,93 597,94 683,92 743,92 799,94 799,57 202,57 202,95 411,95"/><TextEquiv index="1"><Unicode>Et miſeras, quæ more meo vitamq; necemq;,</Unicode></TextEquiv></TextLine><TextLine id="r0_l004"><Coords points="713,126 750,124 793,124 793,95 743,93 683,93 597,95 486,94 411,96 238,97 239,128 360,128"/><TextEquiv index="1"><Unicode>Atque omnes ponunt ſpes in amante ſuasl</Unicode></TextEquiv></TextLine><TextLine id="r0_l005"><Coords points="800,125 750,125 713,127 360,129 239,129 204,127 204,155 800,155"/><TextEquiv index="1"><Unicode>Nutat vt in ſummis vento leue culmen ariſtis,</Unicode></TextEquiv></TextLine><TextLine id="r0_l006"><Coords points="239,160 239,187 717,187 717,160"/><TextEquiv index="1"><Unicode>Fluxa labat veſtro ſic in amore fides:</Unicode></TextEquiv></TextLine><TextLine id="r0_l007"><Coords points="912,194 909,194 908,192 448,194 376,196 250,195 203,193 203,228 454,228 535,226 821,226 825,228 912,228"/><TextEquiv index="1"><Unicode>Vtq; vndam premit vnda ſequens, pellitq; priorem;</Unicode></TextEquiv></TextLine><TextLine id="r0_l008"><Coords points="770,259 770,227 238,229 238,261 575,261"/><TextEquiv index="1"><Unicode>Sic vos vſque nouus verſat &amp; vrget amor.</Unicode></TextEquiv></TextLine><TextLine id="r0_l009"><Coords points="900,261 203,262 203,294 209,295 670,293 739,293 768,295 900,295"/><TextEquiv index="1"><Unicode>Atque ita tu, bone Galle, nouo male captus amore</Unicode></TextEquiv></TextLine><TextLine id="r0_l010"><Coords points="710,327 710,295 243,296 243,328 551,328"/><TextEquiv index="1"><Unicode>Quâ me deſtituas, pergis inire viam.</Unicode></TextEquiv></TextLine><TextLine id="r0_l011"><Coords points="475,360 722,360 722,329 206,328 206,362 406,362"/><TextEquiv index="1"><Unicode>Interea ficto velas tua crimina vultu,</Unicode></TextEquiv></TextLine><TextLine id="r0_l012"><Coords points="748,393 748,360 475,361 406,363 241,362 241,394 683,394"/><TextEquiv index="1"><Unicode>Accumulasq; malis perfida facta dolis:</Unicode></TextEquiv></TextLine><TextLine id="r0_l013"><Coords points="824,396 206,396 206,429 445,428 473,426 545,426 580,428 824,429"/><TextEquiv index="1"><Unicode>Quæq; potes melius campo committere aperto,</Unicode></TextEquiv></TextLine><TextLine id="r0_l014"><Coords points="754,460 754,429 580,429 545,427 473,427 445,429 241,430 241,461 714,461"/><TextEquiv index="1"><Unicode>Bella per inſidias diſſimulata moues.</Unicode></TextEquiv></TextLine><TextLine id="r0_l015"><Coords points="811,461 715,461 646,463 523,463 401,461 363,463 272,463 204,461 204,494 811,495"/><TextEquiv index="1"><Unicode>Nam mihi nulla facis querula conuicia linguà:</Unicode></TextEquiv></TextLine><TextLine id="r0_l016"><Coords points="745,527 745,497 238,497 238,529 675,529"/><TextEquiv index="1"><Unicode>Nec rapit ira meas vngue notare genas.</Unicode></TextEquiv></TextLine><TextLine id="r0_l017"><Coords points="792,528 719,528 675,530 203,530 203,561 294,563 792,563"/><TextEquiv index="1"><Unicode>Ac neque turbatos abſtergere flentis ocellos,</Unicode></TextEquiv></TextLine><TextLine id="r0_l018"><Coords points="713,595 713,563 617,563 529,565 461,563 239,563 239,596 667,596"/><TextEquiv index="1"><Unicode>Figereq; abſterſis oſcula luminibus,</Unicode></TextEquiv></TextLine><TextLine id="r0_l019"><Coords points="773,596 314,598 205,596 205,628 773,629"/><TextEquiv index="1"><Unicode>Nec piget illapſos fronti componere crines,</Unicode></TextEquiv></TextLine><TextLine id="r0_l020"><Coords points="239,630 239,663 730,663 730,630"/><TextEquiv index="1"><Unicode>Et dare compoſitæ florea ſerta comæ:</Unicode></TextEquiv></TextLine><TextLine id="r0_l021"><Coords points="818,663 613,663 464,665 207,664 207,695 214,696 818,697"/><TextEquiv index="1"><Unicode>Atq; illos laudas, atq; hanc, &amp; colla, manusq;,</Unicode></TextEquiv></TextLine><TextLine id="r0_l022"><Coords points="752,729 752,698 653,697 601,699 239,697 239,729 247,730 555,731"/><TextEquiv index="1"><Unicode>Exiguosq; pedes, virgineumq; latus:</Unicode></TextEquiv></TextLine><TextLine id="r0_l023"><Coords points="658,763 773,764 773,730 555,732 295,732 206,730 206,763 607,765"/><TextEquiv index="1"><Unicode>Vtq; prius, videorq; tibi te digna proborq;,</Unicode></TextEquiv></TextLine><TextLine id="r0_l024"><Coords points="792,797 792,765 658,764 607,766 411,766 237,764 237,796 239,797 716,797"/><TextEquiv index="1"><Unicode>Meq; tuos oeulos, eorq;, animamq; vocas.</Unicode></TextEquiv></TextLine><TextLine id="r0_l025"><Coords points="789,797 717,797 674,799 346,798 297,799 204,797 204,829 284,831 789,831"/><TextEquiv index="1"><Unicode>Sed teiam totam culpari, Galle, per vrbem</Unicode></TextEquiv></TextLine><TextLine id="r0_l026"><Coords points="796,832 723,831 592,834 237,831 237,863 245,864 796,864"/><TextEquiv index="1"><Unicode>Fingis, &amp; à populo non bona verba pati,</Unicode></TextEquiv></TextLine><TextLine id="r0_l027"><Coords points="807,865 342,867 204,865 204,897 295,899 807,899"/><TextEquiv index="1"><Unicode>Plus æquo facilem quia des te ſemper amanti,</Unicode></TextEquiv></TextLine><TextLine id="r0_l028"><Coords points="760,931 760,899 238,899 238,931 731,932"/><TextEquiv index="1"><Unicode>Meq; animo nimium perpetiente feras;</Unicode></TextEquiv></TextLine><TextLine id="r0_l029"><Coords points="850,931 657,934 505,934 455,932 265,933 204,931 204,966 850,966"/><TextEquiv index="1"><Unicode>Quælibet &amp; præſto venias in iuſſa, nec vnqua</Unicode></TextEquiv></TextLine><TextLine id="r0_l030"><Coords points="709,967 263,966 237,967 237,998 709,999"/><TextEquiv index="1"><Unicode>Abſcedas lateri longius vngue meo:</Unicode></TextEquiv></TextLine><TextLine id="r0_l031"><Coords points="742,1033 742,1000 465,1001 202,999 202,1034 546,1034"/><TextEquiv index="1"><Unicode>Quoq; tuiplures ataui geſſere triumphos,</Unicode></TextEquiv></TextLine><TextLine id="r0_l032"><Coords points="773,1065 773,1034 237,1034 235,1036 235,1066 748,1066"/><TextEquiv index="1"><Unicode>Et proprio quo plus ipſe decore micas.</Unicode></TextEquiv></TextLine><TextLine id="r0_l033"><Coords points="843,1062 788,1062 783,1065 777,1066 748,1067 569,1068 266,1068 202,1065 202,1096 207,1097 264,1097 302,1100 843,1100"/><TextEquiv index="1"><Unicode>Hoc, inquis, magis indignum &amp; deforme videri</Unicode></TextEquiv></TextLine><TextLine id="r0_l034"><Coords points="719,1102 390,1102 236,1100 236,1131 340,1134 719,1134"/><TextEquiv index="1"><Unicode>Te Veneris laqueis implicuiſſe caput,</Unicode></TextEquiv></TextLine><TextLine id="r0_l035"><Coords points="700,1136 340,1135 280,1133 202,1133 202,1163 282,1166 380,1167 700,1167"/><TextEquiv index="1"><Unicode>Atq; dies totos dominæ parëre puellæ,</Unicode></TextEquiv></TextLine><TextLine id="r0_l036"><Coords points="780,1167 764,1167 758,1169 459,1169 379,1167 237,1167 237,1195 252,1197 336,1200 432,1201 780,1201"/><TextEquiv index="1"><Unicode>Quæ tua fœmineo ſub pede colla premat.</Unicode></TextEquiv></TextLine><TextLine id="r0_l037"><Coords points="816,1238 816,1201 752,1203 528,1203 336,1201 291,1200 251,1197 202,1197 202,1236 213,1237 247,1237 303,1240 796,1240"/><TextEquiv index="1"><Unicode>æc mla ne ſerpant. curam te velle parumpet</Unicode></TextEquiv></TextLine><TextLine id="r0_l038"><Coords points="65,1217 65,1276 103,1276 103,1217"/><TextEquiv index="1"><Unicode></Unicode></TextEquiv></TextLine><TextLine id="r0_l039"><Coords points="798,1234 798,1264 973,1264 973,1234"/><TextEquiv index="1"><Unicode>mi-</Unicode></TextEquiv></TextLine></TextRegion></Page></PcGts>