<?xml version="1.0" encoding="UTF-8" standalone="no"?><PcGts xmlns="http://schema.primaresearch.org/PAGE/gts/pagecontent/2019-07-15" xmlns:xsi="http://www.w3.org/2001/XMLSchema-instance" xsi:schemaLocation="http://schema.primaresearch.org/PAGE/gts/pagecontent/2019-07-15 http://schema.primaresearch.org/PAGE/gts/pagecontent/2019-07-15/pagecontent.xsd"><Metadata><Creator/><Created>2022-04-11T13:24:46</Created><LastChange>1970-01-01T00:00:00</LastChange><Comments/></Metadata><Page imageFilename="0385.png" imageHeight="1385" imageWidth="1364"><TextRegion id="r1" orientation="0.0" type="paragraph"><Coords points="1,1 1362,1 1362,1383 1,1383"/><TextLine id="l1"><Coords points="369,1 369,27 537,27 537,1"/><TextEquiv><Unicode/></TextEquiv><TextEquiv index="1"><Unicode>BEMBI.</Unicode></TextEquiv></TextLine><TextLine id="l2"><Coords points="92,38 92,72 562,72 562,38"/><TextEquiv><Unicode/></TextEquiv><TextEquiv index="1"><Unicode>Nominis &amp; famæ dicis habere tuæ.</Unicode></TextEquiv></TextLine><TextLine id="l3"><Coords points="45,111 96,111 152,113 252,111 564,112 605,115 670,115 670,78 613,78 604,80 229,79 142,80 120,78 45,78"/><TextEquiv><Unicode/></TextEquiv><TextEquiv index="1"><Unicode>Iſta tui noua cura venit tibi nominis vnde,</Unicode></TextEquiv></TextLine><TextLine id="l4"><Coords points="676,116 605,116 564,113 252,112 152,114 63,112 63,144 79,145 676,146"/><TextEquiv><Unicode/></TextEquiv><TextEquiv index="1"><Unicode>Me niſi quod miſeram linquere Galle paras?</Unicode></TextEquiv></TextLine><TextLine id="l5"><Coords points="834,143 743,142 736,145 697,148 245,146 192,148 131,148 46,144 45,143 44,178 89,178 152,181 197,181 262,178 322,178 606,180 637,181 641,183 834,183"/><TextEquiv><Unicode/></TextEquiv><TextEquiv index="1"><Unicode>Namq; in amore mouent propriæ quem incommoda it</Unicode></TextEquiv></TextLine><TextLine id="l6"><Coords points="608,182 606,181 262,179 197,182 152,182 89,179 45,178 45,211 51,213 72,214 225,214 334,212 482,212 608,214"/><TextEquiv><Unicode/></TextEquiv><TextEquiv index="1"><Unicode>Quiq; poteſt famæ damna timere ſuæ;</Unicode></TextEquiv></TextLine><TextLine id="l7"><Coords points="664,220 658,217 482,213 334,213 179,215 169,219 119,219 110,215 72,215 51,214 45,212 45,247 664,247"/><TextEquiv><Unicode/></TextEquiv><TextEquiv index="1"><Unicode>Atque nouas leges mœrenti dictat amicæ,</Unicode></TextEquiv></TextLine><TextLine id="l8"><Coords points="593,248 176,247 93,248 93,280 195,281 268,279 593,281"/><TextEquiv><Unicode/></TextEquiv><TextEquiv index="1"><Unicode>Subtrahit hic laxo iam ſua colla iugo:</Unicode></TextEquiv></TextLine><TextLine id="l9"><Coords points="694,275 648,275 638,281 632,282 268,280 195,282 118,282 46,280 45,279 44,322 62,322 73,320 104,319 111,314 336,313 529,314 568,315 577,321 589,322 694,322"/><TextEquiv><Unicode/></TextEquiv><TextEquiv index="1"><Unicode>Quosq; canit titulos, ſpecioſaq; nomina reru</Unicode></TextEquiv></TextLine><TextLine id="l10"><Coords points="518,315 337,314 111,315 104,320 73,321 53,324 53,343 59,343 64,345 518,345"/><TextEquiv><Unicode/></TextEquiv><TextEquiv index="1"><Unicode>Diſſidij cauſas quærit habere ſui.</Unicode></TextEquiv></TextLine><TextLine id="l11"><Coords points="601,343 597,342 576,342 567,347 561,348 211,348 110,350 73,349 59,344 51,344 45,341 45,381 170,380 567,381 592,382 601,386"/><TextEquiv><Unicode/></TextEquiv><TextEquiv index="1"><Unicode>neas donec miſeram dilexit Elifm,</Unicode></TextEquiv></TextLine><TextLine id="l12"><Coords points="45,411 109,415 585,415 596,413 604,408 604,391 597,385 592,383 567,382 170,381 45,382"/><TextEquiv><Unicode/></TextEquiv><TextEquiv index="1"><Unicode>Fatorum &amp; nati mentio nulla fuit.</Unicode></TextEquiv></TextLine><TextLine id="l13"><Coords points="45,448 60,447 592,449 631,450 642,458 692,458 692,415 45,414"/><TextEquiv><Unicode/></TextEquiv><TextEquiv index="1"><Unicode>Sed ſiue ille nouam muris præcingeret vrben</Unicode></TextEquiv></TextLine><TextLine id="l14"><Coords points="586,450 263,448 92,449 92,482 586,482"/><TextEquiv><Unicode/></TextEquiv><TextEquiv index="1"><Unicode>Hærebat Phrygio pulcta Libyſſa viro:</Unicode></TextEquiv></TextLine><TextLine id="l15"><Coords points="588,483 224,482 59,483 45,481 45,514 588,516"/><TextEquiv><Unicode/></TextEquiv><TextEquiv index="1"><Unicode>Seu vexare feras curſu iaculisq; pararet,</Unicode></TextEquiv></TextLine><TextLine id="l16"><Coords points="591,518 587,517 66,515 66,548 591,549"/><TextEquiv><Unicode/></TextEquiv><TextEquiv index="1"><Unicode>Vecta comes celeri Sidonis ibat equo:</Unicode></TextEquiv></TextLine><TextLine id="l17"><Coords points="45,582 598,582 598,550 103,550 64,548 45,548"/><TextEquiv><Unicode/></TextEquiv><TextEquiv index="1"><Unicode>Seu daret e ſolio populis ſua iura vocatis,</Unicode></TextEquiv></TextLine><TextLine id="l18"><Coords points="615,614 615,583 84,584 84,615 90,616 480,616"/><TextEquiv><Unicode/></TextEquiv><TextEquiv index="1"><Unicode>Iura ſimul populis quæ daret, vxor erat.</Unicode></TextEquiv></TextLine><TextLine id="l19"><Coords points="650,615 480,617 384,616 90,617 45,614 45,647 72,647 108,649 650,649"/><TextEquiv><Unicode/></TextEquiv><TextEquiv index="1"><Unicode>Verum vbi ceſſit amor, tum ſpe ſurgentis Iuli</Unicode></TextEquiv></TextLine><TextLine id="l20"><Coords points="82,650 82,683 556,683 556,650"/><TextEquiv><Unicode/></TextEquiv><TextEquiv index="1"><Unicode>Ducitur, &amp; fatis lintea danda putat.</Unicode></TextEquiv></TextLine><TextLine id="l21"><Coords points="778,717 778,683 45,682 45,717"/><TextEquiv><Unicode/></TextEquiv><TextEquiv index="1"><Unicode>Tum videt intrantem muros, &amp; multa monentem</Unicode></TextEquiv></TextLine><TextLine id="l22"><Coords points="630,718 88,717 89,749 630,749"/><TextEquiv><Unicode/></TextEquiv><TextEquiv index="1"><Unicode>De Maiâ genitum, de genitumq; Ioue:</Unicode></TextEquiv></TextLine><TextLine id="l23"><Coords points="650,752 538,750 190,751 45,749 45,783 650,783"/><TextEquiv><Unicode/></TextEquiv><TextEquiv index="1"><Unicode>Oſtia tum Lyciæ Tiberina capeſſere ſortes,,</Unicode></TextEquiv></TextLine><TextLine id="l24"><Coords points="568,784 302,783 211,785 90,783 90,816 568,816"/><TextEquiv><Unicode/></TextEquiv><TextEquiv index="1"><Unicode>Grynæaq; iubet cultus in æde Deus:</Unicode></TextEquiv></TextLine><TextLine id="l25"><Coords points="674,816 242,818 45,816 45,850 674,850"/><TextEquiv><Unicode/></TextEquiv><TextEquiv index="1"><Unicode>Et patris Anchiſæ in ſomnis ſuperurget imag,</Unicode></TextEquiv></TextLine><TextLine id="l26"><Coords points="573,853 568,852 403,850 91,850 91,881 98,882 573,883"/><TextEquiv><Unicode/></TextEquiv><TextEquiv index="1"><Unicode>Debita Troianis Itala regna ſequi.</Unicode></TextEquiv></TextLine><TextLine id="l27"><Coords points="56,884 56,916 609,916 609,884"/><TextEquiv><Unicode/></TextEquiv><TextEquiv index="1"><Unicode>Galle ade non ora gerit mendacia, cuius</Unicode></TextEquiv></TextLine><TextLine id="l28"><Coords points="517,949 517,918 421,917 104,918 78,916 36,916 36,949 40,950 469,950"/><TextEquiv><Unicode/></TextEquiv><TextEquiv index="1"><Unicode>Legitimi pectus æſtuat igne Dei.</Unicode></TextEquiv></TextLine><TextLine id="l29"><Coords points="653,948 567,948 555,950 469,951 54,951 54,982 129,984 404,984 487,982 653,984"/><TextEquiv><Unicode/></TextEquiv><TextEquiv index="1"><Unicode>Albis nigra bonus confundere neſcit amator,</Unicode></TextEquiv></TextLine><TextLine id="l30"><Coords points="583,1016 583,984 489,983 404,985 90,984 90,1015 128,1017 444,1017"/><TextEquiv><Unicode/></TextEquiv><TextEquiv index="1"><Unicode>Vertereq; ambiguâ fasq; nefasq; viâ.</Unicode></TextEquiv></TextLine><TextLine id="l31"><Coords points="680,1014 642,1014 636,1017 445,1017 268,1019 168,1019 56,1014 56,1049 68,1050 82,1049 129,1051 439,1051 482,1049 539,1049 607,1051 680,1051"/><TextEquiv><Unicode/></TextEquiv><TextEquiv index="1"><Unicode>Tam purum nihil eſt, veri quàm ſenſus amoris,</Unicode></TextEquiv></TextLine><TextLine id="l32"><Coords points="634,1053 631,1052 539,1050 482,1050 439,1052 90,1051 90,1082 109,1084 634,1085"/><TextEquiv><Unicode/></TextEquiv><TextEquiv index="1"><Unicode>Indigeatq; vllâ quod minus artis ope</Unicode></TextEquiv></TextLine><TextLine id="l33"><Coords points="600,1087 593,1086 204,1085 169,1086 55,1084 55,1116 125,1116 157,1118 600,1118"/><TextEquiv><Unicode/></TextEquiv><TextEquiv index="1"><Unicode>Ille nihil didicit fictis componere verbis,</Unicode></TextEquiv></TextLine><TextLine id="l34"><Coords points="715,1117 663,1117 658,1119 237,1118 157,1119 125,1117 92,1117 92,1150 100,1151 715,1152"/><TextEquiv><Unicode/></TextEquiv><TextEquiv index="1"><Unicode>Qui, quod amat, certâ nouit amare fide:</Unicode></TextEquiv></TextLine><TextLine id="l35"><Coords points="686,1154 583,1154 565,1152 100,1152 67,1149 45,1149 45,1185 72,1185 76,1183 184,1185 686,1185"/><TextEquiv><Unicode/></TextEquiv><TextEquiv index="1"><Unicode>Nec quærit furtis, bene ſed placuiſſe merendo</Unicode></TextEquiv></TextLine><TextLine id="l36"><Coords points="600,1186 228,1185 184,1186 90,1184 90,1221 600,1221"/><TextEquiv><Unicode/></TextEquiv><TextEquiv index="1"><Unicode>Et tantum pollens ſimplicitate ſuâ e,</Unicode></TextEquiv></TextLine><TextLine id="l37"><Coords points="761,1213 761,1257 846,1257 847,1214"/><TextEquiv><Unicode/></TextEquiv><TextEquiv index="1"><Unicode>Addq</Unicode></TextEquiv></TextLine><TextEquiv><Unicode/></TextEquiv></TextRegion></Page></PcGts>