1364 1385
369 1 537 27 BEMBI.
92 38 562 72 Nominis & famæ dicis habere tuæ.
7 78 670 119 Iſta tui noua cura venit tibi nominis vnde,
63 112 676 146 Me niſi quod miſeram linquere Galle paras?
7 137 834 183 Namq; in amore mouent propriæ quem incommoda it
7 174 608 214 Quiq; poteſt famæ damna timere ſuæ;
6 212 664 247 Atque nouas leges mœrenti dictat amicæ,
93 247 593 281 Subtrahit hic laxo iam ſua colla iugo:
6 272 694 322 Quosq; canit titulos, ſpecioſaq; nomina reru
53 314 518 345 Diſſidij cauſas quærit habere ſui.
2 331 601 386 neas donec miſeram dilexit Elifm,
1 381 604 417 Fatorum & nati mentio nulla fuit.
1 415 692 462 Sed ſiue ille nouam muris præcingeret vrben
92 448 586 482 Hærebat Phrygio pulcta Libyſſa viro:
1 471 588 516 Seu vexare feras curſu iaculisq; pararet,
66 515 591 549 Vecta comes celeri Sidonis ibat equo:
1 548 598 591 Seu daret e ſolio populis ſua iura vocatis,
84 583 615 616 Iura ſimul populis quæ daret, vxor erat.
1 606 650 649 Verum vbi ceſſit amor, tum ſpe ſurgentis Iuli
82 650 556 683 Ducitur, & fatis lintea danda putat.
45 683 778 717 Tum videt intrantem muros, & multa monentem
88 717 630 749 De Maiâ genitum, de genitumq; Ioue:
15 749 650 783 Oſtia tum Lyciæ Tiberina capeſſere ſortes,,
90 783 568 816 Grynæaq; iubet cultus in æde Deus:
22 816 674 850 Et patris Anchiſæ in ſomnis ſuperurget imag,
91 850 573 883 Debita Troianis Itala regna ſequi.
56 884 609 916 Galle ade non ora gerit mendacia, cuius
36 916 517 950 Legitimi pectus æſtuat igne Dei.
54 948 653 984 Albis nigra bonus confundere neſcit amator,
90 983 583 1017 Vertereq; ambiguâ fasq; nefasq; viâ.
56 1014 680 1051 Tam purum nihil eſt, veri quàm ſenſus amoris,
90 1050 634 1085 Indigeatq; vllâ quod minus artis ope
55 1084 600 1118 Ille nihil didicit fictis componere verbis,
92 1117 715 1152 Qui, quod amat, certâ nouit amare fide:
45 1149 686 1185 Nec quærit furtis, bene ſed placuiſſe merendo
90 1184 600 1221 Et tantum pollens ſimplicitate ſuâ e,
761 1213 837 1257 Addq
832 1254 960 1290 s
960 1289 1052 1328 ,
