1052 1344
523 36 700 61 ETRI
211 76 872 118 Adde qubd eſt amor ipſe puer, nec conuenit illo
260 113 733 149 Verſutum pectus militis eſſe duce.
226 147 767 186 Vtq; Deus nullo velat ſibi corpus amictu,
263 180 732 218 Sic nudis animis vult ſua bella geri:
231 211 803 252 Quemq; videt non inſidijs, non artibus vti,
264 245 778 284 Hic bonus eſt inquit miles, eritq; mihi.
211 280 884 316 At contrà incerti, &malefidum vulgus amantes,
266 313 785 348 Illita fellg malæ pectora fraudis habent.
234 346 784 382 Nam ſemper magnis ſe dicunt ignibus vri,
267 380 768 416 Ardet vt in ſummo Sicelis tna iugo.
237 411 874 447 Sed modo ſe patriæ, modo ſe cauſſantur amicis,
269 447 818 482 Nunc dareprincipibus, imperijsq; diem
237 481 764 515 Nunc famæ ſpectare viam, niiq; per ora
271 513 773 548 Ire virûm, atque aſtris inſeruiſſe caput,
237 546 805 580 Dum fallant aſtu miſeras perdantq; puellas,
273 577 895 617 Quos inter magnum tu quoque nomen habes.
239 612 814 649 Atque vtinam vanis in te, mea vita, querelis
273 647 706 682 Inuecta, & falsâ dicerer vſa notâ:
212 673 789 714 Conſtantiq; fide tunos, vt fingis, amares,
252 714 769 745 Aduerſi ferrent nec mea vela Noti.
242 746 794 781 Siue tamen noſtri perſtas in amore fideq;,,
276 781 709 814 Arceſſis propera cur mea fata viâ?
240 814 779 847 Seu tuus ille prior menti deferbuit ardor,
276 847 815 880 Ah cur me miſeram linquere Galle paras,
242 882 842 916 Quæ tevno ſemper colui male ſana tenore,
278 914 805 948 Quæ ſum per longas vſque ſequuta vias?
243 947 810 981 Ipſa quidem non defugio tua iuſſa, nec vlla
275 981 754 1006 Parte tuus nobis diſſimulatur honos.
244 1015 876 1049 Sed caue, ne titulos dum is augere; perempta
277 1049 705 1081 Infirmet laudes vna puella tuas.
468 1083 667 1115 Ad ygdam m.
245 1112 874 1147 Heu diuerſa tuis qnàm ſunt mea Lygdame fata:
279 1148 781 1182 Vt nos non vno velai in orbe Deus
247 1179 903 1216 Tu, quod amas, crebvo iuuiſis, longumq; tuendo
279 1214 987 1253 .grum animum, atque uudos paſcis aimore oculos
949 1246 1020 1272 E la-
