1380 1423
384 15 552 42 BEMBI
820 27 861 50 5
10 48 634 94 lateri admiſſus iucundos ore ſuſurros,
6 88 756 125 Pendulus, & fragrantem excipis ore animam:
7 114 619 155 Summa vel auratæ ſuſpendis baſia mitræ,
52 156 749 191 Dum loqueris vacuamiblandus ad auriculam:
5 190 661 230 Leuibus aut raptum digitis, teretive lacerto,
5 224 672 257 Molle decus dominâ non renuente geris:
5 256 617 293 Et trahis à primâſerus conuiuia nocte,
47 290 630 325 Dum Sol frenatos ad iuga poſcat equos.
49 324 696 357 At mihi longinquæ gentesq; vrbesq; petuntur
65 356 585 389 Vt toto a dominâ ſeparer orbe meâ:
1 384 725 424 Et modo nimboſas mannis tranſmittimus Alpes,
113 423 560 457 Saxaq; vix ipſis exſuperanda feris:
48 456 703 490 Nec cæci nemorum tractus ſuſpectaq; luſtra,
73 489 655 518 Nec tradant noſtras flumina adaucta vias.
11 514 706 556 Interdum audaci vaſtum trabe currimus æqtor,
109 556 692 589 Velaq; noſtra ijdem venti animamq; ferunt.
77 589 777 624 Quâ tamen in terrâ eſt mea lux, conuertor ad illam,
109 622 669 655 Et fruſtra Eurydices nomen in ore meo eſt.
19 654 765 689 Atque ita ceniunctorum animis & amore duorum,
107 689 678 724 Alteri adeſt ſemper quod cupit alteri abeſt.
289 724 566 754 De amica à viro ſeruarâ
75 756 693 789 Non tua nequicquam medijs ſitientis in vndis,
111 789 605 824 Tantale flumineus reſpuit ora liquor:
76 822 693 860 Nec fruſtra eſurientem eludunt arbore ab alt,
109 857 611 890 Semper verticibus pendula poma tuis.
32 890 701 926 Nempe hæc damnatosexercet fabula amantes:
108 923 639 956 Huic nos pœnarum debita turba ſumus.
74 953 772 990 En ego, cui domina eſt, quæ me mihi carior ipſo e,
107 990 669 1022 Pro quà non metuam, viuat vt illa, mori;
73 1022 684 1056 Quæ me præ dulci germanâ & fratribus aureis.
106 1056 535 1088 Præq; ſuo ſeſe dicit amare viro:
11 1087 774 1125 Cum teneant nosijdem ambo intra tecta peates
98 1120 772 1160 Vna qadem, atque vno penè etiam in thalamo,
6 1146 665 1188 Sæpe vt nuda ſinus, & qualis ſurgit ab ipſo
62 1187 627 1229 Maus toro,reniat conſpicienda mihi:
793 1219 859 1244 Nan
550 1222 635 1252 . 4
