1022 1320
507 1 675 22 PETRI
209 40 888 77 Non tamen huic poſsumve meos narrare labores
244 76 868 113 Atque aliquam aduerſis poſcere rebus opem:
211 109 852 142 Nonve ſedere vna, non dextræ iungere dextram,
243 143 759 176 Non dare lacteolis baſiolum digitis?
210 176 826 211 Omnia quæ poſſunt alij, qui tam nec amantur,
248 208 772 245 Nec quorum tantus concutit oſſa Deus.
207 243 856 279 Atque hæc non patior, quia magnos impia Diuos
242 277 735 312 Læſerit acta graui lingua furore mea:
208 307 843 343 Aut violarim audax proauorum ſancta ſepulcra,
241 344 691 376 Et fraterna pijs eruerim oſſa locis:
208 375 796 405 Aut reſcrans Italas Gallis venientibus vrbes,
243 409 812 444 Intulerim Venerâ barbara ſigna manu.
209 444 781 475 Sed neque iopiti Alecto intentauit in ora
242 475 882 509 Luridam ab inferno ſtans Phlegetonte facem:
207 510 851 542 Fœmina deuotum nec me vlla potentibus herbis
240 543 808 576 Prodidit, & magici docta miniſtra doli.
206 576 686 608 Iufecitq; dapes & diris pocula ſuccis,
241 610 736 644 Quales Circæos imbuerant cyathos;
190 634 904 685 Tuc, cum hominum facieremex patis Vly
238 676 709 708 Induit in varias pectora verſa feras.
190 706 867 752 ipe horum nihileſt; tantum tuus ille maritus
239 743 674 777 urydice, annoſis durior ilicibus,
206 775 782 811 Obſeruat te meq; ſimul, prohibetq; vel vno
240 809 704 844 Cedere te lateri longius vngue ſuo.
203 842 766 877 lle tuæ raptum fronti decus, & mea nuper
235 875 778 911 Miſit in Adriacas dona ſccleſtus aquas:
204 910 815 942 Qamq; mihi telam pingebas nexibus aureis,
235 943 669 978 gni, non ipſo mitiorigne, dedit.
200 972 761 1011 Ille tibi, ſi quando aliquo diuerſus abire
234 1011 706 1045 Cogitur, & regis caſtra viasq; ſequi,
200 1044 805 1079 Imponit legem exoſus, ne quod mihi verbum
231 1077 712 1108 Dicas, neve in me lumina conijcias;
199 1109 913 1155 Neve aliquem auſcultes, de me quicuque loquatur;
231 1142 738 1177 Neve legas digitis ſcripta notata meis.
198 1173 778 1212 Vq; pater bimæ geſtit quæ incedere, natæ
946 1210 1020 1257 Ss
