<PcGts xmlns="http://schema.primaresearch.org/PAGE/gts/pagecontent/2017-07-15" xmlns:xsi="http://www.w3.org/2001/XMLSchema-instance" xsi:schemaLocation="http://schema.primaresearch.org/PAGE/gts/pagecontent/2017-07-15 http://schema.primaresearch.org/PAGE/gts/pagecontent/2017-07-15/pagecontent.xsd"><Metadata><Creator>User123</Creator><Created>2020-04-25T21:20:13</Created><LastChange>2020-04-25T21:20:13</LastChange></Metadata><Page imageFilename="0389.png" imageHeight="1360" imageWidth="1393"><TextRegion id="r0" type="paragraph"><Coords points="1,1 1391,1 1391,1358 1,1358"/><TextLine id="r0_l001"><Coords points="759,11 759,38 799,38 799,11"/><TextEquiv index="1"><Unicode>s</Unicode></TextEquiv></TextLine><TextLine id="r0_l002"><Coords points="320,27 320,59 489,59 489,27"/><TextEquiv index="1"><Unicode>BEMBI.</Unicode></TextEquiv></TextLine><TextLine id="r0_l003"><Coords points="262,116 481,104 546,99 627,98 639,104 639,60 545,60 536,63 508,65 443,67 354,73 263,75 173,81 144,85 10,85 6,87 1,93 1,122 207,122"/><TextEquiv index="1"><Unicode>ecuſtode tuum munit vtrumque latus.</Unicode></TextEquiv></TextLine><TextLine id="r0_l004"><Coords points="155,160 208,155 225,155 298,147 334,146 397,141 457,139 501,133 562,132 562,101 525,101 481,105 262,117 123,130 23,131 10,129 1,123 1,163 97,163"/><TextEquiv index="1"><Unicode>Interea querulo plenas ſermone tabellas</Unicode></TextEquiv></TextLine><TextLine id="r0_l005"><Coords points="261,184 290,183 333,178 481,171 505,168 573,164 578,163 578,137 478,137 457,140 397,142 334,147 298,148 225,156 208,156 126,163 72,164 72,189 207,189"/><TextEquiv index="1"><Unicode>Dat, tibi iuratos commemoratq; Deoss</Unicode></TextEquiv></TextLine><TextLine id="r0_l006"><Coords points="11,234 23,231 109,230 157,227 227,220 271,218 339,212 373,211 445,205 505,203 563,197 590,197 612,195 654,196 654,166 549,166 481,172 333,179 290,184 180,191 133,196 103,197 15,196 8,193 1,187 1,240 5,240"/><TextEquiv index="1"><Unicode>Etvenerem matrem, &amp; cui vincla iugalia cut</Unicode></TextEquiv></TextLine><TextLine id="r0_l007"><Coords points="172,259 204,258 300,248 335,247 418,240 484,237 562,230 642,227 642,202 518,202 505,204 445,206 373,212 324,214 109,231 30,232 30,262 141,262"/><TextEquiv index="1"><Unicode>Saturni magnam progeniem atq; nurum?</Unicode></TextEquiv></TextLine><TextLine id="r0_l008"><Coords points="275,283 360,279 427,273 499,270 532,267 573,266 593,270 624,267 693,266 693,231 562,231 484,238 434,240 380,245 286,250 204,259 172,260 125,264 29,264 15,262 5,254 1,254 1,292 195,292"/><TextEquiv index="1"><Unicode>Et mod quæ in noſtro capiantur, ſcribit, amore</Unicode></TextEquiv></TextLine><TextLine id="r0_l009"><Coords points="174,325 266,320 309,315 345,314 425,307 535,300 535,270 500,270 446,274 427,274 360,280 275,284 219,291 150,296 19,299 15,301 7,309 7,321 14,327 160,327"/><TextEquiv index="1"><Unicode>Comperta eſſe tibi ſingula conſilia</Unicode></TextEquiv></TextLine><TextLine id="r0_l010"><Coords points="209,356 272,353 325,347 426,342 479,337 546,334 558,332 607,330 617,334 631,334 673,331 744,331 744,292 586,292 578,297 559,300 466,305 345,315 309,316 278,320 174,326 130,331 38,332 18,330 9,324 9,360 170,360"/><TextEquiv index="1"><Unicode>Nunc ſi comperiet quicquam, mala multa minatuii</Unicode></TextEquiv></TextLine><TextLine id="r0_l011"><Coords points="169,393 341,380 388,378 421,374 493,370 517,367 559,366 559,336 510,336 426,343 339,347 272,354 209,357 134,364 58,365 58,396 146,396"/><TextEquiv index="1"><Unicode>Teq; abſens etiam ferreus exeruciat:</Unicode></TextEquiv></TextLine><TextLine id="r0_l012"><Coords points="214,422 249,421 303,416 425,409 512,401 585,398 585,369 506,369 479,372 421,375 388,379 341,381 301,385 233,389 121,399 46,399 46,428 159,428"/><TextEquiv index="1"><Unicode>e valeas vnquam inſanos finire dolore,</Unicode></TextEquiv></TextLine><TextLine id="r0_l013"><Coords points="205,458 212,455 229,453 305,451 405,444 440,440 473,439 556,432 585,431 591,430 591,399 512,402 425,410 303,417 249,422 214,423 145,430 80,432 80,461 180,461"/><TextEquiv index="1"><Unicode>Nullaq; ſit miſeræ non grauis hora tiii</Unicode></TextEquiv></TextLine><TextLine id="r0_l014"><Coords points="216,489 232,489 310,483 349,482 548,466 611,463 620,461 648,461 657,466 713,466 713,422 646,422 636,427 605,429 585,432 570,432 473,440 454,440 368,448 335,449 305,452 229,454 212,456 205,459 180,462 45,467 45,494 174,494"/><TextEquiv index="1"><Unicode>roh Superi, Eurydice, tune hæc tam triſtia. tamq</Unicode></TextEquiv></TextLine><TextLine id="r0_l015"><Coords points="283,518 321,517 379,513 389,511 422,510 460,506 478,506 525,502 591,500 591,467 548,467 349,483 276,486 204,491 151,497 83,500 83,524 210,524"/><TextEquiv index="1"><Unicode>Perdita facta animo perpetiente feres?</Unicode></TextEquiv></TextLine><TextLine id="r0_l016"><Coords points="918,486 887,486 887,543 918,543"/><TextEquiv index="1"><Unicode></Unicode></TextEquiv></TextLine><TextLine id="r0_l017"><Coords points="268,553 341,550 385,545 501,538 531,534 579,533 579,503 525,503 478,507 460,507 422,511 389,512 366,515 197,525 130,532 49,533 49,561 164,561"/><TextEquiv index="1"><Unicode>ine vllis ſine delicijs poteris, mea vita,</Unicode></TextEquiv></TextLine><TextLine id="r0_l018"><Coords points="213,590 287,587 518,569 548,568 591,564 610,564 610,533 531,535 501,539 385,546 327,552 285,553 150,562 141,564 85,566 85,594 181,594"/><TextEquiv index="1"><Unicode>Cum tibi tam ingrato conſenuiſſe viro?</Unicode></TextEquiv></TextLine><TextLine id="r0_l019"><Coords points="208,624 245,623 256,621 339,616 390,611 523,604 608,596 651,595 651,562 406,578 287,588 213,591 145,598 52,601 52,629 165,629"/><TextEquiv index="1"><Unicode>Adde quod exuperat cornicum ſæcla vetuſta</Unicode></TextEquiv></TextLine><TextLine id="r0_l020"><Coords points="197,659 256,656 314,651 352,650 393,645 459,642 498,638 557,635 593,631 671,629 671,599 580,599 523,605 390,612 339,617 256,622 245,624 208,625 133,633 78,634 78,664 157,664"/><TextEquiv index="1"><Unicode>Natus &amp; is multò eſt, quàm pater ante tuus:</Unicode></TextEquiv></TextLine><TextLine id="r0_l021"><Coords points="967,651 967,607 963,603 959,601 943,600 899,600 899,654 955,654"/><TextEquiv index="1"><Unicode></Unicode></TextEquiv></TextLine><TextLine id="r0_l022"><Coords points="106,700 175,696 220,691 238,691 250,689 322,685 361,681 428,678 505,671 561,670 581,668 607,668 612,671 658,670 665,669 665,635 558,635 459,643 393,646 352,651 314,652 256,657 197,660 142,666 55,668 55,703 88,703"/><TextEquiv index="1"><Unicode>Quosq; vides, ipſo non ſunt in vertice, canosi</Unicode></TextEquiv></TextLine><TextLine id="r0_l023"><Coords points="903,655 903,712 971,712 971,655"/><TextEquiv index="1"><Unicode></Unicode></TextEquiv></TextLine><TextLine id="r0_l024"><Coords points="314,718 364,716 409,711 427,711 499,705 563,702 563,672 489,673 428,679 346,683 322,686 277,688 238,692 220,692 175,697 143,698 90,703 90,727 208,727"/><TextEquiv index="1"><Unicode>Occulit adſcitis caluitiumq; comis:</Unicode></TextEquiv></TextLine><TextLine id="r0_l025"><Coords points="238,759 313,751 372,749 424,744 490,741 511,738 566,735 604,731 685,727 707,727 715,731 736,730 736,692 613,692 609,696 601,700 590,701 484,707 461,710 409,712 364,717 314,719 265,724 222,726 122,734 34,735 20,728 20,763 169,763"/><TextEquiv index="1"><Unicode>Immundamq; animam, &amp; late graueolentia odoro</Unicode></TextEquiv></TextLine><TextLine id="r0_l026"><Coords points="224,791 323,786 392,779 432,778 509,771 585,768 602,766 648,766 648,734 580,734 476,743 424,745 372,750 313,752 238,760 170,763 154,765 131,765 114,767 91,767 91,793 209,793"/><TextEquiv index="1"><Unicode>lore Arabum &amp; multis artibus ora fouet-</Unicode></TextEquiv></TextLine><TextLine id="r0_l027"><Coords points="32,839 37,837 50,837 61,835 126,833 139,831 256,824 420,811 512,807 564,802 637,802 637,767 602,767 585,769 509,772 432,779 392,780 323,787 224,792 128,800 36,801 27,798 21,792 1,792 1,847 25,847"/><TextEquiv index="1"><Unicode>acite cuſtodes, non eſt mea digna puel</Unicode></TextEquiv></TextLine><TextLine id="r0_l028"><Coords points="151,864 181,863 199,860 314,854 383,847 452,844 523,838 610,834 620,832 620,806 526,806 512,808 420,812 256,825 139,832 126,834 87,835 87,867 148,867"/><TextEquiv index="1"><Unicode>Quæ ſenis impuri perferat imperium?</Unicode></TextEquiv></TextLine><TextLine id="r0_l029"><Coords points="304,887 321,887 382,880 458,877 536,871 613,868 656,870 672,868 717,867 717,830 640,830 598,836 523,839 452,845 383,848 314,855 199,861 181,864 151,865 143,871 93,871 75,869 56,869 56,897 168,897"/><TextEquiv index="1"><Unicode>Et me ſi videat quis veſtrûm accedere ad lllam</Unicode></TextEquiv></TextLine><TextLine id="r0_l030"><Coords points="263,923 332,920 410,913 493,910 524,905 557,902 612,901 614,900 614,873 503,874 458,878 382,881 321,888 304,888 234,894 197,895 159,899 142,899 94,903 94,932 155,932"/><TextEquiv index="1"><Unicode>Auertat ſe, aliam diſſimuletq; viam?</Unicode></TextEquiv></TextLine><TextLine id="r0_l031"><Coords points="139,965 248,959 287,955 359,952 413,946 499,942 565,935 641,933 661,931 695,931 700,934 713,934 756,930 763,929 763,894 646,894 639,899 629,901 557,903 532,905 493,911 410,914 332,921 263,924 155,933 81,936 34,936 24,931 24,968 118,968"/><TextEquiv index="1"><Unicode>Aut niueam dum tango manum, dum mollia ca</Unicode></TextEquiv></TextLine><TextLine id="r0_l032"><Coords points="272,989 433,980 549,970 598,968 640,969 640,937 552,937 499,943 413,947 359,953 287,956 248,960 104,969 104,993 242,993"/><TextEquiv index="1"><Unicode>Oſcula, vos ſomno lumina victa date</Unicode></TextEquiv></TextLine><TextLine id="r0_l033"><Coords points="929,927 929,968 990,968 990,927"/><TextEquiv index="1"><Unicode></Unicode></TextEquiv></TextLine><TextLine id="r0_l034"><Coords points="147,1032 165,1032 189,1029 218,1028 250,1024 304,1022 420,1014 475,1008 510,1007 570,1001 632,1000 632,969 549,971 433,981 272,990 197,998 171,998 105,1002 61,1002 61,1035 121,1035"/><TextEquiv index="1"><Unicode>g piget hoc, durâ tum me vincite catens</Unicode></TextEquiv></TextLine><TextLine id="r0_l035"><Coords points="1004,981 935,981 935,1042 1004,1042"/><TextEquiv index="1"><Unicode></Unicode></TextEquiv></TextLine><TextLine id="r0_l036"><Coords points="281,1057 302,1054 353,1052 473,1043 540,1036 654,1031 654,1001 646,1000 570,1002 510,1008 475,1009 420,1015 304,1023 250,1025 218,1029 189,1030 165,1033 147,1033 138,1035 68,1037 55,1038 47,1043 40,1045 40,1061 220,1061"/><TextEquiv index="1"><Unicode>Et contuſa graui compede crura ſonent</Unicode></TextEquiv></TextLine><TextLine id="r0_l037"><Coords points="295,1089 318,1085 410,1082 517,1072 567,1070 611,1073 676,1071 676,1036 555,1036 473,1044 353,1053 302,1055 281,1058 206,1062 178,1065 63,1067 63,1100 130,1100"/><TextEquiv index="1"><Unicode>ille vel incluſum dubijs perplexibus errors</Unicode></TextEquiv></TextLine><TextLine id="r0_l038"><Coords points="271,1123 449,1113 504,1106 587,1101 587,1072 517,1073 410,1083 318,1086 295,1090 108,1102 108,1132 164,1132"/><TextEquiv index="1"><Unicode>Detineat tecti Creta luperba tu?</Unicode></TextEquiv></TextLine><TextLine id="r0_l039"><Coords points="1003,1078 1001,1076 997,1074 917,1074 912,1077 912,1144 922,1149 928,1150 1003,1150"/><TextEquiv index="1"><Unicode></Unicode></TextEquiv></TextLine><TextLine id="r0_l040"><Coords points="244,1160 293,1155 338,1153 359,1150 430,1147 558,1136 634,1135 639,1137 647,1137 683,1134 761,1133 761,1093 614,1093 609,1098 603,1101 504,1107 449,1114 271,1124 148,1134 65,1135 65,1164 169,1164"/><TextEquiv index="1"><Unicode>nnixi aut ferro muri atque adamantina turtis</Unicode></TextEquiv></TextLine><TextLine id="r0_l041"><Coords points="232,1192 292,1190 338,1185 383,1184 467,1176 529,1173 537,1171 570,1168 592,1168 592,1138 546,1138 499,1143 470,1144 414,1149 359,1151 338,1154 293,1156 244,1161 212,1162 197,1164 149,1165 115,1168 115,1194 214,1194"/><TextEquiv index="1"><Unicode>Cocyti aut triplici ſepiat vnda lacu</Unicode></TextEquiv></TextLine><TextLine id="r0_l042"><Coords points="201,1228 255,1226 303,1221 354,1219 382,1216 443,1213 480,1209 524,1207 639,1196 694,1194 694,1164 634,1164 626,1167 615,1168 570,1169 537,1172 529,1174 467,1177 383,1185 338,1186 277,1192 215,1194 171,1199 76,1200 55,1198 55,1230 188,1230"/><TextEquiv index="1"><Unicode>Dum ſeruet noſtram cuſtodia nulla puellam.</Unicode></TextEquiv></TextLine><TextLine id="r0_l043"><Coords points="1035,1228 1042,1219 1042,1180 1040,1177 955,1177 955,1230 1031,1230"/><TextEquiv index="1"><Unicode></Unicode></TextEquiv></TextLine><TextLine id="r0_l044"><Coords points="334,1261 353,1259 427,1257 502,1251 508,1246 515,1243 631,1238 636,1233 645,1230 706,1229 715,1234 727,1234 728,1197 639,1197 588,1201 560,1205 480,1210 443,1214 382,1217 337,1221 318,1221 255,1227 201,1229 188,1231 153,1232 120,1235 120,1264 326,1264"/><TextEquiv index="1"><Unicode>Ah pereant, quos Mæc tam mala cura moue</Unicode></TextEquiv></TextLine><TextLine id="r0_l045"><Coords points="813,1218 813,1252 883,1252 883,1218"/><TextEquiv index="1"><Unicode>Tum</Unicode></TextEquiv></TextLine><TextLine id="r0_l046"><Coords points="580,1238 580,1263 645,1263 645,1238"/><TextEquiv index="1"><Unicode>5</Unicode></TextEquiv></TextLine><TextLine id="r0_l047"><Coords points="955,1296 973,1295 996,1295 1016,1297 1066,1297 1068,1296 1068,1254 1027,1251 973,1251 970,1243 966,1239 962,1237 955,1237 943,1246 911,1247 907,1249 899,1257 884,1259 884,1300 931,1300"/><TextEquiv index="1"><Unicode></Unicode></TextEquiv></TextLine></TextRegion></Page></PcGts>