1045 1334
509 14 693 40 PETRI
210 57 837 91 Des modo te nobis curare volentibus ægrum,
246 93 672 126 Vulnera tractari ſuſtneasq; tua.
211 124 845 159 Promere opem egregios Podalirion & Chirona,
245 158 839 193 Vincam ego tam doctas non habuiſſe manus.
212 191 783 228 Ipſe tibi adſiſtat medicæ Deus arbiter artis,
250 225 666 259 Illâ non poteris conualuiſſe viâ.
215 257 842 298 At ſi, quæ moneo, ſurdâ contempſeris aure,
250 292 794 327 Verbaq; do rapidis nune mea turbinibus,
215 327 731 361 Irita poſt paulo ſpreti præcepta poëtæ,
251 359 764 393 Flebis, teq; mihi non habuiſſe fidem.
286 402 929 438 Magni viri iuſſi verſiculi conſcripti : cùm reliqi etia,
377 439 829 472 qui omæ erant Poetæ, eiuſdem viri ius-
501 471 704 507 ſu ccipſien.
280 518 894 544 DE GALESO ET MAAIMO.
219 560 851 595 Inerepat admiſſi tenerum dum forte Galeſum
251 595 756 629 Et queritur fluxâ Maximus eſſe fide:
214 628 769 662 Dumq; malos pueri mores incuſat, & ipſi
246 662 751 686 Dura laceſſitus verba miniſtrat amor:
214 695 732 729 Non ille vrgenti ſeſe purgare magiſtro,
247 727 785 761 Non multâ offenſum conciliare prece
211 760 742 795 Inficias non ire, & teſtes poſcere Diuos,
243 796 754 831 Largo purpureas imbre rigante genas:
195 825 731 863 Non etiam iraſci contà, iuſtiq; doloris
244 861 787 897 Accenſam in læſo promere corde facem:
203 894 925 931 Nil horum aggreditur: ſed tantùm ingrata loquentis
219 929 742 962 Implicitus collo dulce pependit onus.
214 958 805 997 Nec mora, cunctanti roſeis tot preſſa labellis
247 994 748 1026 Oſcula, Cælitibus inuidioſa dedit,
210 1029 761 1063 Arida quot leuibus flaueſcit meſſis ariſtis,
245 1064 787 1096 Excita quot vernis floribus halat humus.
214 1096 849 1131 Maxime quid dubitas? ſi te piget, ipſe tuo me
241 1130 857 1166 Pone loco: hæc dubitem non ego ferre mala?
207 1161 932 1210 Sed neque iam dubitas, nec te piget: inq; volentem
240 1193 665 1232 Baſia mellitus contulit illa puer.
908 1239 995 1265 Macts
