1359 1395
346 1 536 25 BEMBI.
787 13 828 37 9;
2 42 697 79 Macte tuo damno, & pueri, bone Maxime, culpâ
3 75 543 110 Macte tuâ culpâ nequitiæque puer.
4 110 707 148 Nam veneror, quorum placidi non pectora mores
13 143 671 176 Compoſuere minus, quam face torret amor.
4 170 623 210 Crediderim in ſancto dentur ſi iurgia cælo,
82 210 547 245 Inter ſe faciles non ſecus eſſe Deos.
3 243 605 276 Ex omni vobis molliſſima vellere fila.
83 277 547 311 Neuit docta colo ducere fata ſoror.
47 309 703 351 Quis ſortem magis optandam ſibi poſcat amoris,
84 344 520 374 Maxime ſiue tuâ, iue Galeſe tuâ?
1 377 569 418 Tene tui faciunt pueri peccata beatum?
82 411 592 445 Tne tuo peccans gratior es Domino?
1 445 599 478 Sic ò ſæpe meus peccet, ſic lædat amorem,
83 478 545 513 Sic mihi ſe læſo præſtet amore puer.
120 511 788 546 AdSempronium, à quo fuerat reprehenſus, qud m-
298 546 518 578 na lingua ſcripſerii.
84 578 599 613 Non quod me geminas tenere linguas,
44 613 524 642 Et Graiam ſimul, & ſimul Latinam,
46 647 449 681 Semproni reputem, mei libelli
44 680 461 713 Maternâ tibi voce ſunt loqunti.
44 712 617 747 Vt tanquam ſaturum hinnuloque aprott
43 747 490 782 Vilem iuuerit eſſe me faſellum:
45 780 488 815 Quod tu carminibus tuis venutis
41 815 437 842 Permirum tibi dixeras videri,
42 849 489 882 Sed famæ veritus malæ periclum,
40 882 495 917 Campo verſor in hoc loquutionis:
42 914 696 952 Quod dicam tibi, quem proboque amoqus,
42 951 566 985 Quantum pignora vix amant parentes
39 983 463 1017 Vt cùm noueris id, cauerepoſſis.
40 1011 594 1050 Nam pol quâ proauiſque auuſque lingu
40 1050 478 1084 Sunt olim meus & tuus loquuti,
37 1082 536 1118 Noſtræ quaque loquuntur & ſorores,
38 1116 478 1149 Et matertera nunc, & ipſa mater;
35 1145 574 1184 Nos neſcire loqui magis pudendum e
37 1183 513 1229 Qui taiæ damus, damus atis
700 1204 857 1249 tt-
