1036 1324
491 4 689 31 ET RA
198 8 246 37 &s
200 48 651 82 Studi tempora duplicemq; curam,
200 82 675 117 Quàm Gratiâ ſimul & ſimul Latinâ.
200 115 664 142 Hac vti vt valeas, tibi videndum eſt:
198 150 660 176 Ne dum marmoreas remota in ora
201 182 648 215 Sumptuconſtruis & labore villas,
188 215 601 246 Domi te calamo tegas paluſtri.
431 252 531 273 enacus.
231 280 826 316 Te Giberte cano, purus dum templa ſacerdos
189 315 738 348 Ingrediturupioq; tuas æ t ngere laudes,
199 348 824 381 Sit modo non impar tanto ſub pondere, quæ me
199 382 779 414 Muſa vocat: nec eam ventura redarguat ætas,
200 414 748 447 Obſcuræ carmen claro tibi condere famæ,
200 448 821 480 Et magnum breuibus voluiſſe intex ere chattis.
199 482 767 514 Nuntius vt vitieas Ben ci vectus ad vndas,
194 513 726 546 Muſcoſo ſubter pendentia fornice tecta,
196 548 722 581 Atque Dei lætis impleuit vocibus aures,
199 581 730 615 Adueniſſe diem, quo formoſiſſima terræ
188 615 773 648 Auſoniæ Verona ſacris, templiſque regendis
186 646 795 680 Demiſſum cœlo, & magnis virtutibus auctum
198 681 786 715 Acciperet iuuenem, qualem vix ipſa petebat:
199 714 736 748 Forte pater gelido in luco, ſiluaq; virenti,
200 748 820 782 Fontibus & riuis cubito ſubnixus & vrnæ
199 780 693 813 Iura dabat cui carbaſei molliſſima fili
185 814 772 848 Stamina pingebant fuco, veſtemq; parabant
201 847 838 883 Cæruleam, innumeræ nodis ac retibus aureis
191 881 794 916 Collectos comptæ crines tempuſq; decorum,
188 913 793 949 Incinctæq; auro ſuraſq; ſinuſq; fluentes,
199 947 776 982 Veſtibuls in thalami natæ, niueoſq; lacertos
201 981 807 1015 Nudabant operi, quo pulcro ex agmine Sirme
197 1014 741 1049 Docta lyræ digitis percurrere fila canebat
198 1049 849 1082 Carmen quod totidem numeris Gardeq; Saloq;
196 1081 759 1115 Reddebant: Sol æſtiuos circumuagus orbes
195 1114 766 1148 Axe terens medio currum librabat olympo.
195 1147 843 1183 Ergo auidis allata Deus poſtquam auribus hauſit,
197 1177 737 1217 Promiſſoſq; olim fatis ſibi lætus honores
893 1221 985 1253 Agno-
