<PcGts xmlns="http://schema.primaresearch.org/PAGE/gts/pagecontent/2017-07-15" xmlns:xsi="http://www.w3.org/2001/XMLSchema-instance" xsi:schemaLocation="http://schema.primaresearch.org/PAGE/gts/pagecontent/2017-07-15 http://schema.primaresearch.org/PAGE/gts/pagecontent/2017-07-15/pagecontent.xsd"><Metadata><Creator>User123</Creator><Created>2020-04-25T21:20:20</Created><LastChange>2020-04-25T21:20:20</LastChange></Metadata><Page imageFilename="0395.png" imageHeight="1391" imageWidth="1366"><TextRegion id="r0" type="paragraph"><Coords points="1,1 1364,1 1364,1389 1,1389"/><TextLine id="r0_l001"><Coords points="348,1 348,25 546,25 546,1"/><TextEquiv index="1"><Unicode>BEMBI.</Unicode></TextEquiv></TextLine><TextLine id="r0_l002"><Coords points="765,12 765,39 817,39 817,12"/><TextEquiv index="1"><Unicode>7</Unicode></TextEquiv></TextLine><TextLine id="r0_l003"><Coords points="636,41 26,41 26,77 185,77 238,75 406,75 434,77 636,77"/><TextEquiv index="1"><Unicode>Agnoit, tangens hærentem vligine barbam,</Unicode></TextEquiv></TextLine><TextLine id="r0_l004"><Coords points="17,108 107,111 259,108 551,110 551,78 434,78 406,76 238,76 185,78 28,78 22,81 1,81 1,112 13,112"/><TextEquiv index="1"><Unicode>Demulcenſq; manu, iuſſit vicina vocari</Unicode></TextEquiv></TextLine><TextLine id="r0_l005"><Coords points="646,108 611,108 599,111 259,109 140,112 52,111 31,109 31,142 646,142"/><TextEquiv index="1"><Unicode>Flumina: dein ſeſe placidum conuexa ſub alta</Unicode></TextEquiv></TextLine><TextLine id="r0_l006"><Coords points="572,145 467,143 212,143 148,145 30,144 30,176 231,176 270,174 572,176"/><TextEquiv index="1"><Unicode>Speluncæ ſenior ſolitaq; in ſede recepit.</Unicode></TextEquiv></TextLine><TextLine id="r0_l007"><Coords points="601,177 270,175 184,178 35,177 35,209 215,210 265,208 434,208 477,210 601,210"/><TextEquiv index="1"><Unicode>Poſtera iam cœlo ſtellas noctemq; fugarat</Unicode></TextEquiv></TextLine><TextLine id="r0_l008"><Coords points="590,211 477,211 434,209 265,209 215,211 22,210 22,244 188,244 323,241 437,241 590,244"/><TextEquiv index="1"><Unicode>Luſtrabatq; dies multo terraſq; fretumq;</Unicode></TextEquiv></TextLine><TextLine id="r0_l009"><Coords points="191,276 314,276 396,274 614,277 614,245 520,243 241,243 82,246 18,245 16,247 16,252 19,258 19,276 162,278"/><TextEquiv index="1"><Unicode>Lumine, cùm nitidis venit Ticinus in vndis,</Unicode></TextEquiv></TextLine><TextLine id="r0_l010"><Coords points="612,278 606,277 398,275 314,277 191,277 162,279 96,279 83,277 34,277 34,310 381,308 509,308 551,310 612,310"/><TextEquiv index="1"><Unicode>Piſcoſuſq; altas inuoluens Lambrus arenas.</Unicode></TextEquiv></TextLine><TextLine id="r0_l011"><Coords points="608,311 551,311 509,309 381,309 34,313 34,342 44,343 231,343 277,341 608,343"/><TextEquiv index="1"><Unicode>Venit &amp; indigenis fœcundans Ollius arua</Unicode></TextEquiv></TextLine><TextLine id="r0_l012"><Coords points="562,344 546,343 277,342 231,344 124,345 36,343 36,375 562,375"/><TextEquiv index="1"><Unicode>Deductus riuis, &amp; cultos Abdua campos</Unicode></TextEquiv></TextLine><TextLine id="r0_l013"><Coords points="596,376 244,376 20,380 20,409 596,409"/><TextEquiv index="1"><Unicode>Amne ſecans, fuluo ripaſq; interlitus auro.</Unicode></TextEquiv></TextLine><TextLine id="r0_l014"><Coords points="692,409 214,409 119,412 37,412 37,442 692,442"/><TextEquiv index="1"><Unicode>Nec rapidus fluuioq; Atheſis ſpectandus amœne</Unicode></TextEquiv></TextLine><TextLine id="r0_l015"><Coords points="24,443 24,475 636,475 636,443"/><TextEquiv index="1"><Unicode>Defuit, aut Pataui circumq; intraq; pererrans</Unicode></TextEquiv></TextLine><TextLine id="r0_l016"><Coords points="18,476 18,508 611,508 611,476"/><TextEquiv index="1"><Unicode>Mœnia Meduacus triplici circundata muro:</Unicode></TextEquiv></TextLine><TextLine id="r0_l017"><Coords points="622,542 622,510 283,509 36,512 36,543 191,543 290,541 434,541 524,543"/><TextEquiv index="1"><Unicode>Mœ nia quæ poſitor pugnas &amp; bella peroſus</Unicode></TextEquiv></TextLine><TextLine id="r0_l018"><Coords points="908,486 908,578 970,578 970,486"/><TextEquiv index="1"><Unicode></Unicode></TextEquiv></TextLine><TextLine id="r0_l019"><Coords points="603,543 487,544 434,542 290,542 37,545 37,575 603,575"/><TextEquiv index="1"><Unicode>Muſarum Iliacus ſtudiis Phœboq; ſacrauit</Unicode></TextEquiv></TextLine><TextLine id="r0_l020"><Coords points="668,576 175,576 130,578 25,577 25,611 122,611 297,608 458,608 668,611"/><TextEquiv index="1"><Unicode>Populiferue Padus genitor, qui flumina centum</Unicode></TextEquiv></TextLine><TextLine id="r0_l021"><Coords points="266,643 342,641 571,643 571,611 458,609 297,609 122,612 25,612 25,643 111,644"/><TextEquiv index="1"><Unicode>Ipſe ſuo accipiens vaſto latiſſimus alueo,</Unicode></TextEquiv></TextLine><TextLine id="r0_l022"><Coords points="971,618 848,618 848,704 851,707 855,709 971,709"/><TextEquiv index="1"><Unicode></Unicode></TextEquiv></TextLine><TextLine id="r0_l023"><Coords points="569,675 569,644 343,642 266,644 42,644 42,676 187,677"/><TextEquiv index="1"><Unicode>Vbera terrarum curſu per pinguia lapſus</Unicode></TextEquiv></TextLine><TextLine id="r0_l024"><Coords points="637,675 529,677 399,676 187,678 32,677 32,709 637,709"/><TextEquiv index="1"><Unicode>Portat, ſeq; mari ſeptenis amnibus infert.</Unicode></TextEquiv></TextLine><TextLine id="r0_l025"><Coords points="667,709 354,709 191,712 23,711 23,746 58,746 61,744 105,743 308,742 589,742 628,743 639,744 642,746 667,746"/><TextEquiv index="1"><Unicode>Quos tunc atque alios velatus arundine crinem</Unicode></TextEquiv></TextLine><TextLine id="r0_l026"><Coords points="973,749 973,710 895,710 895,750 962,750"/><TextEquiv index="1"><Unicode></Unicode></TextEquiv></TextLine><TextLine id="r0_l027"><Coords points="639,774 648,769 648,751 639,745 628,744 309,743 105,744 61,745 55,748 39,748 39,775 633,775"/><TextEquiv index="1"><Unicode>Mintius excepit venientes limine primo</Unicode></TextEquiv></TextLine><TextLine id="r0_l028"><Coords points="914,762 914,810 972,810 972,762"/><TextEquiv index="1"><Unicode></Unicode></TextEquiv></TextLine><TextLine id="r0_l029"><Coords points="612,776 41,778 41,810 612,810"/><TextEquiv index="1"><Unicode>Obuius, atque in tecta parentis ſaxea duxit,</Unicode></TextEquiv></TextLine><TextLine id="r0_l030"><Coords points="576,810 286,810 86,812 30,811 30,842 576,842"/><TextEquiv index="1"><Unicode>Lætifico cordis non celans gaudia vultu.</Unicode></TextEquiv></TextLine><TextLine id="r0_l031"><Coords points="602,844 381,843 25,845 25,877 229,877 310,875 602,877"/><TextEquiv index="1"><Unicode>Qui ſimul ac vdos poſuere ſedilibus artus,</Unicode></TextEquiv></TextLine><TextLine id="r0_l032"><Coords points="567,909 567,878 310,876 229,878 73,878 43,879 37,881 37,910 526,910"/><TextEquiv index="1"><Unicode>Cryſtallo rigida fultis, &amp; Iaſpide glaucâ.</Unicode></TextEquiv></TextLine><TextLine id="r0_l033"><Coords points="658,909 526,911 293,910 41,912 41,943 658,943"/><TextEquiv index="1"><Unicode>Continuo Nymphæ menſas ante ora Deorum,</Unicode></TextEquiv></TextLine><TextLine id="r0_l034"><Coords points="494,974 641,974 644,973 644,944 376,943 21,945 21,977 377,977"/><TextEquiv index="1"><Unicode>Speluncæ in medio niueis mantilibus apte</Unicode></TextEquiv></TextLine><TextLine id="r0_l035"><Coords points="683,1007 683,975 494,975 377,978 204,977 31,979 31,1009 595,1009"/><TextEquiv index="1"><Unicode>Conſternunt, dapibuſq; onerant, Dictæaq; plena</Unicode></TextEquiv></TextLine><TextLine id="r0_l036"><Coords points="692,1041 692,1008 640,1008 595,1010 473,1009 390,1011 271,1010 120,1012 42,1011 42,1042 479,1042"/><TextEquiv index="1"><Unicode>Vina ferunt referuntq; manu, caliceſq; madentes</Unicode></TextEquiv></TextLine><TextLine id="r0_l037"><Coords points="689,1042 480,1042 386,1044 139,1045 78,1045 41,1043 41,1077 236,1077 266,1075 452,1076 492,1074 669,1074 675,1077 689,1077"/><TextEquiv index="1"><Unicode>Præcingunt myrto, atque implexis flore coronis,</Unicode></TextEquiv></TextLine><TextLine id="r0_l038"><Coords points="667,1105 669,1104 669,1075 492,1075 452,1077 266,1076 181,1079 82,1079 26,1077 26,1110 425,1110"/><TextEquiv index="1"><Unicode>Purpureoq; toſæ, Medorumq; arboris albo:</Unicode></TextEquiv></TextLine><TextLine id="r0_l039"><Coords points="752,1107 525,1108 425,1111 249,1110 107,1112 29,1111 29,1143 752,1143"/><TextEquiv index="1"><Unicode>Medorum quondam, ſed quæ nunc plurima lætas</Unicode></TextEquiv></TextLine><TextLine id="r0_l040"><Coords points="974,1152 974,1120 928,1120 928,1153 936,1153"/><TextEquiv index="1"><Unicode></Unicode></TextEquiv></TextLine><TextLine id="r0_l041"><Coords points="548,1173 548,1145 528,1143 205,1143 140,1145 42,1145 42,1176 416,1176"/><TextEquiv index="1"><Unicode>Benaci veſtit ripas; non illa caducâ.</Unicode></TextEquiv></TextLine><TextLine id="r0_l042"><Coords points="976,1153 930,1154 930,1182 976,1182"/><TextEquiv index="1"><Unicode></Unicode></TextEquiv></TextLine><TextLine id="r0_l043"><Coords points="617,1212 664,1212 664,1172 566,1172 559,1174 537,1175 416,1177 290,1176 25,1178 25,1215 572,1215"/><TextEquiv index="1"><Unicode>ronde virens, ſuauiq; auras permulcet odore.</Unicode></TextEquiv></TextLine><TextLine id="r0_l044"><Coords points="1011,1182 931,1183 931,1203 1011,1203"/><TextEquiv index="1"><Unicode></Unicode></TextEquiv></TextLine><TextLine id="r0_l045"><Coords points="982,1204 891,1205 883,1203 775,1203 775,1242 982,1242"/><TextEquiv index="1"><Unicode>Po</Unicode></TextEquiv></TextLine><TextLine id="r0_l046"><Coords points="991,1243 948,1243 942,1248 940,1252 940,1258 933,1260 921,1260 876,1265 856,1265 856,1295 918,1295 926,1299 991,1299"/><TextEquiv index="1"><Unicode></Unicode></TextEquiv></TextLine><TextLine id="r0_l047"><Coords points="869,1296 844,1296 835,1292 821,1292 821,1317 869,1317"/><TextEquiv index="1"><Unicode></Unicode></TextEquiv></TextLine></TextRegion></Page></PcGts>