1366 1391
348 1 546 25 BEMBI.
26 41 636 77 Agnoit, tangens hærentem vligine barbam,
1 76 551 112 Demulcenſq; manu, iuſſit vicina vocari
31 108 646 142 Flumina: dein ſeſe placidum conuexa ſub alta
30 143 572 176 Speluncæ ſenior ſolitaq; in ſede recepit.
35 175 601 210 Poſtera iam cœlo ſtellas noctemq; fugarat
22 209 590 244 Luſtrabatq; dies multo terraſq; fretumq;
16 243 614 278 Lumine, cùm nitidis venit Ticinus in vndis,
34 275 612 310 Piſcoſuſq; altas inuoluens Lambrus arenas.
34 309 608 343 Venit & indigenis fœcundans Ollius arua
36 342 562 375 Deductus riuis, & cultos Abdua campos
20 376 596 409 Amne ſecans, fuluo ripaſq; interlitus auro.
37 409 692 442 Nec rapidus fluuioq; Atheſis ſpectandus amœne
24 443 636 475 Defuit, aut Pataui circumq; intraq; pererrans
18 476 611 508 Mœnia Meduacus triplici circundata muro:
36 509 622 543 Mœ nia quæ poſitor pugnas & bella peroſus
37 542 603 575 Muſarum Iliacus ſtudiis Phœboq; ſacrauit
25 576 668 611 Populiferue Padus genitor, qui flumina centum
25 609 571 644 Ipſe ſuo accipiens vaſto latiſſimus alueo,
42 642 569 677 Vbera terrarum curſu per pinguia lapſus
32 675 637 709 Portat, ſeq; mari ſeptenis amnibus infert.
23 709 667 746 Quos tunc atque alios velatus arundine crinem
39 743 648 775 Mintius excepit venientes limine primo
41 776 612 810 Obuius, atque in tecta parentis ſaxea duxit,
30 810 576 842 Lætifico cordis non celans gaudia vultu.
25 843 602 877 Qui ſimul ac vdos poſuere ſedilibus artus,
37 876 567 910 Cryſtallo rigida fultis, & Iaſpide glaucâ.
41 909 658 943 Continuo Nymphæ menſas ante ora Deorum,
21 943 644 977 Speluncæ in medio niueis mantilibus apte
31 975 683 1009 Conſternunt, dapibuſq; onerant, Dictæaq; plena
42 1008 692 1042 Vina ferunt referuntq; manu, caliceſq; madentes
41 1042 689 1077 Præcingunt myrto, atque implexis flore coronis,
26 1075 669 1110 Purpureoq; toſæ, Medorumq; arboris albo:
29 1107 752 1143 Medorum quondam, ſed quæ nunc plurima lætas
42 1143 548 1176 Benaci veſtit ripas; non illa caducâ.
25 1172 664 1215 ronde virens, ſuauiq; auras permulcet odore.
775 1203 868 1242 Po
