1354 1393
356 1 547 26 EEI.
50 32 676 69 Robore ceu firm ventorum flamina quercus,
36 66 675 102 Aut ſcopulus fluctus ſaxo excurrente mariuos,
40 101 612 136 Sic vndas rerum excipiens, & plena pericli
33 134 616 166 Multa diu caſus victos ſuperaueris omnes.
26 168 681 203 oluite maiores vaga flumina, voluite lymphas,
47 202 592 235 Sæpe illum abruptis in vallibus Apennini
46 235 683 270 Verſantem, luctantis equi cum frangeret armos,
26 269 703 303 Præcipitanſq; viam obſtrueret torrentibus imber,
26 302 626 336 Pæœninas vel per fauces tractuſq; volantem
44 336 623 370 Aërios, ſummo miſeratæ è vertice Nymphæ,
25 369 634 403 Optauere graues cohiberent nubila nimbos.
27 402 700 435 Voluite maiores vaga flumina, voluite lymphas
34 436 615 470 Sæpe illi ad magnos reges mandata ferenti
26 469 610 504 Aſtitit vnigena proles ſouis, vt bona mater:
43 504 623 537 Vt mater bona, quæ caro timet omnia nato,
30 537 633 571 Et cupit in duros comitem ſe ſe addere caſus.
36 571 640 603 Tum pueri mirata oculos & verba loquentis;
25 603 602 636 Ipſe meas artes iam nunc tibi dixit habeto.
41 636 674 669 Voluite maiores vaga flumina, voluite lymphas.
38 669 707 703 Teſtis adeſt triplices magnas diſcreta per oras,
24 702 745 737 Fluuiorum nemorumq; ferax, pecudumq;, virûmque
28 737 565 770 Callia on auri, pictæ non indiga veſtis:
35 768 638 805 Diuerſoſq; igo ad ventos, interq; cadentem
11 804 615 837 Surgentemq; diem longo protenta Pyrene,
34 837 647 870 Altis quæ geminas deſpectat frontibus vndas.
36 870 643 904 Tum dictis factiſque potens illa inclyta bello,
34 904 561 937 Lataq; & in latas Hiſpania diſſita terras.
34 936 661 970 Voluite maiores vaga flumina, voluite lymphas.
35 969 656 1001 Hæ nam te inſolita orantem, auerſaſq; ſuorum
31 1002 640 1036 Flectentem regum mentes, Giberte, videbant,
32 1035 603 1070 Acceptos conuerſa ſonoscùm vocis imago
33 1068 611 1104 Redderet, & dociles iterarent nomina ripæ.
30 1099 704 1135 Voluite maiores vaga flumina, voluite lymphas
29 1134 636 1168 Teſtis & Adriacus. paruo qui flumine Rhenus
22 1163 728 1199 Lambit humum: teſtis Thuſc haud maximus vndis
733 1196 816 1224 Mu
