1043 1328
524 1 707 26 PETRI
209 15 269 38 ao
229 41 824 79 Maior proleirum, & diuinos Arnus honores
230 75 898 110 Promeritus, cœlum Diuilque recentibus augens,
169 110 849 145 Pulcros qui clles pulramq; interſecat vibem:
233 143 861 179 Gens quorum imperio diſpar, nec legibus æqua,
229 176 821 208 Illius in ſtudiis iamdudum &amore quieſcit.
174 209 856 247 Voluite maiores vaga flumina, voluite lymphas.
234 243 817 276 Tu verb tu, Roma, tui genus ecquod alumni,
232 276 870 306 Iam non curarum, non commemorare laborum
233 311 824 345 Vna potes?tolle egregium per ſecula nomen,
234 345 840 378 Tolle decus, daq; alta virûm volitare per ora.
234 376 916 409 Voluite maiores vaga flumina, voluite lymphas.
235 409 822 446 Quantum Trinacriæ vertex ſe ſuſtulit Htnæ,
233 443 825 477 Aut cinctus ſtellis Atlas, aut Caucaſus ingens,
237 476 847 502 Tantum clara vii ûm Romæ ſe nomina tollunt.
235 509 875 544 Illa nouos tibi Cœleſtum conceſſithonores
236 543 765 577 Ant quis cumulans at tu præſentia ſæcla
239 576 874 610 Firmabis, veterumq; abol bis damna malcrum.
236 609 864 643 Voluite maiores vaga flumina, voluite lymphas.
236 644 775 677 Ecce tibi læto veſtt ſe gramine tell us,
237 674 842 708 Et tibi ſylua comas nutrit; tibi pabula ſurgunt;
237 710 837 743 Fœcundus mites implet tibi pampinus vuas;
237 743 816 776 Palladis & nig um tibi ducit bacca colorem
239 775 901 809 Tum ſpiſſo quem rete trahant vel arundine longa
237 807 817 842 Flexiuagus noſtris creſcit tibi piſcis in vndis,
237 841 880 875 Voluit maiores vaga flumina, voluite lymphas.
237 875 794 910 Accipe quæ tibi Painaſi de colle ſorores
241 908 840 933 Doia ferunt lacram lauri de fronde coronam.
243 941 949 976 E plectium & citharam, ſriptaſq; ab Apoll chartas.
236 976 841 1008 ternun quas ediſcant. celebrentq; minors.
239 1008 873 1040 Volute naioes vag flun ina, voluitelymphas.
239 1042 932 1074 Acci e quæ calath porgunt tibi munera Mymphæ,
239 1074 825 1106 Lu. eolu c. l hæ florem, aſiamq; virentem,
239 1106 791 1141 Liloq, vil. ſq, & purpurcos hyucithos.
241 1140 873 1176 Hatd poſ si piius pteran: bella hotida bella
238 1170 797 1207 Peu l s &defouauius go.
906 1212 1007 1241 Voluite
