<PcGts xmlns="http://schema.primaresearch.org/PAGE/gts/pagecontent/2017-07-15" xmlns:xsi="http://www.w3.org/2001/XMLSchema-instance" xsi:schemaLocation="http://schema.primaresearch.org/PAGE/gts/pagecontent/2017-07-15 http://schema.primaresearch.org/PAGE/gts/pagecontent/2017-07-15/pagecontent.xsd"><Metadata><Creator>User123</Creator><Created>2020-04-25T21:20:16</Created><LastChange>2020-04-25T21:20:16</LastChange></Metadata><Page imageFilename="0401.png" imageHeight="1394" imageWidth="1346"><TextRegion id="r0" type="paragraph"><Coords points="1,1 1344,1 1344,1392 1,1392"/><TextLine id="r0_l001"><Coords points="361,1 361,25 558,25 558,1"/><TextEquiv index="1"><Unicode>EMI.</Unicode></TextEquiv></TextLine><TextLine id="r0_l002"><Coords points="788,12 788,36 836,36 836,12"/><TextEquiv index="1"><Unicode></Unicode></TextEquiv></TextLine><TextLine id="r0_l003"><Coords points="26,82 33,77 44,76 238,77 299,75 383,75 423,77 524,77 565,79 684,80 684,41 51,41 50,57 48,59 4,60 4,83 19,83"/><TextEquiv index="1"><Unicode>Lutrabatq; oculis eœlum, intrepiduſq; pericli</Unicode></TextEquiv></TextLine><TextLine id="r0_l004"><Coords points="662,81 657,80 423,78 383,76 299,76 238,78 44,77 33,78 26,83 2,84 2,110 662,110"/><TextEquiv index="1"><Unicode>Laudabat Superos, &amp; ſpe ſua damna leuabat:</Unicode></TextEquiv></TextLine><TextLine id="r0_l005"><Coords points="707,112 592,113 519,112 484,110 184,112 122,112 96,110 3,111 3,140 26,140 65,143 707,143"/><TextEquiv index="1"><Unicode>Cui ſe, quantus erat, manifeſta in luce videndum</Unicode></TextEquiv></TextLine><TextLine id="r0_l006"><Coords points="56,177 289,177 314,175 464,175 653,179 653,147 423,143 103,145 2,141 2,180 25,180"/><TextEquiv index="1"><Unicode>Ipſe pater Diuûm dederat cum compare nato</Unicode></TextEquiv></TextLine><TextLine id="r0_l007"><Coords points="596,179 576,178 464,176 314,176 289,178 56,178 25,181 2,181 2,208 37,208 68,210 596,210"/><TextEquiv index="1"><Unicode>Sublimis, medioq; illi fulgebat Olmpo.</Unicode></TextEquiv></TextLine><TextLine id="r0_l008"><Coords points="690,209 651,209 632,211 325,210 68,211 37,209 2,209 2,241 58,243 690,243"/><TextEquiv index="1"><Unicode>Qun etiam extremo cum iam ſub fine laborum</Unicode></TextEquiv></TextLine><TextLine id="r0_l009"><Coords points="693,246 563,244 2,244 2,276 693,276"/><TextEquiv index="1"><Unicode>Diſiectus duro frontem &amp; caua tempora nimbo,</Unicode></TextEquiv></TextLine><TextLine id="r0_l010"><Coords points="611,278 4,277 4,310 611,310"/><TextEquiv index="1"><Unicode>ret iter propius lethi, tamen hoſtibus ipſis</Unicode></TextEquiv></TextLine><TextLine id="r0_l011"><Coords points="658,311 336,310 218,312 5,311 5,343 658,343"/><TextEquiv index="1"><Unicode>Pro ſcelere immani moriens, pro talibus auſis,</Unicode></TextEquiv></TextLine><TextLine id="r0_l012"><Coords points="651,345 638,344 45,345 45,375 53,376 651,376"/><TextEquiv index="1"><Unicode>Ah veniam Superos animâ fugiente rogabat:</Unicode></TextEquiv></TextLine><TextLine id="r0_l013"><Coords points="609,378 301,376 257,378 106,377 102,378 44,376 44,410 515,409 609,413"/><TextEquiv index="1"><Unicode>Placabat Superos hoſti iam frigida lingua.</Unicode></TextEquiv></TextLine><TextLine id="r0_l014"><Coords points="587,414 579,412 515,410 43,411 43,442 587,442"/><TextEquiv index="1"><Unicode>Salue bis ſenis lectus parere magiſtris,</Unicode></TextEquiv></TextLine><TextLine id="r0_l015"><Coords points="689,442 600,442 591,444 369,443 39,444 39,475 689,475"/><TextEquiv index="1"><Unicode>Macte animo puer egregio &amp; præſtantibus auſis,</Unicode></TextEquiv></TextLine><TextLine id="r0_l016"><Coords points="688,477 1,477 1,509 688,509"/><TextEquiv index="1"><Unicode>Macte nece, &amp; veris magnum decus addite Diuis.</Unicode></TextEquiv></TextLine><TextLine id="r0_l017"><Coords points="688,512 686,511 39,510 39,542 688,543"/><TextEquiv index="1"><Unicode>Tu Princeps ignominiam, plagaſq; cruentas,</Unicode></TextEquiv></TextLine><TextLine id="r0_l018"><Coords points="647,575 647,544 553,543 187,545 36,543 36,576 558,576"/><TextEquiv index="1"><Unicode>Et longum memoranda nepotibus aſpera fata</Unicode></TextEquiv></TextLine><TextLine id="r0_l019"><Coords points="657,576 387,578 240,576 208,578 49,577 38,578 38,609 56,610 438,610 537,608 657,610"/><TextEquiv index="1"><Unicode>Magnanimi poſt Herois, quem candida partu</Unicode></TextEquiv></TextLine><TextLine id="r0_l020"><Coords points="624,642 624,610 537,609 438,611 5,610 5,641 13,642 450,643"/><TextEquiv index="1"><Unicode>Cœlicolûm regi tecto ſub paupere Nympha</Unicode></TextEquiv></TextLine><TextLine id="r0_l021"><Coords points="689,642 450,644 39,643 39,674 689,675"/><TextEquiv index="1"><Unicode>Non vllam Venerem, nullos experta hymenæos,</Unicode></TextEquiv></TextLine><TextLine id="r0_l022"><Coords points="37,676 37,709 577,709 577,676"/><TextEquiv index="1"><Unicode>Ediderat patrii flauas Iordanis ad vndas,</Unicode></TextEquiv></TextLine><TextLine id="r0_l023"><Coords points="571,741 571,710 509,709 299,711 239,709 38,709 38,742 559,742"/><TextEquiv index="1"><Unicode>Teſtis ades facti: ſacro tu primus ab illis</Unicode></TextEquiv></TextLine><TextLine id="r0_l024"><Coords points="666,742 560,742 462,744 87,744 1,742 1,774 666,774"/><TextEquiv index="1"><Unicode>Sangnine palmiferæ terram conſpergis ldumes:</Unicode></TextEquiv></TextLine><TextLine id="r0_l025"><Coords points="907,741 907,796 991,796 991,741"/><TextEquiv index="1"><Unicode></Unicode></TextEquiv></TextLine><TextLine id="r0_l026"><Coords points="631,809 631,776 427,778 32,776 32,808 34,809 407,810"/><TextEquiv index="1"><Unicode>Et puleræ inſolitos decerpens laudis honores</Unicode></TextEquiv></TextLine><TextLine id="r0_l027"><Coords points="592,842 592,810 151,811 32,809 32,842 420,843"/><TextEquiv index="1"><Unicode>Purpureâ gaudes frontem cinxiſſe coronà:</Unicode></TextEquiv></TextLine><TextLine id="r0_l028"><Coords points="556,875 556,843 34,843 34,873 38,874 80,874 92,876 540,876"/><TextEquiv index="1"><Unicode>Vnde tibi grati nomen dixëre minores.</Unicode></TextEquiv></TextLine><TextLine id="r0_l029"><Coords points="910,833 910,879 961,879 961,833"/><TextEquiv index="1"><Unicode></Unicode></TextEquiv></TextLine><TextLine id="r0_l030"><Coords points="669,873 615,873 611,875 540,877 384,878 263,877 150,878 29,874 29,908 669,909"/><TextEquiv index="1"><Unicode>Te colimus:certo tibi tempore ſacra quotannis</Unicode></TextEquiv></TextLine><TextLine id="r0_l031"><Coords points="599,940 599,910 30,910 30,942 164,942 204,944 392,944"/><TextEquiv index="1"><Unicode>Rite damus, &amp; tura tuis imponimus aris.</Unicode></TextEquiv></TextLine><TextLine id="r0_l032"><Coords points="962,924 911,924 911,988 962,988"/><TextEquiv index="1"><Unicode></Unicode></TextEquiv></TextLine><TextLine id="r0_l033"><Coords points="763,937 654,937 648,940 636,941 392,945 253,944 204,945 164,943 30,943 30,976 447,976 514,974 700,974 703,976 763,976"/><TextEquiv index="1"><Unicode>Qud ſi vlla o votiſq; hominum precibuſq; mouentur</Unicode></TextEquiv></TextLine><TextLine id="r0_l034"><Coords points="507,1009 575,1006 632,1006 632,975 514,975 378,978 31,977 31,1010 300,1010"/><TextEquiv index="1"><Unicode>Numina, nec cunctis adeo ſtat perdere Diuis</Unicode></TextEquiv></TextLine><TextLine id="r0_l035"><Coords points="952,990 868,990 868,1046 952,1046"/><TextEquiv index="1"><Unicode></Unicode></TextEquiv></TextLine><TextLine id="r0_l036"><Coords points="430,1041 558,1041 590,1039 681,1039 681,1008 542,1008 507,1010 300,1011 73,1010 29,1011 29,1043 360,1044"/><TextEquiv index="1"><Unicode>Auſoniam, populoſq; Italos, nomenq; Latinum.</Unicode></TextEquiv></TextLine><TextLine id="r0_l037"><Coords points="470,1076 572,1072 654,1072 675,1074 675,1042 430,1042 360,1045 29,1044 29,1076 357,1077"/><TextEquiv index="1"><Unicode>Atque malis prope iam confectæ mœnia Romæ;</Unicode></TextEquiv></TextLine><TextLine id="r0_l038"><Coords points="652,1073 572,1073 470,1077 357,1078 30,1077 30,1108 390,1109 614,1106 638,1109 652,1109"/><TextEquiv index="1"><Unicode>Sancte veni, cœtuſq; tuos, tuaq; aurea templa,</Unicode></TextEquiv></TextLine><TextLine id="r0_l039"><Coords points="913,1084 913,1156 949,1156 949,1084"/><TextEquiv index="1"><Unicode></Unicode></TextEquiv></TextLine><TextLine id="r0_l040"><Coords points="456,1140 623,1138 623,1108 543,1107 506,1109 391,1109 338,1111 258,1111 199,1109 27,1109 27,1141 145,1143 375,1143"/><TextEquiv index="1"><Unicode>Læti quæ feſta velamus fronde per vrbes,</Unicode></TextEquiv></TextLine><TextLine id="r0_l041"><Coords points="424,1174 538,1173 596,1170 644,1170 644,1137 627,1139 456,1141 375,1144 209,1143 145,1144 26,1142 26,1176 368,1176"/><TextEquiv index="1"><Unicode>Dexter adi, placiduſq; animis illabere noſtris:</Unicode></TextEquiv></TextLine><TextLine id="r0_l042"><Coords points="564,1206 613,1204 666,1204 666,1174 486,1174 368,1177 48,1176 26,1177 26,1208 554,1208"/><TextEquiv index="1"><Unicode>Ac primùm miſetis bellorum &amp; cædis amorem</Unicode></TextEquiv></TextLine><TextLine id="r0_l043"><Coords points="919,1166 919,1198 965,1198 965,1166"/><TextEquiv index="1"><Unicode></Unicode></TextEquiv></TextLine><TextLine id="r0_l044"><Coords points="965,1198 886,1198 880,1200 866,1200 859,1197 855,1193 740,1193 733,1205 688,1204 573,1207 573,1241 965,1241"/><TextEquiv index="1"><Unicode>Aa</Unicode></TextEquiv></TextLine><TextLine id="r0_l045"><Coords points="915,1279 955,1278 966,1268 966,1263 964,1259 956,1253 846,1254 841,1257 841,1289 843,1291 904,1291"/><TextEquiv index="1"><Unicode>C</Unicode></TextEquiv></TextLine><TextLine id="r0_l046"><Coords points="1064,1279 1038,1277 982,1277 976,1270 971,1268 967,1268 955,1279 952,1279 952,1308 1064,1308"/><TextEquiv index="1"><Unicode></Unicode></TextEquiv></TextLine></TextRegion></Page></PcGts>