1029 1316
459 9 650 36 PETRI
205 16 250 48 C
245 52 767 90 Et faciles Nymphæ, ſemicaperque Deus
211 90 724 122 Mater & incanos ſpicis euincta capillos
246 123 716 157 Implebat lætis meſſibus arua Ceres:
213 156 770 189 Cui Nar ſulfureus, nigra cui Farfarus vnda,
245 191 786 224 Et qui Roma tuas Fucinus auxit aquas,
210 223 960 257 Atque Almo, atque Anio, Tibrisque, paterque Numicus,
245 257 707 291 Flumina iuſſerunt largius ire ſua:
211 287 834 323 eſitiæ mea NRoma tuæ, luſusque leprque,
247 322 716 355 Et ſpes, & ſenii remus & aura tui,
208 357 883 390 Gallus, per quem ublita tuorum es antè m alorumj
247 390 792 424 Occidit; heu ſſne amore, & ſinelege Deos
360 423 796 454 Iulii TT Pontiſicatus ſaximus.
211 454 794 491 Illa piis populis mundoque accepta recenti,
249 492 812 525 Sub Ioue cùm nondum ferreus orbis erat,
210 524 798 558 Nec proſciſſa graues vertebant arua iuuenci,
245 558 752 591 Vinea nec lacrymas falce reſecta dabat:
212 591 746 624 Mella ſed acriæ ſudabant roſcida ſiluæ,
248 625 777 659 Et lac pro gelidâ flumen habebat aquâ
213 658 918 692 Nune o nunc redit ad primos bona Qurcus honoras,
249 692 803 726 Quos habuit, mundi cum tener orbis erat,
158 719 874 759 Quercus glande ſua quæ quondam Heroas alebat.
249 760 851 793 Cura Deum Quercus ſancta, piumque nemus.
209 793 832 826 Dignaque Cecropiæ pinguis cui ſilua Mineruæ
249 826 783 858 Cedat, & Herculeis populus apta comis:
211 857 720 892 Cedat & ipſa ſuo laurus Phœbeia luco,
246 893 794 925 Inflexæque pedem Bacchica ſerta hederæ;
210 926 721 960 Vel mvrti Veneris, vel Siluani cypariſſi,
243 960 769 993 el qur capripedi pinus amata Deo eſt.
207 992 803 1027 N mque boni mores noſtro rediere ſub æuo,
244 1026 715 1060 t primm poſito conſtitit illa ſitu:
210 1059 853 1093 Simpicitasque inculta comam; rectique cupido,
246 1093 717 1127 Et lex, & probitas, & ſine labe fides.
211 1125 912 1161 Nec redit ad primos tantum bona Quercus honores
248 1159 792 1191 Quos habuit mundi cum tener orbis erat:
212 1190 788 1228 ed prouecta ſolo nitidis caput inſerit aſtris,
903 1231 991 1264 Qua
