1038 1335
479 26 668 49 PETRI
215 31 263 58 s
246 64 765 104 Quæque fuere aliis clauſa, recluſa mihi.
376 112 724 143 Lorglii epi aphium.
212 143 796 177 Te iuuenem rapuere Deæ, ſatalia :entes
207 175 854 210 Stamina, cùm ſcirent moriturum tempore nullo,
211 209 776 243 Longoli,tib. ſi canos ſeniumque d diſſent.
442 245 662 276 Leonici epitapht m.
210 276 706 308 Naturæ ſi quid rerua te forte latebat,
245 310 750 343 Id legls in magno nunc, Leoniee, Deo.
439 345 682 377 Tleſilæ picaphium.
211 376 834 409 Quid Mors, tam puleram rapiſti dura puellam?
227 409 864 443 Nunquid me miſerum te quoque tangit amor?
440 445 651 476 Catalli epiaphiem.
212 474 822 505 Nil tibi non dominus tribuit, Bembine, catelle;
244 509 862 549 A quo nomen habes, & tumulum, & lacrymas.
440 550 730 583 Fictum pro antiquo.
211 583 752 616 lia natorum manesque ſequuta mriti,
245 616 699 649 Vſa ſuâ iacet hic Septimiana manu
210 651 806 684 Vir Turrinus erat, cum quo ttia luſtra peregit,
246 683 728 716 Iurgiaque in ſancto nulla tueretoro.
213 716 756 750 Binaque de primo ſuſcepit pignora partu;
230 750 845 783 Dein natam matris ſpemque metumque ſuæ.
212 782 747 814 Crudeles Diui, proles adoleuerat; at mors
247 816 716 849 Iniccit tetricas peruiolenta manus.
211 848 845 882 Poſt quæ mœrcntem, ne quid ſupereſſet amanti.
245 882 722 916 Abſtulit orbatæ prpxima luna virum:
212 914 831 950 Quem ſimulac flammâ vidit lambente cremari,
246 949 702 981 Ergo ibis; tecum nec tua, dixit, erit?
209 982 814 1015 Eripies mihi tu nunquam hoc Fortuna:licebit
246 1015 759 1050 Hoc ſaltem inuitâ te potuiſſe mihi.
210 1049 734 1082 Dixerat, & ſtricto fixit ſua pectora fero:
246 1083 848 1117 Sic moriens caro nune quoque iuncta viro eſt.
351 1125 763 1159 Iac. Sinceri Sanna.atii epitaphium.
211 1159 693 1199 Da ſacro cineri flores: hic ille Maroni
249 1194 729 1239 Sincerus Musâ proximus, vt tumulo.
918 1237 990 1260 Lucu-
