1048 1324
452 7 754 33 INOBIVM
224 44 815 86 loquar, an ſileam, quæ tanti cauſſa dolorist
224 85 800 122 Aut mea quid ceſſet taciturnis fiſtula ſiluis
224 119 953 155 C. Ille heu, ille vnus quondam mihi carus Amynta,
224 152 785 186 Qui dum Aurora rotas Eois tolleret vndis,
224 185 843 214 Mecum vnà in vacuos ſaltus armenta ſolebat
224 216 807 251 Ducere;nunc eheu fato eſt ereptus acerbo;
224 250 805 285 Ille per Vrobios montes, valleſque reductas;
223 281 740 318 Ille per Etruſcas rupes, atque auia ſaxa;
224 314 808 350 Ille per Euganeas cantu celeberrimus oras.
229 352 844 385 Illum etiam Latii montes, & frigidus Almo
233 384 862 419 Obſtupuit, mediamque ſecat qui Ldius vtbem
230 417 788 450 Tibris, & auratæ prætentat cornua frontis
229 451 847 486 Tantus honos doctæ vocis, tam ſancta verendi
229 483 746 518 Maieſtas oris, tot honeſti pectoris artes,
229 516 809 553 Hic dare ſuetus erat armenti iura magiſtris,
229 551 827 587 Ruricolûmque vnus mœſtas ſedare querelas.
229 584 792 619 Hic, cum Sol primo luſtraret lumine terras,
228 618 725 650 Et medio perſæpe die, cum Sirius arua
227 652 792 686 Vreret, & valido gemeret grauis area pulſu,
228 683 856 722 Vel feſſo Heſperium curru properaret in æquo;
226 717 797 752 Mollibus in ripis, muſcoſi fontis ad vndam,
227 751 780 785 Et viridis vacuâ ſalicis proiectus in vmbrâ,
227 783 753 815 Paſtores blandâ mulcere ſolebat auenâ,
226 817 737 852 Et rixâ abductos ad pacis dona vocare.
227 851 765 880 Huius ad inferias, & funus mœſtaſenile.
225 883 765 918 Alma Venus luxit, parui luxiſtis Amores.
225 916 767 954 Ipſe faces, arcus que ſuos, ac tela Cupido,
225 950 759 981 Et pharetram amiſſis abiecit flebilis alis.
214 985 760 1018 Te mœrens fleuit paſtor, te durus arator,
225 1016 868 1055 Te mœſtæ extinctum Dryades, triſteſque Nape,
227 1049 811 1087 Te fragiles coryli, atque ipſæ fleuer myricæ,
224 1083 820 1121 Non aliter quàm ſi iuuenem te fata tuliſſent.
224 1115 824 1155 Sed felix, Melibœe, vale, multosque per annot
217 1145 786 1186 Oſſa beata precor tutâ requieſcite in vrnâ.
214 1177 1009 1221 Ai. agua quidem. fateor Lycida eſttibi cauſſa dolendi.
883 1226 1009 1260 Si quan-
