1444 1389
358 1 528 26 BEMBI.
793 9 835 34 i
1 39 732 78 Squantum Euganeis, quantum Laurentibus aruis,
1 76 710 111 Præſidium abſtulerint Superi atque immitia fata,
1 110 689 146 Tecum agites. contrà memori ſi mente volutes,
1 143 841 182 Quàm blando ſemper diumque hominumq; fauors,
1 177 598 211 Omnia maturæ complerit munia vitæ:
1 210 671 246 Quæ tandem inuidia eſt, vmbras, & inania vota
1 245 593 277 Sifugiens, alios demum ſeceſſit in orbes?
1 277 574 311 Sitenet Elyſios campos, ſedeſq; beatas?
51 312 615 346 Atq; inter ſiluas & amœna vireta vagatur?
42 345 609 374 Hic, vbi cœleſtes concentus aëra mulcent,
44 379 604 411 Et mille argutodecurrunt murmure riui,
1 410 670 446 Fertq; roſas ineulta ſeges, fert vndique flores.
1 445 610 477 Non illic litui, non Martia claſſica poſſunt
1 478 680 512 ternam placidæ mentis turbare quietem.
1 512 690 544 Hina & luxuries, & habendi inſana cupido,
1 545 674 579 t metus omnis abeſt:at adeſt ſincera voluptas,
1 579 619 613 At ſecura quies, at fraudum neſcia corda.
24 612 640 642 Felix O Melibœe nouum decus addite diuis.
54 646 641 680 Sub pedibus nubes, atque ignea ſidera lætus
40 679 654 713 Miraris, ſpectans maria alta tumeſcere ventis;
40 713 678 747 Pendeat vtq; ingens æquo diſcrimine muus.
54 747 693 780 Tum nos, & tua rura ſimul, pater optime,cernis
42 780 588 815 lto noſtros cœlo miſerate labores,
53 814 608 847 Ante Dei ſolium magni non vana precaris.
53 847 675 881 Ergo tuos demens, Lycida, iam deſine queſtus,
54 881 694 915 Nec mœſtis comple fruſtra clamoribus auras:
34 914 629 948 Sed tumulus vernis niteat violisque roſisq;,
40 947 660 978 Et fluat in cineres nardus, nec deſit amomum
40 980 587 1013 Aſyrio ſtillet venerabilis vrna liquore
38 1013 702 1048 ternumq; madens, Panchæis mercibus halet.
46 1048 758 1083 Nos, quoniam tacitis properat nox atra quadrigis
39 1080 667 1115 Et Sol Heſperio iam mergit in æquore currus,
26 1114 645 1148 Securum paſtas pecudes in ouile voeruus.
671 1175 832 1210 N
843 1253 973 1284 mo.,
