1037 1328
462 4 755 28 INOBITVM
236 1 283 34 22
491 43 763 78 MENALCAS.
532 92 725 122 Argumentum.
277 125 1011 162 Hieronymum uirinum Iſmerii aapprmm obiiem,, emmuu
243 162 1012 194 Cardinli ita dilexit, vt eum moriens, & ſecunds heredibus ſeri-
237 196 1012 229 pſerit, d teſtamenti ſui executorem e voluerit. Hic funeri inter-
241 230 1011 263 fuiſſe fingitur; r quas in conſſu grauiiimorum hominum lacy-
242 263 1007 297 mas continuetat, eas peractis exequiis ſecedens, fundere ſub Thyrfidi
239 296 1007 329 perſonâ indu itu: vbi & quàm van ſint hominum ſpes, oſtenditur:
242 329 1011 363 & Bembus ſub Mna lcæ perſon, opiore atque cnate laudatur: ſi-
241 364 1007 395 mul & de ſtatuâ, quam idem Quirinus illi Patauii rigendam cura-
241 395 900 428 uit, & de monumentis, quææeetruttrrs eſt, mentio habetur,
452 443 804 466 MENALCAS.
239 481 875 515 Extinctum Thyrſis Etruſci ad Tibridis vndam,
240 515 878 550 Inſignem quondam numeris & voce Menalcam
241 549 894 581 Spectarat; gemitumque premens, mœrebat inani
239 581 811 616 Luctu, non aulus triſtes effundere queſtus,
239 614 855 648 Dum lux, & ſacræ prohibet reuerentia pompæ.
239 649 803 682 Mox vbi paulatim denſis adoperta tenebris
237 681 831 715 Acceſſit, mouitquo atros nox humida currus,
240 714 741 748 Triſtibus inferiis, & iuſtis rite peractis,
238 748 784 782 Iam pubes dilapſa vago pede diſceſſerunt:
236 782 850 816 Ille vnus nemorum procul in ſecreta recedens,
236 814 814 849 Adſtitit ad ſacri fontis caput, vdaque tollens
236 848 884 881 Lumina, & intendens geminas ad fidera palmas;
235 881 827 915 En ait, hic noſtros memorare impune dolores
235 914 900 949 Iam licet, & longos lacrymarum effundere riuos.
236 947 850 981 Tune igitur terris, tu nuper adempte Menalca,
234 980 849 1010 Mi ſine Sole diem, ſine Luna, & Lumine noctes
233 1014 885 1049 Liquiſti, & denſis cuncta heu loca plena tenebris?
236 1049 850 1075 Nec mihi iam blandos vultus, nec docta lieebit
232 1081 793 1115 Tempora mirari ſacris redimita corymbis?
233 1115 795 1148 Nec te audire olim ſol ſubrupe canentem
231 1147 944 1184 Carmina, queis tu etiam tigres, ſæuasque leænas,
235 1179 798 1221 etus eras mulcere noua dulcedine voeis.
950 1220 1007 1244 Non
106 1251 209 1283 I
