1326 1454
339 43 506 79 BEMBI.
797 51 835 76 33
66 87 704 122 Non ergo te poſthac per florea rura vagantem
65 122 653 155 Adſpiciam, vel cum nigris ſol ſurgit ab Indis,
50 156 664 190 Heſperias vel cum pronis deſcendere in vndas
65 190 740 222 Hortet equis, vel cum properans nox humida cœle
63 222 666 256 Præcipitat, molleſque inuitant ſidera ſomnos.
66 256 643 290 Nam quæ te ſæuo dauſerunt funera ſomno?
64 288 668 321 Triſtia nam quæ te fata abſumpſere, Menalca?
65 322 625 356 Cur non crudeles Diuos, crudelia mœſtus
65 355 705 389 Aſtra vocem, aſſiduos fundens e pectore queſtus:
57 389 634 422 Et complere parem triſti nemora auia fletu?
63 422 628 456 Ah dolor, ah moriens rupiſti gaudia noſtra:
63 456 624 487 Iam mihi ſola ſuper miſerandæ tædia vitæ:
62 489 647 523 Iam requies ablata omnis: tua funera triſtes,
63 523 615 555 Heu nobis, vrbique ſimul iiquere dolores,
63 556 688 590 Præſidiumque, decusq; tuis, tu magne Menalca
61 590 559 622 Solus eras, ſolus vitâ mihi caior ipsà.
63 623 672 656 Tu ſacros fundens latices, tuplena quotannis
62 656 660 691 Pocula bina Pali ſtatuens, armenta gregeſque.
62 691 548 723 Luſtrabas carus Diuis: pecuaria per te
62 722 692 757 Creuere, & nullo ſenſerunt tempore morbos,
62 757 589 790 Tu Muſis flores, & ſerta virentia Phœbo
62 790 650 824 Largitus, ſic & Muſis & Apolline ſemper
59 824 641 858 Plenus eras; vt qui certaiſet carmine tecum,
60 858 627 888 Idemlle ex omni certamine victus abiret,
38 892 643 926 Ergo te montes, & flumina nota, magiſtrum
59 926 734 959 Paſtorum optabant, Latios quicunque per agros,
59 959 611 993 Aëriaſque alpes, paſcunt & Celtica rura,
60 990 828 1026 Quiq; Iſtrumque, Aſbimq; bibunt, Rhenumq; bicorne,
60 1025 745 1058 Serta Pales, atque alma Themis tibi terna parabant:
56 1058 702 1092 Ipſe pedum iam tum tibi Pan Tegeæus eburnum
55 1092 642 1120 Fecerat, & medium fuluo diſtinxerat auro.
61 1125 540 1158 O me felicem ſi te ad faſtgia ſummi
56 1156 604 1191 Paſtoris, vidiſſe mihi mea fata dediſſent?
59 1189 674 1227 Cum tu iam felix, & iam Diis proximus ipſis
58 1225 674 1264 Adſtares, totuſque tuo gauderet honore
751 1257 895 1293 Orbis
