1063 1323
484 1 778 22 INOBITVM
264 5 310 30 34
267 39 869 76 Orbis, & auguftis ſupplex daret oſcula plantis:
264 74 788 109 Et tu paiferâ frontem redimitus oliuâ,
264 107 809 140 Diffundens almæ Pacis pia munera terris,
259 140 808 175 Solis ab occaſu, ſpectares ſolis ad ortum
265 174 835 209 Sub pedibus iam cuncta tuis vertiq; regiq;:
220 208 811 244 Aureaque antiquæ renouares ſæcula vitæ.
264 241 762 277 Vt dura aërio manarentrobora melle,
263 274 848 310 Nectareq; & niueo ſpumarent flumina lacte
208 309 774 344 Et feiret tellus fruges ſine vomeris vſu.
264 341 879 375 Sed ſpes, & mea vota, leues quandoirrita venti
262 375 825 409 Spargunt, & cœli per inania nubila iactant:
260 409 795 435 Tu ſaltem decus obſcuræ Latonia noctis,
260 443 778 476 Et vos quæ tacito labentia Sidera curſu,
261 476 843 511 ternum ſignis per ſæcula voluitis annum,
247 510 772 543 Aridaque aëriis renouatis roribus arua,
259 542 837 577 Dum querimur, caſus oro miſereſcite noſtri,
260 577 796 610 Lucidaq; obſcuris obducite nubibus ora.
246 609 861 644 Me miſerum, poſthac ſolus per luſtra vagabor,
259 644 802 678 Et notas vrbes, populos, lucemq; peroſus,
260 678 898 710 Semper mœſta tuâ relegam tibi carmina morte,
258 711 860 745 Et flebo caſumque tuum, & tua fata Menalca.
258 744 877 779 Quem grauis vndiſono ſuſpirans Hadria tractu.
252 777 953 813 Quem mecum obductâ turbatus fronte Metaum us,
252 812 968 846 Quem Tibris pater, atque Arnus, quem lucidus amnis
257 845 846 873 Mincius, & fractâ Meduacus arundine fleuit.
256 877 755 913 Fleuit & effractâ lugubris Serius vrnâ,
252 912 852 945 Cuius mille greges, armentaq; pinguia, paſtor
256 946 820 977 Mollibus è ſtabulis ad paſeua læta vocabat.
244 979 837 1045 :
257 1046 816 1079 Creuerunt lacrymis vndæ, cteuere fluenta,
256 1080 879 1113 Nec iam mœrentes ſolitus capit alueus amnes.
245 1114 814 1146 Quin arbuſta, prius cœlo tendentia ramos,
254 1147 879 1217 ææææ
982 1211 1035 1247 pſa
