1432 1376
320 6 589 52 BEMBI.
42 52 621 93 Ipſæ non ſiluæ frondes, non paſcua colles,
42 93 748 124 Non campi ſegetes tulerunt, non pampinus vuas,
41 125 654 161 Et flos deſtituit languentes aridus herbas:
42 159 566 195 Deſtituere ſui morientia prata colores:
42 193 675 228 Quæque prius dulci complebant omnia cantu
42 227 590 261 Demiſſis mœſtæ penis ſiluere volucres.
42 260 712 295 Verumetiam fama eſt, fractis fornacibus .tnam
52 293 686 329 Flammarum vomuiſſe globos, atrasque fauillas:
42 328 705 366 .tnam, quam fertur puer accoluiſſe Menalcas,
41 362 645 395 Dum cupidus Graiæ diſcit noua ſibila cannæ,
41 395 614 429 Atque Atnea ſuo permulcet carmine ſaxa.
53 429 639 462 Adde, quod in ſiluis niris ſimulacra figuris
42 461 573 495 Viſa, indefecti implerunt ſaxa querelis.
42 495 701 529 Sed quid ego ftuſtra?aut quæ me dementia cepiti
42 529 686 564 Qn potius, mea quando nihil ſuſpiria proſunt,
51 562 693 596 Nec tuctu aut lacrymis reuocantur fata profuſis:
51 596 627 632 Qod poſſum, ne ſola tuos teſtetur honores
55 631 760 664 Roma potens, laudum ponam monumenta tuarum,
51 663 680 698 Quà grauis Antenor miſeræ poſt funera Troiæ,
47 697 594 731 Manſuras Teucris ſedes, vrbemq; locauit,
50 731 636 766 Et Venetm genti fauſtâ dedit alite nomen.
40 764 583 799 Hic ego bina tibi niueo fulgentia ſaxo
46 799 665 831 Conſtituam gratus ſolenni altaria ritu; &
43 832 615 865 Annua præbebo feſtis ſpectacula ludis.
42 865 626 898 Hic manus artificum te pulcro docta colore
40 900 649 932 Exprimer, ac Pario viuum de marmore ducet
39 932 564 966 Et notos fuluo vultus imitabitur ære.
38 962 658 1000 Hic, quicunque tuas aut verſu, aut voce ſolutâ,
35 999 618 1033 Dixerit egregie laudes, ſua præmia victor
33 1033 573 1066 Accipiet, lætusq; virûm volitare per ora
38 1065 627 1099 Gaudebit: gaude æternum victure Menalea.
34 1099 662 1133 Hic, hominum ex animis nullo deleberis æuo:
30 1133 562 1166 At quàſe magni pandit tibi regia cœli,
22 1166 556 1201 Paſtores inter Diuos lætabere: & illinc
22 1198 649 1243 De ſpiciens, caſus olim miſerabere noſtros
750 1232 829 1255 Aur-
