<PcGts xmlns="http://schema.primaresearch.org/PAGE/gts/pagecontent/2017-07-15" xmlns:xsi="http://www.w3.org/2001/XMLSchema-instance" xsi:schemaLocation="http://schema.primaresearch.org/PAGE/gts/pagecontent/2017-07-15 http://schema.primaresearch.org/PAGE/gts/pagecontent/2017-07-15/pagecontent.xsd"><Metadata><Creator>User123</Creator><Created>2020-04-25T21:20:19</Created><LastChange>2020-04-25T21:20:19</LastChange></Metadata><Page imageFilename="0413.png" imageHeight="1376" imageWidth="1432"><TextRegion id="r0" type="paragraph"><Coords points="1,1 1430,1 1430,1374 1,1374"/><TextLine id="r0_l001"><Coords points="320,6 320,52 589,52 589,6"/><TextEquiv index="1"><Unicode>BEMBI.</Unicode></TextEquiv></TextLine><TextLine id="r0_l002"><Coords points="797,20 797,44 837,44 837,20"/><TextEquiv index="1"><Unicode>385</Unicode></TextEquiv></TextLine><TextLine id="r0_l003"><Coords points="621,53 492,54 358,52 205,52 102,54 38,52 35,54 34,57 33,68 27,73 18,75 1,75 2,93 144,93 231,91 621,93"/><TextEquiv index="1"><Unicode>Ipſæ non ſiluæ frondes, non paſcua colles,</Unicode></TextEquiv></TextLine><TextLine id="r0_l004"><Coords points="748,93 682,93 676,95 523,93 1,93 1,124 748,124"/><TextEquiv index="1"><Unicode>Non campi ſegetes tulerunt, non pampinus vuas,</Unicode></TextEquiv></TextLine><TextLine id="r0_l005"><Coords points="654,128 467,126 1,126 1,158 73,158 108,160 472,159 654,161"/><TextEquiv index="1"><Unicode>Et flos deſtituit languentes aridus herbas:</Unicode></TextEquiv></TextLine><TextLine id="r0_l006"><Coords points="223,194 269,192 566,193 566,161 114,160 108,161 73,159 1,159 1,194 47,193 130,195"/><TextEquiv index="1"><Unicode>Deſtituere ſui morientia prata colores:</Unicode></TextEquiv></TextLine><TextLine id="r0_l007"><Coords points="675,193 269,193 223,195 130,196 47,194 1,195 1,225 29,228 176,228 264,226 675,228"/><TextEquiv index="1"><Unicode>Quæque prius dulci complebant omnia cantu</Unicode></TextEquiv></TextLine><TextLine id="r0_l008"><Coords points="340,259 590,260 590,228 264,227 49,230 1,226 1,260 287,261"/><TextEquiv index="1"><Unicode>Demiſſis mœſtæ penis ſiluere volucres.</Unicode></TextEquiv></TextLine><TextLine id="r0_l009"><Coords points="712,294 712,260 340,260 287,262 2,261 2,290 11,291 66,292 99,295 545,295"/><TextEquiv index="1"><Unicode>Verumetiam fama eſt, fractis fornacibus .tnam</Unicode></TextEquiv></TextLine><TextLine id="r0_l010"><Coords points="516,327 686,327 686,295 99,296 52,293 52,328 186,329 231,327 305,327 396,329"/><TextEquiv index="1"><Unicode>Flammarum vomuiſſe globos, atrasque fauillas:</Unicode></TextEquiv></TextLine><TextLine id="r0_l011"><Coords points="21,367 25,363 30,361 629,361 666,362 682,365 705,366 705,329 516,328 380,330 231,328 186,330 19,329 1,330 1,368 10,368"/><TextEquiv index="1"><Unicode>.tnam, quam fertur puer accoluiſſe Menalcas,</Unicode></TextEquiv></TextLine><TextLine id="r0_l012"><Coords points="645,363 629,362 30,362 25,364 21,368 1,369 1,395 645,395"/><TextEquiv index="1"><Unicode>Dum cupidus Graiæ diſcit noua ſibila cannæ,</Unicode></TextEquiv></TextLine><TextLine id="r0_l013"><Coords points="614,396 237,395 1,398 1,429 614,429"/><TextEquiv index="1"><Unicode>Atque Atnea ſuo permulcet carmine ſaxa.</Unicode></TextEquiv></TextLine><TextLine id="r0_l014"><Coords points="689,459 689,433 686,429 214,429 165,431 100,430 53,431 53,461 686,463"/><TextEquiv index="1"><Unicode>Adde, quod in ſiluis niris ſimulacra figuris</Unicode></TextEquiv></TextLine><TextLine id="r0_l015"><Coords points="573,463 451,464 323,462 94,463 17,461 12,462 12,491 58,494 573,495"/><TextEquiv index="1"><Unicode>Viſa, indefecti implerunt ſaxa querelis.</Unicode></TextEquiv></TextLine><TextLine id="r0_l016"><Coords points="701,528 701,495 502,497 366,497 263,495 206,497 123,497 94,495 1,495 1,521 7,521 15,526 41,528 606,529"/><TextEquiv index="1"><Unicode>Sed quid ego ftuſtra?aut quæ me dementia cepiti</Unicode></TextEquiv></TextLine><TextLine id="r0_l017"><Coords points="139,562 686,562 686,529 423,531 268,530 157,531 41,529 15,527 7,522 1,522 1,561 4,562 28,564 137,564"/><TextEquiv index="1"><Unicode>Qn potius, mea quando nihil ſuſpiria proſunt,</Unicode></TextEquiv></TextLine><TextLine id="r0_l018"><Coords points="947,533 947,568 990,568 990,533"/><TextEquiv index="1"><Unicode></Unicode></TextEquiv></TextLine><TextLine id="r0_l019"><Coords points="693,563 678,562 464,564 139,563 135,567 129,569 51,568 51,595 693,596"/><TextEquiv index="1"><Unicode>Nec tuctu aut lacrymis reuocantur fata profuſis:</Unicode></TextEquiv></TextLine><TextLine id="r0_l020"><Coords points="98,630 513,630 627,628 627,596 51,596 51,632 96,632"/><TextEquiv index="1"><Unicode>Qod poſſum, ne ſola tuos teſtetur honores</Unicode></TextEquiv></TextLine><TextLine id="r0_l021"><Coords points="787,631 98,631 91,636 55,636 55,663 543,664 569,662 715,662 721,664 787,664"/><TextEquiv index="1"><Unicode>Roma potens, laudum ponam monumenta tuarum,</Unicode></TextEquiv></TextLine><TextLine id="r0_l022"><Coords points="911,643 911,702 992,702 992,643"/><TextEquiv index="1"><Unicode>I</Unicode></TextEquiv></TextLine><TextLine id="r0_l023"><Coords points="680,663 569,663 543,665 135,664 122,665 51,663 51,698 72,698 74,696 680,698"/><TextEquiv index="1"><Unicode>Quà grauis Antenor miſeræ poſt funera Troiæ,</Unicode></TextEquiv></TextLine><TextLine id="r0_l024"><Coords points="594,699 74,697 68,701 47,701 47,730 594,731"/><TextEquiv index="1"><Unicode>Manſuras Teucris ſedes, vrbemq; locauit,</Unicode></TextEquiv></TextLine><TextLine id="r0_l025"><Coords points="636,733 476,733 345,731 50,731 50,763 243,765 636,766"/><TextEquiv index="1"><Unicode>Et Venetm genti fauſtâ dedit alite nomen.</Unicode></TextEquiv></TextLine><TextLine id="r0_l026"><Coords points="583,798 583,767 40,764 40,796 47,797 261,799 562,799"/><TextEquiv index="1"><Unicode>Hic ego bina tibi niueo fulgentia ſaxo</Unicode></TextEquiv></TextLine><TextLine id="r0_l027"><Coords points="665,799 46,799 46,831 665,831"/><TextEquiv index="1"><Unicode>Conſtituam gratus ſolenni altaria ritu; &amp;</Unicode></TextEquiv></TextLine><TextLine id="r0_l028"><Coords points="908,801 908,841 985,841 985,801"/><TextEquiv index="1"><Unicode>I</Unicode></TextEquiv></TextLine><TextLine id="r0_l029"><Coords points="610,864 615,861 615,838 610,835 600,834 435,832 43,833 43,864 604,865"/><TextEquiv index="1"><Unicode>Annua præbebo feſtis ſpectacula ludis.</Unicode></TextEquiv></TextLine><TextLine id="r0_l030"><Coords points="918,852 918,885 985,885 985,852"/><TextEquiv index="1"><Unicode>I</Unicode></TextEquiv></TextLine><TextLine id="r0_l031"><Coords points="626,865 536,867 267,867 42,865 42,898 626,898"/><TextEquiv index="1"><Unicode>Hic manus artificum te pulcro docta colore</Unicode></TextEquiv></TextLine><TextLine id="r0_l032"><Coords points="920,885 920,918 966,918 966,885"/><TextEquiv index="1"><Unicode></Unicode></TextEquiv></TextLine><TextLine id="r0_l033"><Coords points="649,900 40,900 40,931 45,932 649,932"/><TextEquiv index="1"><Unicode>Exprimer, ac Pario viuum de marmore ducet</Unicode></TextEquiv></TextLine><TextLine id="r0_l034"><Coords points="564,965 564,933 219,934 39,932 39,965 552,966"/><TextEquiv index="1"><Unicode>Et notos fuluo vultus imitabitur ære.</Unicode></TextEquiv></TextLine><TextLine id="r0_l035"><Coords points="920,941 920,979 987,979 987,941"/><TextEquiv index="1"><Unicode>I</Unicode></TextEquiv></TextLine><TextLine id="r0_l036"><Coords points="540,998 658,999 658,962 592,962 586,965 552,967 321,968 38,966 38,998 465,1000"/><TextEquiv index="1"><Unicode>Hic, quicunque tuas aut verſu, aut voce ſolutâ,</Unicode></TextEquiv></TextLine><TextLine id="r0_l037"><Coords points="618,1032 618,999 540,999 465,1001 35,999 35,1033 474,1033"/><TextEquiv index="1"><Unicode>Dixerit egregie laudes, ſua præmia victor</Unicode></TextEquiv></TextLine><TextLine id="r0_l038"><Coords points="573,1064 573,1033 253,1035 80,1033 33,1035 33,1066 458,1066"/><TextEquiv index="1"><Unicode>Accipiet, lætusq; virûm volitare per ora</Unicode></TextEquiv></TextLine><TextLine id="r0_l039"><Coords points="627,1098 627,1065 521,1065 458,1067 38,1067 38,1099 478,1099"/><TextEquiv index="1"><Unicode>Gaudebit: gaude æternum victure Menalea.</Unicode></TextEquiv></TextLine><TextLine id="r0_l040"><Coords points="662,1099 479,1099 433,1101 66,1099 34,1100 34,1133 662,1133"/><TextEquiv index="1"><Unicode>Hic, hominum ex animis nullo deleberis æuo:</Unicode></TextEquiv></TextLine><TextLine id="r0_l041"><Coords points="562,1133 30,1134 30,1166 562,1166"/><TextEquiv index="1"><Unicode>At quàſe magni pandit tibi regia cœli,</Unicode></TextEquiv></TextLine><TextLine id="r0_l042"><Coords points="1007,1151 949,1151 944,1154 940,1160 940,1183 942,1184 952,1188 1007,1189"/><TextEquiv index="1"><Unicode></Unicode></TextEquiv></TextLine><TextLine id="r0_l043"><Coords points="121,1199 387,1200 556,1198 556,1167 70,1166 22,1167 22,1201 40,1201"/><TextEquiv index="1"><Unicode>Paſtores inter Diuos lætabere: &amp; illinc</Unicode></TextEquiv></TextLine><TextLine id="r0_l044"><Coords points="1008,1190 952,1189 941,1184 938,1184 934,1190 934,1203 938,1207 950,1213 1008,1214"/><TextEquiv index="1"><Unicode></Unicode></TextEquiv></TextLine><TextLine id="r0_l045"><Coords points="127,1239 502,1239 511,1232 524,1231 649,1231 649,1198 387,1201 124,1200 41,1201 36,1203 32,1207 23,1207 22,1243 56,1243"/><TextEquiv index="1"><Unicode>De ſpiciens, caſus olim miſerabere noſtros</Unicode></TextEquiv></TextLine><TextLine id="r0_l046"><Coords points="1011,1215 950,1214 938,1208 935,1205 935,1252 1011,1253"/><TextEquiv index="1"><Unicode></Unicode></TextEquiv></TextLine><TextLine id="r0_l047"><Coords points="750,1232 750,1255 829,1255 829,1232"/><TextEquiv index="1"><Unicode>Aur-</Unicode></TextEquiv></TextLine><TextLine id="r0_l048"><Coords points="564,1232 564,1270 616,1270 616,1232"/><TextEquiv index="1"><Unicode>I</Unicode></TextEquiv></TextLine><TextLine id="r0_l049"><Coords points="986,1253 924,1253 924,1279 986,1279"/><TextEquiv index="1"><Unicode></Unicode></TextEquiv></TextLine><TextLine id="r0_l050"><Coords points="816,1260 816,1307 923,1307 923,1260"/><TextEquiv index="1"><Unicode></Unicode></TextEquiv></TextLine><TextLine id="r0_l051"><Coords points="174,1262 174,1288 231,1288 231,1262"/><TextEquiv index="1"><Unicode></Unicode></TextEquiv></TextLine><TextLine id="r0_l052"><Coords points="1117,1295 1117,1343 1430,1343 1430,1295"/><TextEquiv index="1"><Unicode></Unicode></TextEquiv></TextLine></TextRegion></Page></PcGts>