1062 1334
468 12 794 51 INOBITVM
286 51 877 93 Auerteſque metus omnes in vota vocatus.
531 105 725 129 IOLA.
273 143 960 180 Huius Eclogæ idem quod ſuperiorum eſt argumutm, ni
425 179 845 214 quod ildic paſcatores intro-
582 214 750 243 duc untur.
513 252 753 288 Mopſus & Dorylas.
222 292 818 328 Iam rapldi mediumcœli Sol igneus orbem
246 326 835 360 Tranfierat, pronoq; vrebat lumine pontum:
245 360 825 394 Mopſus arenoſo cum cedens littore mœſtus
248 393 898 427 Piſcator, nullamque trahens ad littora prædam.
246 427 920 461 Deſpondere animum c œpit, cymbamque reliquit:
248 460 858 492 Humidaque expandens per duras retia cautes,
230 493 793 526 Dum ſiccat ciſtasq; leues, nodoſaque lina
247 527 849 557 Sol ardens, vacuum itatus diuertit in antrum,
246 560 769 595 Ingratos cupiens requie lenire labores.
248 592 887 628 Quo poſtquàm ventum;rupes reſonare quereas
246 627 763 656 Miratus, videt incuruo de littore triſtes
245 661 875 694 Fundentem queſtus Dorylam, quo doctior alter
246 695 841 729 Non fuit, occulto deprendere gurgite piſces,
245 729 880 761 Et fundam iacere, & ponto trahere humida lina.
246 762 952 796 Accedensque inquit: Doryla, quem triſtis ademptum
244 796 884 829 ic gemis, vt flenti reſonent tibi littora & antra?
246 829 943 863 DOR. Ne luctus, ne rumpe meosreſpondit& ehen,
244 863 924 896 Tu quoque communem mecum turbatus amicum
244 895 834 928 Flere para, & noſtri miſerum morientis Iolæ
245 930 835 962 Interitum; vitreis quem defleuere ſub vndis
241 963 814 996 Nereides;fleuit vicina per æquora delphin.
244 997 821 1028 Aſſuetos de more choros duxiſſe per vndus
246 1030 796 1063 Non viſus, triſtiq; horret ceu tabe pereſus.
242 1063 874 1097 En paſſim Halcyones mœſtæ, per ſaxa,per antra
243 1097 873 1130 Ttiſtia, flebilibus complent maria alta querelis.
244 1130 960 1165 Qare agedum mœſtos mecum Mopſe incipe cantus,
244 1165 884 1198 Inipe,quandoquidem lenes caua lit tora luctus
243 1196 797 1238 Tulſant & ſæui poſueuut murura venti.
932 1236 1031 1261 MO.
