1338 1441
367 49 563 87 BEMBI.
70 92 738 128 MOP Quis mihi te rapuit, quis te dulciſſime Iola
73 128 622 160 Noſtræ olim requies, olim ſpes vnica vitæ.
73 160 739 194 Nunc lacrymæ, æternusque mihi dolor & lamenta:
69 194 708 228 Nec te præſidium, ac noſtæ ſpes magna iuuentæ
68 227 653 261 Adſpicere, & ſacræ licuit ferre oſcula dextræ
68 261 697 295 Vltima, & occluſiſſe oculos in morte natantes.
69 294 635 327 Nec tibi ego inferias duxi, nec iuſta pregi.
69 327 775 363 Quid primum querar?aut quo triſtia pectora vertam?
67 362 697 390 Proh dolor, ah comitem tibi mene immitis Iola
64 395 677 428 Spreuiſti moriens? ambos eadem hora tuliſſet,
68 428 608 454 Et dolor infernas idem miſiſſet ad vndas.
57 462 637 495 Nereides nſtras, oroingeminate querelas.
67 495 723 534 Quid iuuat vmbroſis vitam producere in antris
65 529 723 563 quoris vndiſon, quæ rauca ſubederit vnda,
65 561 599 595 Si mihi delitiæ ſint & ſolatia adempta?
62 595 600 629 Littoribus quin & ſcopulis & luce relicta
61 629 702 662 Malle meam æquoreis vitam deperdere in vndis
63 663 720 694 Certum eſt, vt monſtris fiam noua præda marinis.
60 696 632 730 Nereides noſtras, oro, ingeminate quetelas,
61 729 646 765 Tu vitrei, Proteu, paftor gregis, incola ponti,
60 764 597 796 Et tu qui magno moderaris ſæua tridenti
61 797 717 831 quora, nunc queſtus, oro, ingeminate recentes.
57 831 678 856 Ille etenim ante alios veſtri reuerentior omnes
61 864 582 898 Qui fuit, & largos aris indicere honores
59 898 662 931 Suetus erat, nunc exigua eſt tumulatus arenâ.
57 931 684 966 Nereides noſtras, oro, ingeminate querelas.
55 965 621 993 Tu verO ante tuas ades, o Galatea, ſorores,
54 998 545 1032 Et mecum defle caſum infelicis Iolæ.
52 1031 697 1065 Occidit heu procul à patriâ, notisq; propinquis,
40 1065 582 1095 Ille tibi ante omnes olim dilectus Iolas,
50 1098 618 1132 Qui nondum primæ veſtitus flore iuuentæ,
52 1132 580 1165 Sicanias rupes, præruptaq; ſaxa Pelori
53 1165 591 1195 Te mirante nouo cantu complebat: at illi
50 1197 683 1228 Mamertina modis reſonabant littora miris.
47 1231 715 1270 Non vt amans olim Siculas Polyphemus ad vndas
719 1267 833 1293 Dum
