1342 1434
355 44 545 80 BEMBI.
58 85 710 123 Sol, & adhuc ſero non ſurgit veſper Olympo
56 121 666 155 Mopſe tuos itera cantus, Mopſe incipe rurſus:
55 155 664 188 Et ſcopuli queſtus iterent, & ſaxa querelas:
58 189 652 222 Vt vernas inter frondes cum Daulias olim
46 220 696 255 Deflet mater Itym, roſonant arbuſta, nemusq;,
58 255 637 289 Suauior & ſemper repetito carmine vox eſt:
54 290 711 326 Sic tibi, ſeu tremula moderabere arundine linum,
60 324 645 356 Siue per immenſum deduces retia pontum,
55 357 658 389 Sit mare compoſitum: vitreâ ſit piſcis in vndâ
55 391 689 423 Plurimus, & curuos imprudens appetat hamos:
58 424 628 458 Sic tibi ſufficiat ſqualentes Hadria conchas:
58 458 690 491 Sic iuuet has, æquor qui cuſpide temperat, artes.
50 490 711 525 MOP. Ne noſtros Doryla cogas renouare dolores:
56 525 638 557 Neve iterum triſtes effundere pectore voces:
57 558 748 592 Dum refero, creſcit Dolor, & noua cura recurſat,
55 592 642 625 Nec potis eſt ſuperas triſtis vox ire ſub auras,
55 626 706 660 Quin potius noſtros quoniam lenire dolores
57 658 731 692 Carmina nulla queunt,pariter ſurgamus; & ante
55 693 640 726 Quàm veſper ſeros oſtendat noctifer ignes,
55 726 588 760 Naſſasq; & tectos eſcis fallacibus hamos
54 760 618 792 Tendamus pariter, toto dum lmina cœlo
52 793 647 833 Paulatim effundit ſtellis circundata Phœbe.
52 827 536 862 Forſitan ingrati diſpendia longa diei
55 861 671 900 Sarciet optatæ referens nox commoda prædæ.
190 898 657 936 DEOIMM. S.
110 927 733 972 Et virtuti, ac memoriæ Petri Bembi patritii
334 971 559 996 VenetiS.R. E.
92 994 851 1037 Card Cuius ingenii, literarum, eloquentiæ gloria in ſuo ſetulo Pia-
54 1038 835 1072 ceps, d antiquorum laudibus par: Gratia autem in amplisimo ordi-
52 1071 850 1104 ne, in moribs probitas, humanitas, liberalitas, ſupra communem m-
42 1105 834 1138 dum ſemper eiſtimata ſunt. Quod de eius vita hominum iudicium,
32 1137 834 1173 beata mors ſanctiſsime ab eo & pacatiſsimè obita, diuino quque con-
46 1172 329 1206 firmauit teſtmonio.
276 1196 595 1238 vixit Ann. LXxV.
55 1238 646 1279 OTuſcæ, & Latiæ Muſæ decus, optime vates,
745 1273 837 1306 Et e-
