<PcGts xmlns="http://schema.primaresearch.org/PAGE/gts/pagecontent/2017-07-15" xmlns:xsi="http://www.w3.org/2001/XMLSchema-instance" xsi:schemaLocation="http://schema.primaresearch.org/PAGE/gts/pagecontent/2017-07-15 http://schema.primaresearch.org/PAGE/gts/pagecontent/2017-07-15/pagecontent.xsd"><Metadata><Creator>User123</Creator><Created>2020-04-25T21:20:20</Created><LastChange>2020-04-25T21:20:20</LastChange></Metadata><Page imageFilename="0418.png" imageHeight="1324" imageWidth="1070"><TextRegion id="r0" type="paragraph"><Coords points="1,1 1068,1 1068,1322 1,1322"/><TextLine id="r0_l001"><Coords points="484,22 484,67 784,67 784,22"/><TextEquiv index="1"><Unicode>IN OBITVM</Unicode></TextEquiv></TextLine><TextLine id="r0_l002"><Coords points="240,38 240,62 284,62 284,38"/><TextEquiv index="1"><Unicode>390</Unicode></TextEquiv></TextLine><TextLine id="r0_l003"><Coords points="751,72 278,72 278,106 751,106"/><TextEquiv index="1"><Unicode>Et Venetæ ſcriptor nobilis hiſtoriæ.</Unicode></TextEquiv></TextLine><TextLine id="r0_l004"><Coords points="850,139 850,106 494,109 353,108 307,109 226,106 226,140 786,140"/><TextEquiv index="1"><Unicode>Flens tibi purpureos flores, ſpargitq; recentem</Unicode></TextEquiv></TextLine><TextLine id="r0_l005"><Coords points="853,172 853,142 279,142 279,173 841,173"/><TextEquiv index="1"><Unicode>Adriacum pelagus, Tibris, &amp; Arnus, aquam.</Unicode></TextEquiv></TextLine><TextLine id="r0_l006"><Coords points="1002,173 498,176 412,175 347,176 245,173 245,207 1002,207"/><TextEquiv index="1"><Unicode>Et Nymphæ inſcribunt tumulo hoc miſerabile catmen:</Unicode></TextEquiv></TextLine><TextLine id="r0_l007"><Coords points="251,209 251,249 821,249 821,209"/><TextEquiv index="1"><Unicode>Mors rapuit Bembum delitias hominum.</Unicode></TextEquiv></TextLine><TextLine id="r0_l008"><Coords points="246,274 246,304 773,304 773,274"/><TextEquiv index="1"><Unicode>Extincto Bembo Permeſſi exaruit vnda;</Unicode></TextEquiv></TextLine><TextLine id="r0_l009"><Coords points="282,310 282,350 726,350 726,310"/><TextEquiv index="1"><Unicode>Et creuere amnes Italiæ lacrymis.</Unicode></TextEquiv></TextLine><TextLine id="r0_l010"><Coords points="242,368 242,409 899,409 899,368"/><TextEquiv index="1"><Unicode>Morte tua eſt auctus lacrymis &amp; Tibris, &amp; Arnus,</Unicode></TextEquiv></TextLine><TextLine id="r0_l011"><Coords points="253,410 253,441 763,441 763,410"/><TextEquiv index="1"><Unicode>Bembe, at Caſtaliis aruit vnda vadis.</Unicode></TextEquiv></TextLine><TextLine id="r0_l012"><Coords points="246,476 246,506 909,506 909,476"/><TextEquiv index="1"><Unicode>Bembus, mente Deûm, tumulatus in æde Mineruæ</Unicode></TextEquiv></TextLine><TextLine id="r0_l013"><Coords points="268,511 268,544 809,544 809,511"/><TextEquiv index="1"><Unicode>Doctiloquæ, natus Pieridum in gremio.</Unicode></TextEquiv></TextLine><TextLine id="r0_l014"><Coords points="767,575 248,575 248,610 323,609 352,611 492,612 767,612"/><TextEquiv index="1"><Unicode>Aruit extincto laurus Parnaſſia Bembo,</Unicode></TextEquiv></TextLine><TextLine id="r0_l015"><Coords points="802,614 798,613 537,612 492,613 352,612 323,610 286,610 286,642 300,643 802,644"/><TextEquiv index="1"><Unicode>Caſtalia &amp; ſubito mœſta negauit aquas.</Unicode></TextEquiv></TextLine><TextLine id="r0_l016"><Coords points="816,645 665,647 352,646 317,645 283,642 244,642 232,641 225,638 222,635 190,635 190,648 195,658 195,673 816,673"/><TextEquiv index="1"><Unicode>Ex Helicone ſimul vox hæc audita; ſorores</Unicode></TextEquiv></TextLine><TextLine id="r0_l017"><Coords points="134,643 134,707 179,707 179,643"/><TextEquiv index="1"><Unicode></Unicode></TextEquiv></TextLine><TextLine id="r0_l018"><Coords points="285,678 285,705 830,705 830,678"/><TextEquiv index="1"><Unicode>Vnà, heu, cum Bembo conticuere nouem.</Unicode></TextEquiv></TextLine><TextLine id="r0_l019"><Coords points="826,779 826,742 251,742 251,774 304,775 320,777 493,780 669,780"/><TextEquiv index="1"><Unicode>Delitiæ Bembus Muſarum ad ſidera cantus</Unicode></TextEquiv></TextLine><TextLine id="r0_l020"><Coords points="800,780 493,781 431,779 285,779 285,810 355,812 499,813 800,813"/><TextEquiv index="1"><Unicode>Traxit Apollineos, Auſoniamq; lyram.</Unicode></TextEquiv></TextLine><TextLine id="r0_l021"><Coords points="836,813 499,814 252,811 252,843 321,845 836,845"/><TextEquiv index="1"><Unicode>Carmine ſat gemino mortales imbuit aures,</Unicode></TextEquiv></TextLine><TextLine id="r0_l022"><Coords points="285,847 285,873 759,873 759,847"/><TextEquiv index="1"><Unicode>Nunc immortales conciliare iuuat.</Unicode></TextEquiv></TextLine><TextLine id="r0_l023"><Coords points="826,912 248,912 248,944 340,945 378,947 509,946 548,948 826,948"/><TextEquiv index="1"><Unicode>Hadriaci Regina maris, decus addita ponto,</Unicode></TextEquiv></TextLine><TextLine id="r0_l024"><Coords points="733,948 548,949 509,947 378,948 340,946 283,946 283,979 732,981"/><TextEquiv index="1"><Unicode>Cuius maieſtas Italâ regnat aquis,</Unicode></TextEquiv></TextLine><TextLine id="r0_l025"><Coords points="925,981 250,981 250,1013 925,1013"/><TextEquiv index="1"><Unicode>Ne raptum doleas Bembum, ſed in aſtra receptum</Unicode></TextEquiv></TextLine><TextLine id="r0_l026"><Coords points="751,1016 748,1015 658,1014 644,1016 514,1015 489,1016 413,1014 317,1014 285,1015 285,1045 296,1046 751,1047"/><TextEquiv index="1"><Unicode>Ac ſimilem gaude te genuiſſe Deis.</Unicode></TextEquiv></TextLine><TextLine id="r0_l027"><Coords points="874,1047 581,1050 249,1047 249,1079 874,1080"/><TextEquiv index="1"><Unicode>Threicium ad Superos vatem rediiſſe putarunt</Unicode></TextEquiv></TextLine><TextLine id="r0_l028"><Coords points="855,1114 855,1083 748,1082 719,1083 628,1081 284,1081 284,1113 460,1115 751,1115"/><TextEquiv index="1"><Unicode>Rex illum Eridanus, Tibris, &amp; Arnus hians,</Unicode></TextEquiv></TextLine><TextLine id="r0_l029"><Coords points="835,1115 460,1116 192,1113 192,1145 835,1145"/><TextEquiv index="1"><Unicode>Et curſus tenuere ſuos, dum mira canentem</Unicode></TextEquiv></TextLine><TextLine id="r0_l030"><Coords points="870,1149 628,1150 243,1146 243,1177 368,1180 870,1180"/><TextEquiv index="1"><Unicode>Suſpiciunt, &amp; amant, &amp; monumenta legunt.</Unicode></TextEquiv></TextLine><TextLine id="r0_l031"><Coords points="870,1183 462,1183 249,1178 249,1210 311,1210 430,1215 666,1216 719,1214 831,1214 836,1216 870,1216"/><TextEquiv index="1"><Unicode>Addidit inde ſacro columen pia Roma Senatu:</Unicode></TextEquiv></TextLine><TextLine id="r0_l032"><Coords points="779,1215 719,1215 666,1217 430,1216 283,1211 283,1249 779,1249"/><TextEquiv index="1"><Unicode>Eabula qua tantis plauſibus acta fuit?</Unicode></TextEquiv></TextLine><TextLine id="r0_l033"><Coords points="3,1222 3,1247 68,1247 68,1222"/><TextEquiv index="1"><Unicode></Unicode></TextEquiv></TextLine><TextLine id="r0_l034"><Coords points="942,1247 942,1275 1037,1275 1037,1247"/><TextEquiv index="1"><Unicode>Benbe</Unicode></TextEquiv></TextLine><TextLine id="r0_l035"><Coords points="267,1285 267,1262 262,1260 220,1259 203,1257 158,1257 150,1265 150,1269 162,1281 178,1282 184,1284 189,1289 259,1289"/><TextEquiv index="1"><Unicode></Unicode></TextEquiv></TextLine><TextLine id="r0_l036"><Coords points="297,1285 268,1285 263,1289 256,1290 256,1313 297,1313"/><TextEquiv index="1"><Unicode></Unicode></TextEquiv></TextLine><TextLine id="r0_l037"><Coords points="39,1269 39,1322 148,1322 148,1269"/><TextEquiv index="1"><Unicode></Unicode></TextEquiv></TextLine></TextRegion></Page></PcGts>