1070 1324
484 22 784 67 IN OBITVM
278 72 751 106 Et Venetæ ſcriptor nobilis hiſtoriæ.
226 106 850 140 Flens tibi purpureos flores, ſpargitq; recentem
279 142 853 173 Adriacum pelagus, Tibris, & Arnus, aquam.
245 173 1002 207 Et Nymphæ inſcribunt tumulo hoc miſerabile catmen:
251 209 821 249 Mors rapuit Bembum delitias hominum.
246 274 773 304 Extincto Bembo Permeſſi exaruit vnda;
282 310 726 350 Et creuere amnes Italiæ lacrymis.
242 368 899 409 Morte tua eſt auctus lacrymis & Tibris, & Arnus,
253 410 763 441 Bembe, at Caſtaliis aruit vnda vadis.
246 476 909 506 Bembus, mente Deûm, tumulatus in æde Mineruæ
268 511 809 544 Doctiloquæ, natus Pieridum in gremio.
248 575 767 612 Aruit extincto laurus Parnaſſia Bembo,
286 610 802 644 Caſtalia & ſubito mœſta negauit aquas.
230 640 816 673 Ex Helicone ſimul vox hæc audita; ſorores
285 678 830 705 Vnà, heu, cum Bembo conticuere nouem.
251 742 826 780 Delitiæ Bembus Muſarum ad ſidera cantus
285 779 800 813 Traxit Apollineos, Auſoniamq; lyram.
252 811 836 845 Carmine ſat gemino mortales imbuit aures,
285 847 759 873 Nunc immortales conciliare iuuat.
248 912 826 948 Hadriaci Regina maris, decus addita ponto,
283 946 733 981 Cuius maieſtas Italâ regnat aquis,
250 981 925 1013 Ne raptum doleas Bembum, ſed in aſtra receptum
285 1014 751 1047 Ac ſimilem gaude te genuiſſe Deis.
249 1047 874 1080 Threicium ad Superos vatem rediiſſe putarunt
284 1081 855 1115 Rex illum Eridanus, Tibris, & Arnus hians,
215 1113 835 1145 Et curſus tenuere ſuos, dum mira canentem
243 1146 870 1180 Suſpiciunt, & amant, & monumenta legunt.
249 1178 870 1216 Addidit inde ſacro columen pia Roma Senatu:
283 1211 779 1249 Eabula qua tantis plauſibus acta fuit?
942 1247 1037 1275 Benbe
