983 1342
382 40 675 66 INOBIVM
134 51 208 72 394
162 85 826 119 Cum Charitum optarent crudeles funera Pareæ,
197 119 773 152 Et Stygis ambigerent, quæ prior iret aquas,
162 153 813 186 Pro tribus Elyſias deſcendis Bembe ſub vmbras,
199 186 728 219 Conſequiturq; tuos magna ruina rogos.
163 218 798 252 Nam tecum Etruſcæ decor & præſtantia linguæ,
196 252 653 287 Et tecum Latiæ gratia priſca iacet.
164 319 706 354 Quid verb iniuſtis vrgemus fata querelis?
145 354 668 386 Pergimus & manes ſollicitare pios?
166 384 819 420 Non periit Bembus, neque enim potis ille perire,
201 420 765 453 Qui memoranda facit, qui benefacta canit.
167 452 834 487 Sed ſegetem immenſæ laudis, quam meſſuit olim,
202 487 682 520 Nunc ſibi perpetuo ſufficit ille penu.
166 550 811 590 Concidit vt Bembus, ſtudiorum maximus heros,
200 588 667 623 Etruſcæ fidicen, Romuleæque lyræ.
167 623 708 653 Barbara præclaras iterum vis obruit artes,
153 655 805 691 Merſaque naufragio eſt vtraque lingua nouo.
169 690 788 724 Cunctarum & clades virtutum indigna ſecuta,
204 722 721 757 Viſa orbem antiquo eſt inuoluiſſe chao.
154 789 796 824 Hic Bembi tumulus: nam cætera dicere tantum,
203 823 764 858 Tot bene ſcripta viri, tot bene facta valent.
169 885 837 928 Hadria Bembe tibi patria eſt, tibi Roma ſepulcrum
204 925 688 961 Imperat hæc terris, imperat illa mari.
169 958 739 995 Egregie es Tuſcia lingua, Latiaque locutus,
203 992 672 1023 Non hac non illa dulcius vlla ſonat.
170 1025 729 1061 Sunt teſtes Muſæ Tufcæ, Muſæq; Latinæ,
203 1059 754 1096 Magnanimm Venetûm teſtis & hiftoria.
170 1092 769 1130 Nobiliore loco haud poteras naſci, nec obire,
205 1128 742 1168 Nec magis ornate, nec mage dulce loqui.
172 1190 808 1230 Squalebat ſpinis Tuſca & Latia horrida ingua,
205 1224 738 1271 Bembe tuâ ridet nunc bene culta manu.
870 1270 959 1301 An po-
