1462 1436
314 27 541 56 BEMBI.
785 43 857 65 8s
1 71 613 113 An potius plorat?flores en mœſta ſepulcro
19 106 680 146 Dat tibi, quos debet, cum gemitu & lacrymis.
1 164 806 215 Ecquid vt extinctum Bembum mœſta Hadrla deflest
1 207 659 241 Romaque non illum mortem obiiſſe putes.
1 234 740 277 Viuit adhuc:multum eſt mecum, mihi narrat amores
1 274 598 313 Sæpe ſuos, Venetûm narrat & hiſtorias.
44 341 694 374 Pars embi hic tegitur mortalis; & altera cælum
1 375 660 417 Poſſidet; at totum nomen circumuolat orbem.
19 440 639 477 Si quando Aonides afflarunt noſtra ſorors
83 477 542 503 Pectora. Pierios & docuere modos.
47 509 699 542 Nunc cuperem afflari, & Phœbæo accendier igni,
83 543 559 577 Ad virtutis opus qui ſtimulare ſolet,
944 537 984 569 ,
11 575 704 603 Defuncto vt meriti Bembo adferrentur honors,
66 610 632 644 Si tamen huic tribui poſſit honor meritus.
1 642 693 677 Sed nec lucis eget externæ munere Phœbus,
84 678 565 712 Nec laude externâ vir eget egregius.
49 709 646 746 Ipſe ſibi proprià nomen virtute parauit
82 744 706 782 ternum in terris, cœli & in arce domum.
1 804 670 852 Dum celebri pompà peraguntur funera Bembi
82 848 524 874 Aurea crinitus condidit ora Deus.
47 879 602 913 Mœſtitiam caput obſcuro velatus amictu
83 913 604 946 Significans, mœſtos moris t eſt facere,
48 947 648 980 Et lacrymis veluti pluuiâ teſtatur, alumn
971 971 1050 1027 h
86 980 565 1016 Quàm ſibi dilecti mors ſit amara ſui,
1 1010 670 1058 Qui doctrinarum, vitæ & ſplendore coruſcans,
33 1047 617 1085 Fulgidus in terris Sol velut ater erat.
30 1110 597 1147 Vt ſol exoriens abſcondit luminæ noctis,
82 1146 615 1180 Luce ſuâ cunctas opprimit atque faces;
40 1180 637 1211 nduxit tenebras tua ſic oratio cunctis
79 1211 674 1257 De Bembo elogii quæ patria hæc cecintt
