968 1322
130 2 785 40 396FABIIBENEVOLENTII.
136 49 690 79 Sic felix Bembus felici cultus ab ore eſt,
177 84 729 121 Vt gemma, artificis quæ bene cuita man.
138 151 724 186 Etuſcæ. Latiæq; decus & gloria linguæ
174 184 700 212 Hic iacet: hoc ſaxum non coluiſſe, n fas.
130 219 709 247 Be nbus nomen erat: meruit virtute taram
170 253 663 284 Cardineam:felix incolit hic Superos.
136 316 688 348 Has Latia violas tibi, Graia hæc lilia Muſa
168 353 689 386 Ad tumulum ſpargit, & cineri lacrimas.
137 385 774 414 Etruſca, hoc ſcribit tumulo lacrimabile carmen:
171 418 689 453 Te, decus Auſonium, depereunte perit.
138 485 789 519 Hic ſitus eſt Bembus:ſatis hoc. nam cetera clarent
170 519 678 555 Quo ſe cunque decus protulit eloquii.
180 636 885 685 FA -.VVII
304 637 885 658 VT
381 687 648 710 SENENSIS.
364 740 714 774 De Alfpnſo Neapolit. eee.
130 785 868 822 DOMA quot Autumnus, quot verno tempore fiores
80 819 758 856 Terra ferat gremio. narret; quotlittus arenas
132 853 760 891 Spargat, & immenſo diſcurrant æquore piſces,
132 887 724 922 Qui cupit Alfonſi meritas percurrere laudes.
133 920 707 956 Hic & inacceſſas Libyæ penetrauit ad oras:
130 953 815 992 Lotophagûm gentem domuit, retulitq; ſuperbum,
126 988 696 1024 Vrbibus euerſis & victo rege triumphum.
128 1021 736 1058 Senſit & ipſe ferox Gallus quid dextera poſſet
129 1055 612 1083 Illius, Auſoniâ iuſſus decedere terrâ.
128 1089 751 1123 Hic quanquam bello clariſfimus extitit heros;
128 1123 767 1158 Non minus excoluit Phæbum, Muſas q; ſorores.
126 1154 690 1190 Ergo iam duplici præcingi tempora fronde
130 1188 659 1222 Qui meruit, clari diuino carmine Vates,
848 1232 926 1257 Pieri-
1 1245 88 1280 .
