1482 1431
166 29 840 91 TRYPHONISBENTII. i
62 87 673 121 Pieridumq; ohorus, meritis celebrate choreis,
1 121 657 162 Atque recurrentes laudetis ſemper in annos.
124 200 766 244 TRPHONIS B
583 200 758 223 ENI
940 209 999 233 5
1 254 810 290 ANGVINEOSmagnæ pueros duo lumina Romæ,
1 286 642 322 Pat quibus in toto ſol videt orbe nihil,
1 315 662 355 Depereunt Latiæq; nurus, iuuenesq; ſenesq;,
96 355 606 388 In medijs ardet Tibris & ipſe vadis.
59 388 711 421 Tanguntur ſuperi inuidia, Ganymede qud vno
90 422 627 456 Aſtra micent, iactet Roma ſuperba duos.
287 458 447 481 Ad Idmoem.
55 479 705 523 Fortunate Idmon, nemorum noua gloria Phyllis,
92 523 601 556 Nota tuis paſſim Phyllis arundinibus
34 555 715 591 Dat catulum tibi habere, ipſæ quem ſæpe rogantes
93 590 652 622 Nec potuit Chloris ferre, nec Hippolyte:
55 624 595 658 Illa licet magnos attingat ſanguine reges
91 658 560 691 Sit potis hæc forma ſollicitare deos.
55 691 589 724 Phyllida Dametæ fit copia rara videndi,
89 725 566 759 At tu iam illius pignus amaris habes.
280 760 541 792 De ſe, & Aurora.
906 775 1066 832 I
53 791 750 827 Fronte ego conſpiciens roſea fuluisq; decoram
88 827 650 853 Crinibus auroram, dum vehit illa diem,
50 860 672 894 Impetor, heu, pueri nunquam placabilis arcu:
87 894 616 928 Omnis & e noſtro diffugitore color.
49 926 652 961 Tumq; Deum mœſto ſuſpiria corde trahentes
70 961 632 995 Alloquimur: tecum noſtra puella venit.
47 994 599 1029 Fortunate ſenex o tali coniuge certo
50 1026 667 1061 Nam repetit croceum tempore fida torum
1 1056 657 1095 Aſt ego quid faciam infelix?ſunt atra miſello,
29 1093 696 1130 Te vt videam mea lu, regna adeunda mihi.
47 1126 726 1168 Sors tua quàm noſtrâ meliorl te nocte reuiſit
58 1159 657 1196 Coniux, nec canum deſpicit ipſa caput.
42 1192 655 1229 Per teingrata dies nobis, ingrataq; nox eſt,
78 1227 800 1270 Quæ mi animum moriens ſutripis atqus animam.
746 1256 879 1285 De
