972 1327
250 0 827 35 398TRIPHONISBENTII.
417 44 593 72 De Clælia.
133 78 728 112 Dum fluuiim vinclis tranaret Clælia ruptis,
188 112 676 142 Hæc fertur medijs dicta dedifle vadis:
150 145 830 179 Eſte boni, & ſi qua eſt pietas, vos parcite fluctus,
155 179 675 212 Quos, maiora meis viribus auſa, ſeco.
133 212 781 244 Et tamen vt peream, moriens mox ſidera adibo,
185 245 752 279 Et veſtrum æternum mors mea crimen erit.
133 279 797 312 Quid non virgineus potuit pudor? vnda receptus
184 312 688 343 Ipſa Deo tutos non renuente dedit.
153 345 702 379 Tarpeiæ probrum ſileas iam fama puellæ:
187 379 619 411 Non poterat facto nobiliore tegi.
254 413 787 446 Querimonia anſeis, quem ab arboreſuſpenſum
385 448 662 480 iaculu Rommniippeebnt.
151 474 835 515 Quid bene facta iuuant? quid vos ſeruaſſe Quirites.
177 514 650 546 Et Capitolini templa ſuperba ſouis?
149 546 718 580 En iaculis ſummâ pendens ex arbore veſtris
184 579 672 613 Poſtmodo victori præda futura petor.
150 614 653 649 Ergo non aliam tanta feritate decebat
185 647 767 683 Quàm veſtri altricem ſanguinis eſſe lupam.
375 684 531 716 Ad Molſam.
151 714 823 748 Quas pedibus paſſim premimus nunc Molſa ruinas,
183 749 743 782 Romulidum quondam tecta fuere patrum.
150 782 781 815 Qæq; Deûm eximios tunc teſtabantur honores
183 816 698 848 Aurea templa, boum paſcua facta vides.
136 844 842 884 Ad ſua cuncta hominum redeunt primordia: noſtris
183 882 840 916 Temporibus Roma eſt, quod fuit ante Remum.
377 919 601 950 Epi aphium Molſ.
151 949 715 985 Qui lepido veteres æquauit caimine Molſa,
181 984 708 1012 Hic iacet; ætatis maximus huius honos.
425 1111 631 1141 Oſculum Panthiæ.
136 1148 782 1224 VALIAlaſciuo dedit oſcula ſæpe Tonanti
209 1179 731 1218 Qadanius Phrygiâ raptus abarce puer:
861 1224 931 1257 Qs
