<PcGts xmlns="http://schema.primaresearch.org/PAGE/gts/pagecontent/2017-07-15" xmlns:xsi="http://www.w3.org/2001/XMLSchema-instance" xsi:schemaLocation="http://schema.primaresearch.org/PAGE/gts/pagecontent/2017-07-15 http://schema.primaresearch.org/PAGE/gts/pagecontent/2017-07-15/pagecontent.xsd"><Metadata><Creator>User123</Creator><Created>2020-04-25T21:20:19</Created><LastChange>2020-04-25T21:20:19</LastChange></Metadata><Page imageFilename="0426.png" imageHeight="1327" imageWidth="972"><TextRegion id="r0" type="paragraph"><Coords points="1,1 970,1 970,1325 1,1325"/><TextLine id="r0_l001"><Coords points="147,1 147,35 827,35 827,1"/><TextEquiv index="1"><Unicode>398TRIPHONISBENTII.</Unicode></TextEquiv></TextLine><TextLine id="r0_l002"><Coords points="417,44 417,72 593,72 593,44"/><TextEquiv index="1"><Unicode>De Clælia.</Unicode></TextEquiv></TextLine><TextLine id="r0_l003"><Coords points="728,79 116,79 113,81 113,112 728,112"/><TextEquiv index="1"><Unicode>Dum fluuiim vinclis tranaret Clælia ruptis,</Unicode></TextEquiv></TextLine><TextLine id="r0_l004"><Coords points="676,113 200,112 188,113 188,142 676,142"/><TextEquiv index="1"><Unicode>Hæc fertur medijs dicta dedifle vadis:</Unicode></TextEquiv></TextLine><TextLine id="r0_l005"><Coords points="150,145 150,179 861,179 861,145"/><TextEquiv index="1"><Unicode>Eſte boni, &amp; ſi qua eſt pietas, vos parcite fluctus,</Unicode></TextEquiv></TextLine><TextLine id="r0_l006"><Coords points="675,180 155,179 155,210 217,212 675,212"/><TextEquiv index="1"><Unicode>Quos, maiora meis viribus auſa, ſeco.</Unicode></TextEquiv></TextLine><TextLine id="r0_l007"><Coords points="781,212 88,212 88,244 781,244"/><TextEquiv index="1"><Unicode>Et tamen vt peream, moriens mox ſidera adibo,</Unicode></TextEquiv></TextLine><TextLine id="r0_l008"><Coords points="185,245 185,279 752,279 752,245"/><TextEquiv index="1"><Unicode>Et veſtrum æternum mors mea crimen erit.</Unicode></TextEquiv></TextLine><TextLine id="r0_l009"><Coords points="797,280 106,279 106,312 797,312"/><TextEquiv index="1"><Unicode>Quid non virgineus potuit pudor? vnda receptus</Unicode></TextEquiv></TextLine><TextLine id="r0_l010"><Coords points="688,314 612,313 350,314 295,312 184,313 184,343 688,343"/><TextEquiv index="1"><Unicode>Ipſa Deo tutos non renuente dedit.</Unicode></TextEquiv></TextLine><TextLine id="r0_l011"><Coords points="702,345 694,347 642,348 153,345 153,377 209,379 702,379"/><TextEquiv index="1"><Unicode>Tarpeiæ probrum ſileas iam fama puellæ:</Unicode></TextEquiv></TextLine><TextLine id="r0_l012"><Coords points="619,381 437,379 187,379 187,411 619,411"/><TextEquiv index="1"><Unicode>Non poterat facto nobiliore tegi.</Unicode></TextEquiv></TextLine><TextLine id="r0_l013"><Coords points="254,413 254,446 787,446 787,413"/><TextEquiv index="1"><Unicode>Querimonia anſeis, quem ab arboreſuſpenſum</Unicode></TextEquiv></TextLine><TextLine id="r0_l014"><Coords points="662,479 662,448 385,448 385,478 555,480"/><TextEquiv index="1"><Unicode>iaculu Rommniippeebnt.</Unicode></TextEquiv></TextLine><TextLine id="r0_l015"><Coords points="835,476 726,474 715,479 685,480 507,481 341,479 328,478 320,474 151,474 151,515 201,511 315,513 835,515"/><TextEquiv index="1"><Unicode>Quid bene facta iuuant? quid vos ſeruaſſe Quirites.</Unicode></TextEquiv></TextLine><TextLine id="r0_l016"><Coords points="650,515 177,514 177,545 650,546"/><TextEquiv index="1"><Unicode>Et Capitolini templa ſuperba ſouis?</Unicode></TextEquiv></TextLine><TextLine id="r0_l017"><Coords points="718,546 692,546 680,548 602,549 149,546 149,578 287,580 718,580"/><TextEquiv index="1"><Unicode>En iaculis ſummâ pendens ex arbore veſtris</Unicode></TextEquiv></TextLine><TextLine id="r0_l018"><Coords points="672,582 630,583 500,581 287,581 184,579 184,612 187,613 672,613"/><TextEquiv index="1"><Unicode>Poſtmodo victori præda futura petor.</Unicode></TextEquiv></TextLine><TextLine id="r0_l019"><Coords points="653,616 150,614 150,647 248,646 377,648 653,649"/><TextEquiv index="1"><Unicode>Ergo non aliam tanta feritate decebat</Unicode></TextEquiv></TextLine><TextLine id="r0_l020"><Coords points="767,647 720,647 717,649 710,650 377,649 248,647 185,648 185,683 399,683 424,681 455,681 465,683 767,683"/><TextEquiv index="1"><Unicode>Quàm veſtri altricem ſanguinis eſſe lupam.</Unicode></TextEquiv></TextLine><TextLine id="r0_l021"><Coords points="375,684 375,716 531,716 531,684"/><TextEquiv index="1"><Unicode>Ad Molſam.</Unicode></TextEquiv></TextLine><TextLine id="r0_l022"><Coords points="823,714 592,714 585,716 335,716 321,714 151,714 151,748 823,748"/><TextEquiv index="1"><Unicode>Quas pedibus paſſim premimus nunc Molſa ruinas,</Unicode></TextEquiv></TextLine><TextLine id="r0_l023"><Coords points="743,751 488,750 424,751 330,749 183,749 183,780 282,780 319,782 743,782"/><TextEquiv index="1"><Unicode>Romulidum quondam tecta fuere patrum.</Unicode></TextEquiv></TextLine><TextLine id="r0_l024"><Coords points="781,784 589,785 379,784 318,782 150,782 150,815 781,815"/><TextEquiv index="1"><Unicode>Qæq; Deûm eximios tunc teſtabantur honores</Unicode></TextEquiv></TextLine><TextLine id="r0_l025"><Coords points="698,818 220,816 211,820 183,821 183,847 200,848 698,848"/><TextEquiv index="1"><Unicode>Aurea templa, boum paſcua facta vides.</Unicode></TextEquiv></TextLine><TextLine id="r0_l026"><Coords points="842,845 762,844 752,850 747,851 623,852 342,849 200,849 174,847 125,847 118,844 105,844 105,884 119,884 127,879 502,884 842,884"/><TextEquiv index="1"><Unicode>Ad ſua cuncta hominum redeunt primordia: noſtris</Unicode></TextEquiv></TextLine><TextLine id="r0_l027"><Coords points="840,888 824,887 793,887 775,885 502,885 330,882 183,882 183,916 315,916 330,914 360,914 367,916 840,916"/><TextEquiv index="1"><Unicode>Temporibus Roma eſt, quod fuit ante Remum.</Unicode></TextEquiv></TextLine><TextLine id="r0_l028"><Coords points="377,919 377,950 601,950 601,919"/><TextEquiv index="1"><Unicode>Epi aphium Molſ.</Unicode></TextEquiv></TextLine><TextLine id="r0_l029"><Coords points="715,949 655,949 642,951 607,952 382,951 317,949 151,949 151,985 185,985 187,983 225,982 366,983 430,985 715,985"/><TextEquiv index="1"><Unicode>Qui lepido veteres æquauit caimine Molſa,</Unicode></TextEquiv></TextLine><TextLine id="r0_l030"><Coords points="708,986 669,987 430,986 366,984 187,984 181,988 181,1012 708,1012"/><TextEquiv index="1"><Unicode>Hic iacet; ætatis maximus huius honos.</Unicode></TextEquiv></TextLine><TextLine id="r0_l031"><Coords points="866,1068 813,1068 806,1074 798,1076 768,1076 758,1073 751,1067 729,1067 727,1057 659,1057 657,1066 641,1067 517,1067 509,1075 501,1079 418,1080 416,1078 378,1078 371,1077 365,1074 345,1073 303,1073 295,1077 270,1078 203,1077 203,1093 866,1093"/><TextEquiv index="1"><Unicode>0 BEBEOAALPI.</Unicode></TextEquiv></TextLine><TextLine id="r0_l032"><Coords points="295,1076 301,1074 301,1069 297,1064 297,1053 204,1053 204,1076 270,1077"/><TextEquiv index="1"><Unicode>D</Unicode></TextEquiv></TextLine><TextLine id="r0_l033"><Coords points="478,1078 478,1055 298,1055 298,1064 304,1072 365,1073 371,1076 378,1077 416,1077 418,1079 462,1079"/><TextEquiv index="1"><Unicode>tDDI</Unicode></TextEquiv></TextLine><TextLine id="r0_l034"><Coords points="806,1073 813,1067 813,1058 752,1058 752,1067 760,1073 768,1075 798,1075"/><TextEquiv index="1"><Unicode>r</Unicode></TextEquiv></TextLine><TextLine id="r0_l035"><Coords points="425,1111 425,1141 631,1141 631,1111"/><TextEquiv index="1"><Unicode>Oſculum Panthiæ.</Unicode></TextEquiv></TextLine><TextLine id="r0_l036"><Coords points="782,1148 150,1148 150,1172 153,1174 239,1179 249,1181 294,1183 403,1182 431,1184 782,1184"/><TextEquiv index="1"><Unicode>VALIAlaſciuo dedit oſcula ſæpe Tonanti</Unicode></TextEquiv></TextLine><TextLine id="r0_l037"><Coords points="731,1186 501,1186 431,1185 403,1183 294,1184 249,1182 239,1180 223,1180 179,1176 156,1176 150,1173 145,1173 145,1215 151,1218 731,1218"/><TextEquiv index="1"><Unicode>Qadanius Phrygiâ raptus abarce puer:</Unicode></TextEquiv></TextLine><TextLine id="r0_l038"><Coords points="861,1224 861,1257 931,1257 931,1224"/><TextEquiv index="1"><Unicode>Qs</Unicode></TextEquiv></TextLine><TextLine id="r0_l039"><Coords points="165,1256 50,1256 48,1261 60,1274 64,1276 71,1276 79,1284 115,1282 165,1284"/><TextEquiv index="1"><Unicode></Unicode></TextEquiv></TextLine><TextLine id="r0_l040"><Coords points="48,1262 1,1262 1,1291 49,1291"/><TextEquiv index="1"><Unicode></Unicode></TextEquiv></TextLine><TextLine id="r0_l041"><Coords points="156,1285 156,1308 190,1308 190,1285"/><TextEquiv index="1"><Unicode></Unicode></TextEquiv></TextLine></TextRegion></Page></PcGts>