1470 1469
206 38 661 66 PHIL. BEROALDI.
37 75 586 119 Qualia formoſæ Veneri dilectus Adonis:
37 116 489 153 Qualia paſtori Tyndaris Iliaco:
36 148 639 191 Qualia Tænarius tribuit puer oſcula Phœbo:
76 184 580 219 Amphytrioniadæ qualia pulcer Hylas:
37 211 682 258 Qua ia purpureæ quæ conſpe t omnia Lunæ
43 251 602 283 Latmius in ſomnis contulit Endymion:
36 284 587 312 Talia mille dedit roſeis mihi baſia labris
79 317 545 350 Panthia, fetuoris prima fauilla mei.
37 352 704 388 Quantus odor: quantum diuini nectaris illisI
83 385 611 421 Quantus mellis ineſt, ambroſiæq; ſaporl
42 418 725 453 Cinnania quod ſpirant, quod olet Cimireia myrrha,
84 452 673 486 Et quod odorus Arabs, Coriciumq; crocum:
50 485 771 519 Succina quod fragrant manibus tractata, quod oimne
86 519 611 552 Vnguentum, & fracto fuſa falerna cado:
49 551 691 586 Balſama quod ſpirant, redolent quod florea cuta.
52 586 600 621 Quod citrum & violæ purpureæq; roſæ;
50 618 661 653 Hoc redolent dominæ dulciſſima baſia noſtræ,
86 653 569 685 Hoc os formoſum, labraq, purpurea.
53 687 617 720 O me felicem, cui tu, pharetrate Cupido,
86 720 586 753 Et Cytherea Venus tot tribuiſtis opes.
37 753 640 788 Non ego fortunas Creſi Pythijq; Bithyni
86 788 617 821 Expeto, non gazas imperiumq; Mydæ.
52 821 590 855 Me mea formoſis teneat foueatq; lacertis
87 856 663 888 Panthia; rexregum tunc ego ſummus ero.
37 887 683 922 Me iuuat, vt dominæ placeam, tolerare labore,
69 922 608 955 Ærumnasq; graues, imperiumq; ferox.
51 955 611 986 Me iuuat æſtiuas ſub Cancro ducere luces;
89 989 578 1022 goceriq; niues ire ad Hyperboreas.
55 1022 661 1056 Obſequar vt dominæ, durum nil ferre recuſo;
64 1056 658 1088 Si iubeat, Stygias nuno aditurus aquas.
37 1081 746 1123 Tantum forma valet: tanti eſt ſpectata venutas,
87 1122 602 1155 Et decor excellens, & lepor atque ſales.
53 1155 650 1189 Si redeant veteres facundo pectore vates,
32 1188 579 1221 Elyſium vacuetſi pia turba nemus:
40 1219 682 1263 Nemoſatis queat eximiam laudare puellam,
725 1245 834 1280 Et de-
