959 1322
418 6 669 39 PHILIPPI
142 17 202 40 400
159 47 675 82 Et decus, & faciem corporis egregij.
149 79 805 115 Huic eſt forma potens, ſunt æmula lumina ſtellis,
184 115 674 148 Lumina quæ poſſent ſollicitare Deos.
148 149 771 182 Procerum corpus dominæ eſt, teretesq; lacerti:
177 180 654 215 Eſt formoſa manus, articuliq; leues.
149 215 764 248 Pes paruus, fuluæq; comæ, facundaq; lingua:
184 249 744 283 Suntmodici riſus, Atticus eſtq; lepos
146 282 761 315 Hæc candore niues ſuperat, vincitq; roſarum
182 316 735 349 Fulgorem: in toto corpore nulla nota eſt.
150 349 800 382 Quicquid agit; ſiue incedit. ſiue accubat, aut ſtat,
122 382 709 415 Aut ſedet; exornat ſubſequiturq; decor.
111 412 679 445 Non ceruſatis incedit candida buccis;
185 448 628 482 Nec fueata genas atque ſupercilia.
150 482 738 515 ſopa non ſpirat, Pharij nec ſtercora piſcis:
185 516 718 547 Non cretâ, aut aſinæ corpoa lacte fouet.
150 549 721 584 Non oculos ſtibio linit, aut fuligine pingit:
185 583 741 616 Ah pereant, quibus hæc cura decoris ineſt.
151 616 816 650 Quid iuuat externo formam corrumpere luxu
185 650 669 682 Atque peregrinis cultibus inficere?
151 679 799 710 Nonne Deus vobis faciem dedit? heu ſcelus: illa
185 716 599 745 Pollutâ fucolæditis artificem.
117 750 731 784 Iupiter hinc in vos iaculatur fulmina, mittit
182 783 697 819 Excidium peſtes, femineumq; malum.
150 816 721 850 Noſtra Venus viuo prodit formoſa colore
185 851 716 886 Natiuisq; placet dotibus, atque bonis
150 884 801 920 Quantum intesr flores, amaranthi & lilia fulgent,
183 918 631 952 Et violæ, & loti, coccineæq; roſæ:
151 951 759 984 Quantum inter ſtellas collucet Luna minores,
184 984 737 1020 Cynthia te quantum Cynthius exſuperat:
134 1019 730 1053 Tantum inter pulcras radiat formoſa puellas
184 1052 663 1084 Panthia; purpureis æmula ſideribus.
150 1086 690 1120 Cedat Peligno celebrata Corinna poëtæ:
183 1119 721 1155 Cynthia cum Nemeſi, culte Tibulle, tua.
147 1152 730 1187 Lesbiaq; adſurgat dominæ. Ticidæq; Perilla,
182 1185 735 1223 Et tu iam Gallo dicta, Lcori, tuo.
845 1225 922 1250 Diſi-
1 1270 51 1300 æ
