954 1341
401 42 653 69 PH I. LIPPI
138 57 185 81 402
133 85 672 125 Quem Pallas cuperet libens maritum;
141 118 598 157 Pro quo vel Cybele dediſſet Atyn;
141 153 629 189 Et Myrrhæ ſobolem Venus decoram:
144 188 615 219 Omnes cui cuperent placere nuptæ;
144 218 652 256 Omnis quem cuperet puella ſponſum,
143 255 560 286 Heu fato Malateſtaaptus atro,
144 287 570 320 Carboneſius hoc iacet ſepulcro;
142 321 584 352 Extinctus viridi miſer iuuentâ,
144 352 599 390 Luſtris quatuor, ah nefas, peractis.
145 388 579 421 Hos cum verſiculos leges, viator,
145 422 521 460 Efuſis lacrimis genas rigato.
272 464 715 501 Epitaphium berti Sanctocurinat.
147 505 839 546 Nil queror, Superi lethum hoc. ſic occidit Hector,
172 540 647 573 Traiectus Pthiâ pectora ſæua manu.
148 572 751 608 Sic duo Scipiadæpereunt, quos hoſticus enſis
182 608 591 640 In Tarteſſiaca dat regione neci.
150 641 732 674 Sie & Marcellus cecidit, quem bella cientem
183 675 634 701 Paerforat hoſtililancea torta manu.
149 706 871 741 Hæc ſunt fata Ducum. pulcrum eſt cecidiſſe ſub armis.
182 742 616 775 Mors bellatori conuenit iſta viro.
151 774 719 808 Sic ego, ſic cecidi, ſed non inglorius orbem
185 808 715 841 Implet fama mei nominis, atque polum.
150 842 724 877 Quantus erat dextrâ Pelides; Tullius ore;
184 875 724 907 Phyllirides herbis; Phœbus Apollo lyrâ;
149 909 845 941 Carmine Mæonides; Ladas pede; lumine Lynceus;
183 943 645 975 Viribus Alcides; relligione Numa;
150 974 800 1015 Tantus ego in bello fueram. mihi tota ſub armis
184 1009 650 1042 Sub clypeo & galea vita peracta fuit.
148 1043 712 1076 Me puerum Mauors, & me Bellona virago.
186 1076 632 1108 Omnia perdocuit munera militiæ.
151 1108 702 1143 Qalis Pellæus ductor Libycusq; fuerunt
185 1142 649 1176 Romulidæq; duces, talis & ipſe fui.
150 1174 717 1208 Dum vult ſupremo duri certamine Martis
183 1208 736 1250 Sos darc me peſſum, ſuſtulit ad Superos:.
