<?xml version="1.0" encoding="UTF-8" standalone="no"?><PcGts xmlns="http://schema.primaresearch.org/PAGE/gts/pagecontent/2019-07-15" xmlns:xsi="http://www.w3.org/2001/XMLSchema-instance" xsi:schemaLocation="http://schema.primaresearch.org/PAGE/gts/pagecontent/2019-07-15 http://schema.primaresearch.org/PAGE/gts/pagecontent/2019-07-15/pagecontent.xsd"><Metadata><Creator/><Created>2022-04-11T13:45:18</Created><LastChange>1970-01-01T00:00:00</LastChange><Comments/></Metadata><Page imageFilename="0431.png" imageHeight="1409" imageWidth="1474"><TextRegion id="r1" orientation="0.0" type="paragraph"><Coords points="1,1 1472,1 1472,1407 1,1407"/><TextLine id="l1"><Coords points="299,28 299,65 585,65 585,28"/><TextEquiv><Unicode/></TextEquiv><TextEquiv index="1"><Unicode>BEROALDI.</Unicode></TextEquiv></TextLine><TextLine id="l2"><Coords points="306,74 306,106 498,106 498,74"/><TextEquiv><Unicode/></TextEquiv><TextEquiv index="1"><Unicode>Virprudens.</Unicode></TextEquiv></TextLine><TextLine id="l3"><Coords points="662,102 557,101 545,105 509,106 311,105 300,101 118,102 79,100 57,97 57,140 186,141 250,139 620,140 634,142 662,142"/><TextEquiv><Unicode/></TextEquiv><TextEquiv index="1"><Unicode>Rebus in aduerſis vir prudens atque ſecundis</Unicode></TextEquiv></TextLine><TextLine id="l4"><Coords points="57,174 223,174 267,172 595,173 595,141 252,140 186,142 57,141"/><TextEquiv><Unicode/></TextEquiv><TextEquiv index="1"><Unicode>Perpetuum diſcet vitæ ſeruare tenorem;</Unicode></TextEquiv></TextLine><TextLine id="l5"><Coords points="691,173 648,173 644,175 541,173 271,173 223,175 57,174 56,206 691,206"/><TextEquiv><Unicode/></TextEquiv><TextEquiv index="1"><Unicode>Fortunæ inæſtabili nuſquam confidit: acerbos</Unicode></TextEquiv></TextLine><TextLine id="l6"><Coords points="637,209 493,207 300,207 118,209 95,206 58,206 57,206 57,234 149,241 636,241"/><TextEquiv><Unicode/></TextEquiv></TextLine><TextLine id="l7"><Coords points="57,234 57,273 637,273 637,240 156,241 142,241"/><TextEquiv><Unicode/></TextEquiv></TextLine><TextLine id="l8"><Coords points="704,274 324,274 156,276 57,275 57,307 704,308"/><TextEquiv><Unicode/></TextEquiv><TextEquiv index="1"><Unicode>Penſabit, ſummumq; bonum laudabile quod ſit</Unicode></TextEquiv></TextLine><TextLine id="l9"><Coords points="56,340 118,340 156,342 316,340 695,342 711,341 711,309 57,308"/><TextEquiv><Unicode/></TextEquiv><TextEquiv index="1"><Unicode>Credet, &amp; à ſancto numquam diſiunget honeſto.</Unicode></TextEquiv></TextLine><TextLine id="l10"><Coords points="760,341 695,343 317,341 156,343 118,341 57,341 56,372 83,372 121,375 356,373 462,375 760,375"/><TextEquiv><Unicode/></TextEquiv><TextEquiv index="1"><Unicode>Nulla libido virum franget; ſummumq; malorum</Unicode></TextEquiv></TextLine><TextLine id="l11"><Coords points="589,376 282,374 208,376 121,376 102,374 57,374 56,407 589,407"/><TextEquiv><Unicode/></TextEquiv><TextEquiv index="1"><Unicode>Eſſe voluptates cordat mente monebit.</Unicode></TextEquiv></TextLine><TextLine id="l12"><Coords points="258,440 590,441 590,409 245,408 166,410 79,409 69,410 57,409 56,440 62,440 81,442 167,442"/><TextEquiv><Unicode/></TextEquiv><TextEquiv index="1"><Unicode>Et quæ mirantur vulgus, virtute minora</Unicode></TextEquiv></TextLine><TextLine id="l13"><Coords points="709,444 701,444 698,442 57,442 56,473 709,474"/><TextEquiv><Unicode/></TextEquiv><TextEquiv index="1"><Unicode>Ducens, toto animo metam ſpectabit ad illam,</Unicode></TextEquiv></TextLine><TextLine id="l14"><Coords points="684,481 674,477 378,476 351,474 192,476 57,475 57,514 102,514 112,509 592,508 632,510 638,513 651,513 659,517 684,517"/><TextEquiv><Unicode/></TextEquiv><TextEquiv index="1"><Unicode>Qm fixit eno, &amp; diuini dogmatis autor,</Unicode></TextEquiv></TextLine><TextLine id="l15"><Coords points="325,541 594,542 594,510 276,509 112,510 102,515 63,515 63,543 115,543"/><TextEquiv><Unicode/></TextEquiv><TextEquiv index="1"><Unicode>Qu non expauit gelidas hæurire cicutas,</Unicode></TextEquiv></TextLine><TextLine id="l16"><Coords points="595,543 326,542 116,543 109,548 62,551 62,574 71,575 595,575"/><TextEquiv><Unicode/></TextEquiv><TextEquiv index="1"><Unicode>Deiatore Anyto morti damnatus iniquæ.</Unicode></TextEquiv></TextLine><TextLine id="l17"><Coords points="740,577 733,577 731,575 238,575 183,577 112,577 62,575 62,607 68,608 624,609 630,612 740,612"/><TextEquiv><Unicode/></TextEquiv><TextEquiv index="1"><Unicode>Nec magis ad dextram flectet, flectetve ſiniſtram;</Unicode></TextEquiv></TextLine><TextLine id="l18"><Coords points="619,610 262,609 109,610 62,608 62,641 68,642 619,642"/><TextEquiv><Unicode/></TextEquiv><TextEquiv index="1"><Unicode>Cerca ſed infiget veſtigia tramite recto.</Unicode></TextEquiv></TextLine><TextLine id="l19"><Coords points="653,642 335,644 104,644 61,642 61,675 72,676 653,676"/><TextEquiv><Unicode/></TextEquiv><TextEquiv index="1"><Unicode>Idem culpabit quicquid menſura, modusq;</Unicode></TextEquiv></TextLine><TextLine id="l20"><Coords points="720,676 57,676 56,707 64,707 119,710 720,710"/><TextEquiv><Unicode/></TextEquiv><TextEquiv index="1"><Unicode>Non reget; at fuerunt ſi quæ moderata probabit.</Unicode></TextEquiv></TextLine><TextLine id="l21"><Coords points="649,711 230,710 119,711 92,709 57,708 57,740 67,742 111,743 649,743"/><TextEquiv><Unicode/></TextEquiv><TextEquiv index="1"><Unicode>Hic vitia incuſans perſonæ parcet: amicum</Unicode></TextEquiv></TextLine><TextLine id="l22"><Coords points="719,773 719,754 717,751 714,749 686,749 675,744 539,745 57,743 56,773 62,774 90,776 311,775 475,777 713,777"/><TextEquiv><Unicode/></TextEquiv><TextEquiv index="1"><Unicode>Non petet ex mens. triuijs, vnctaq; popinâ,</Unicode></TextEquiv></TextLine><TextLine id="l23"><Coords points="720,775 718,775 710,779 661,779 617,777 475,778 311,776 90,777 62,775 57,774 57,807 64,807 105,809 720,810"/><TextEquiv><Unicode/></TextEquiv><TextEquiv index="1"><Unicode>Non petet ex luftris; ſed qui præcepta Platonis</Unicode></TextEquiv></TextLine><TextLine id="l24"><Coords points="697,813 691,812 598,811 484,812 417,810 61,810 62,842 364,842 538,845 697,845"/><TextEquiv><Unicode/></TextEquiv><TextEquiv index="1"><Unicode>Qui cata Ariſtotelis callebit dogmata, in illum</Unicode></TextEquiv></TextLine><TextLine id="l25"><Coords points="597,846 364,843 96,844 61,842 57,842 57,872 87,873 125,876 597,876"/><TextEquiv><Unicode/></TextEquiv><TextEquiv index="1"><Unicode>Tutus pronus erit; illi ſua gaudia, curas,</Unicode></TextEquiv></TextLine><TextLine id="l26"><Coords points="682,910 682,876 653,876 649,878 639,879 531,879 428,877 173,878 124,876 59,876 59,910 580,911"/><TextEquiv><Unicode/></TextEquiv><TextEquiv index="1"><Unicode>Et ſtudio &amp; mores reſerabit, &amp; omnia pandet,</Unicode></TextEquiv></TextLine><TextLine id="l27"><Coords points="687,912 684,911 61,911 61,942 687,942"/><TextEquiv><Unicode/></TextEquiv><TextEquiv index="1"><Unicode>Atque animâ ex vnâ duo orporaviuere ducet;</Unicode></TextEquiv></TextLine><TextLine id="l28"><Coords points="810,943 625,945 463,945 359,943 158,945 64,943 64,973 82,975 358,977 810,977"/><TextEquiv><Unicode/></TextEquiv><TextEquiv index="1"><Unicode>Semper idem velle huic, &amp; idem quoque nolle phaceit</Unicode></TextEquiv></TextLine><TextLine id="l29"><Coords points="651,1008 691,1009 691,978 601,977 358,978 64,976 64,1007 66,1008 173,1010 396,1009 538,1011"/><TextEquiv><Unicode/></TextEquiv><TextEquiv index="1"><Unicode>In ſummâ, Sapiens, ad cuncta pericula fortis</Unicode></TextEquiv></TextLine><TextLine id="l30"><Coords points="670,1010 583,1010 538,1012 396,1010 58,1010 58,1040 61,1041 670,1042"/><TextEquiv><Unicode/></TextEquiv><TextEquiv index="1"><Unicode>Eriget indomitam mentem nulloq; premetur</Unicode></TextEquiv></TextLine><TextLine id="l31"><Coords points="656,1043 48,1043 48,1072 129,1074 152,1076 656,1076"/><TextEquiv><Unicode/></TextEquiv><TextEquiv index="1"><Unicode>Pondere; &amp; à nullo raptatus pondere cedet;</Unicode></TextEquiv></TextLine><TextLine id="l32"><Coords points="677,1108 677,1080 629,1077 272,1076 152,1077 129,1075 58,1075 58,1106 147,1109 602,1109"/><TextEquiv><Unicode/></TextEquiv><TextEquiv index="1"><Unicode>Inſtar Idumææ palma, quæ munere diuum</Unicode></TextEquiv></TextLine><TextLine id="l33"><Coords points="719,1108 602,1110 258,1111 147,1110 112,1108 48,1108 47,1142 719,1142"/><TextEquiv><Unicode/></TextEquiv><TextEquiv index="1"><Unicode>Qu magis opprimitur, tanto magis exit in auras</Unicode></TextEquiv></TextLine><TextLine id="l34"><Coords points="618,1143 494,1144 311,1142 68,1142 61,1145 61,1181 618,1182"/><TextEquiv><Unicode/></TextEquiv><TextEquiv index="1"><Unicode>thereas victrix, &amp; recto palmite ſurgit.</Unicode></TextEquiv></TextLine><TextLine id="l35"><Coords points="719,1199 719,1249 854,1250 848,1200"/><TextEquiv><Unicode/></TextEquiv><TextEquiv index="1"><Unicode>LvDo-</Unicode></TextEquiv></TextLine><TextEquiv><Unicode/></TextEquiv></TextRegion></Page></PcGts>