1474 1409
299 28 585 65 BEROALDI.
740 41 840 69 40
306 74 498 106 Virprudens.
1 94 662 142 Rebus in aduerſis vir prudens atque ſecundis
1 140 595 180 Perpetuum diſcet vitæ ſeruare tenorem;
1 173 691 206 Fortunæ inæſtabili nuſquam confidit: acerbos
1 206 637 273 a
896 256 930 297 I
1 274 704 308 Penſabit, ſummumq; bonum laudabile quod ſit
1 308 711 343 Credet, & à ſancto numquam diſiunget honeſto.
1 340 804 376 Nulla libido virum franget; ſummumq; malorum
14 374 589 407 Eſſe voluptates cordat mente monebit.
32 408 590 442 Et quæ mirantur vulgus, virtute minora
14 442 709 474 Ducens, toto animo metam ſpectabit ad illam,
9 474 684 517 Qm fixit eno, & diuini dogmatis autor,
63 509 594 543 Qu non expauit gelidas hæurire cicutas,
62 542 595 575 Deiatore Anyto morti damnatus iniquæ.
62 575 740 612 Nec magis ad dextram flectet, flectetve ſiniſtram;
62 608 619 642 Cerca ſed infiget veſtigia tramite recto.
61 642 653 676 Idem culpabit quicquid menſura, modusq;
903 653 1056 721 1
1 676 763 710 Non reget; at fuerunt ſi quæ moderata probabit.
1 709 649 743 Hic vitia incuſans perſonæ parcet: amicum
1 743 719 777 Non petet ex mens. triuijs, vnctaq; popinâ,
907 746 996 785 I
1 775 748 811 Non petet ex luftris; ſed qui præcepta Platonis
61 810 697 845 Qui cata Ariſtotelis callebit dogmata, in illum
7 842 597 876 Tutus pronus erit; illi ſua gaudia, curas,
59 876 682 911 Et ſtudio & mores reſerabit, & omnia pandet,
61 911 687 942 Atque animâ ex vnâ duo orporaviuere ducet;
64 943 810 977 Semper idem velle huic, & idem quoque nolle phaceit
916 942 966 976 I
917 976 959 1000 :
64 976 691 1011 In ſummâ, Sapiens, ad cuncta pericula fortis
58 1010 670 1042 Eriget indomitam mentem nulloq; premetur
918 1004 1024 1050 I
1 1043 656 1076 Pondere; & à nullo raptatus pondere cedet;
58 1075 677 1109 Inſtar Idumææ palma, quæ munere diuum
1 1108 719 1142 Qu magis opprimitur, tanto magis exit in auras
61 1142 618 1182 thereas victrix, & recto palmite ſurgit.
1319 1193 1351 1222 .
719 1199 840 1249 LvDo-
405 1203 557 1245 Cc 2
862 1260 1030 1304 i
