964 1328
403 6 679 36 VDOVICI
151 23 203 46 4o4
190 74 898 133 LVDOVICIBIGI PICTOIi
356 132 730 156 FERRARIENSIS.
442 174 635 198 Ad Marhæum.
130 210 751 250 Egrauis incepit ferme incuruare ſenecta,
170 248 802 283 Natiuumq; genis macies populare ruborem,
155 281 725 315 Cumq; ſupercilijs crines candeſcere: iamq:
157 315 612 348 Vicini premeris caſuri finibus æui;
157 348 751 374 Et tamen è Veneris te conſuetudine nondum
158 380 720 414 Eximis, & turpes differs abrumpere caſſes;
138 414 770 447 Ceu Mauors lacerare plagas cunctatus ahenas.
158 448 783 482 Quo miſer vſque tuam renues curare lalutem,
155 481 681 515 Iactariq; ſinis medio tua carbaſa ponto?
157 514 763 548 Nonne vides altos inde increbreſcete ſluctus?
155 549 766 582 Indetuas minui vires? nunc cornua frangi
157 582 928 616 Antennæ? nunc remum aliquem, atq; hinc inde rudentes?
155 616 845 648 Et modo ſub prorâ modo puppe dehiſcere nauim?
154 649 725 683 Dum potes humanæ firmo temone carinæ,
154 683 647 717 In tumido vitæ pelago ratione iuuari,
154 717 646 749 Incipe conceſsâ totis ope viribus vti;
133 748 811 782 Incipe; nec lethi tempus, Matthæe, ſupremum
155 783 762 817 Exſpectare velis. quis enim tibi dixerit, an ſis
154 817 690 845 Serius, aut celeri clauſurus lumina fato?
153 850 777 885 Pone, quod occumbas lento languore: putabis
151 883 756 916 Tene ita de facili lacrimis tua crimina poſſe
152 918 825 952 Abluere, & quantum ſit opus ſcelus omne dolere?
155 952 777 985 Si venerem incipiant iuuenis feruentior, atque
153 985 730 1018 Egelidus vitare ſenex, veniamq; precentur;
151 1018 749 1051 Vtrum horum delicta magis plorare decebit
150 1051 806 1085 Nnne ſenem? quia non alio placare Tonantem
150 1085 727 1119 Auxilio valeat, ſua quàm peccata gemendo.
152 1119 755 1152 At iuuenis præter lacrimas queſtusq; meretur
152 1152 892 1185 Re quoque; cum cœlebs ardentem ſanguine vitam
153 1184 743 1217 Tranſigat, & ſolitos caueat robuſtus amores.
866 1232 938 1260 Addc
112 1281 147 1307 A
