1470 1417
351 3 557 53 BIGI.
29 53 664 91 Adde ægrotantes artus, mortisq; timorem:
29 91 661 124 Netibi corporeas ſit cura futura procellas
29 124 657 157 Sodandi maior, miſeræ quam vulnera mentis;
28 157 723 190 Non debes timuiſſe parum. quid & illud? amore
29 189 640 225 Tene Dei potius morientem flere putarim,
28 225 677 260 Quam triplicis terrore canis. diraq; Megæræ?
28 259 660 293 Flecte pedem, reliquosq; dies diſpone; ſurores
29 292 736 329 Nequitiæ cohibens, inopiq; alimenta miniſtrans
28 325 583 360 Donaq; ſincero meditans cœleſtia corde,
29 359 601 400 Quâ minime reris, fortaſſe vocaberis horâ.
176 395 538 427 De turpi oeulorulorumvſu.
29 421 740 460 Qu plebs, quo proceres ita currunt? hoſtis an inſtat
29 460 704 494 Mœnibus? & pulſat iam muros ariete crebro?
31 494 564 529 Siue repentino populatur prædia curſu?
43 528 632 560 Aut abigit noſtrâ raptas ex vrbe puellas?
42 561 642 595 Ah crudele nefasl campo gladiator aperto
44 595 636 628 Conflicturus adeſt, veteris de more theatri.
44 627 666 662 Hosne dedit nobis genitor cæleſtis in vſus
42 662 628 695 Lumina? cum iubeat ne quis ſua tela cruore
29 695 665 729 Inquinet humano. quæ vos dementia reges
38 728 677 762 Quis furor exagitat? qui nullum creditis eſſe
29 764 705 799 Flagitium, immunem certanti tradere campurmi
40 796 651 830 Nec ſatis hoc; ictus repeti perſæpe iubetis;
42 830 682 861 Nec pugnam dirimi ſinitis, niſi corruat alter,
40 864 664 897 Atque cruentatam feriat ter pectore terram.
41 896 663 930 Quam iuſtum foret, vt vobis ſpectantibus ambo
40 930 705 963 Deciderent oculi ſed vos grauiora morantur
41 964 667 999 Supplicia; eſt quo lenta Dei magis ira potenris.
41 996 792 1032 Quid referam, in ſacris quot quantaq; crimina templis
29 1029 677 1065 Committant oculis iuues mollesq; puellæ?
41 1064 665 1098 Hinc varijs ad corda patet ferienda ſagittis
40 1097 662 1131 Ianua; quam ſtudro ſi non cuſtodiat omni
39 1129 706 1163 Et firmis clauſam teneat mens prouida valuis;
41 1163 722 1197 Nulla homini reliqua eſt fiducia; deq; ſalute
38 1194 801 1239 Actum animæ eſt. heu Chriſticolæ quo gloria gentis,
