1457 1408
346 33 551 80 BI.
720 44 1024 81 o EE.
1 79 703 127 Sic mecum:mene è ſomno miſerabilis vnquam
27 119 530 152 Eruero? nunquam cura ſalutis ert?
2 146 631 186 Tantillæ vt ſeruent auimantes frigore vitam,
77 186 650 220 Vnanimes agitat quam grauis ecce laborl
1 210 638 254 Aſt ego diuinæ muntus acumine mentis
71 253 586 286 Neſciero vitæ conſuluiſſe meæ?
890 277 990 332 l
1 278 859 322 Et, quod agunt pleriq; hominum, magis æquora & vrbes
26 322 636 354 Circuero Vt grandes accumulentur opes?
40 355 625 388 Aut ego maluero ſcrutari pectore, quntum
78 388 575 422 Diſtet ab humenti ſtellifer axis humo?
4 420 620 454 Vndeq; ſanguineo minitetur crine cometes,
54 454 712 488 Vnde pluant lapides, contremat vnde ſolum?
1 489 716 525 Quid glomeret nubes?quâ vi ſoluantu in imbres?
1 522 611 556 Cur medio lateant aſtra minota die?
1 553 668 590 Et quibus erumpant agitata tonitrua ventis?
896 566 991 611 i
77 589 669 623 Cur vaga tran uerſo fulmina calle ruant?
1 620 698 657 Inq; cauis voccs quæ cauſſa reciprocet antris?
76 656 640 691 Quid ſit fulgetrum, grando, pruina, niues?
44 690 642 729 Quâ virtute leuet cautes Magneſia ferum?
895 688 984 715 II
73 724 595 757 Extinguat tactas qua Salamandra faces?
1 756 626 796 Cur ſluat & refluat, cur unc ſublimeftatur,
9 789 636 823 Nunc humile, & ſalsâ cur eat æquor aquâ?
34 824 593 858 An queat æa conſurgere mortuus, art?
42 858 587 892 An queat in teras carmineLuna trahi?
1 892 652 924 Cur alio lignum mergatur in amne, natentque
902 896 1039 931 H
71 924 668 958 Nra alio?atque aliis ſit calo intus aquis?
911 952 988 997 M
32 958 622 992 Scilicet his opus eft venturæ ad præmia vitæ:
73 993 589 1025 Scilicet adeſuperas hinc datur ire plagas
33 1026 654 1066 Diuitiæ nec enim, nec multa peritia rerum;
944 1019 1058 1056 ſ
914 1029 943 1052 t
67 1058 595 1090 Sed nos felices mens ſine labe ſacit
32 1087 737 1128 Ergo boni velut agricolæ mala germina carput,
911 1091 983 1113 ,
912 1104 1012 1141 i
63 1125 577 1159 Plus fet t culmo liberiore ſeges:
32 1151 740 1192 Digna ita vindicibus ne noſtraſit ignibus arbor
15 1190 704 1226 Strora, prouremus vellere, quicquid obeſt:
15 1223 676 1265 Vt cum via brenes tolerauerit aſta labores,
672 1248 1068 1295 terul
438 1262 635 1296 Cc 4
