1457 1408
346 33 551 80 BI.
35 79 699 126 Sic mecum:mene è ſomno miſerabilis vnquam
36 119 530 152 Eruero? nunquam cura ſalutis ert?
35 147 631 186 Tantillæ vt ſeruent auimantes frigore vitam,
77 186 650 220 Vnanimes agitat quam grauis ecce laborl
36 218 638 254 Aſt ego diuinæ muntus acumine mentis
71 253 586 286 Neſciero vitæ conſuluiſſe meæ?
36 281 825 322 Et, quod agunt pleriq; hominum, magis æquora & vrbes
36 322 636 354 Circuero Vt grandes accumulentur opes?
40 355 625 388 Aut ego maluero ſcrutari pectore, quntum
78 388 575 422 Diſtet ab humenti ſtellifer axis humo?
36 421 620 454 Vndeq; ſanguineo minitetur crine cometes,
54 454 712 488 Vnde pluant lapides, contremat vnde ſolum?
35 489 716 525 Quid glomeret nubes?quâ vi ſoluantu in imbres?
35 522 611 556 Cur medio lateant aſtra minota die?
36 553 656 590 Et quibus erumpant agitata tonitrua ventis?
77 589 656 623 Cur vaga tran uerſo fulmina calle ruant?
31 620 656 657 Inq; cauis voccs quæ cauſſa reciprocet antris?
76 656 640 691 Quid ſit fulgetrum, grando, pruina, niues?
44 690 642 729 Quâ virtute leuet cautes Magneſia ferum?
73 724 595 757 Extinguat tactas qua Salamandra faces?
30 756 626 791 Cur ſluat & refluat, cur unc ſublimeftatur,
31 789 636 823 Nunc humile, & ſalsâ cur eat æquor aquâ?
34 824 593 858 An queat æa conſurgere mortuus, art?
42 858 587 892 An queat in teras carmineLuna trahi?
31 892 652 924 Cur alio lignum mergatur in amne, natentque
71 924 668 958 Nra alio?atque aliis ſit calo intus aquis?
32 958 622 992 Scilicet his opus eft venturæ ad præmia vitæ:
73 993 589 1025 Scilicet adeſuperas hinc datur ire plagas
33 1026 654 1066 Diuitiæ nec enim, nec multa peritia rerum;
67 1058 595 1090 Sed nos felices mens ſine labe ſacit
32 1087 688 1128 Ergo boni velut agricolæ mala germina carput,
63 1125 577 1159 Plus fet t culmo liberiore ſeges:
32 1151 694 1192 Digna ita vindicibus ne noſtraſit ignibus arbor
15 1190 694 1226 Strora, prouremus vellere, quicquid obeſt:
15 1223 654 1265 Vt cum via brenes tolerauerit aſta labores,
700 1248 860 1294 terul
