1459 1396
344 1 543 47 BIGI.
717 25 828 59 4O
197 59 719 100 Ad Sebaftium conta querentes de vits
361 94 474 119 breuitate.
1 126 764 168 Vta nimis pletiſq; hominum breuis eſſe videtur;
49 163 573 196 Et fugere Eleo puluere qualis equus.
1 195 745 228 Nec miſeri noſtrum eſſe vident producere penſa
88 229 686 262 Parcarum, aut celeri rumpere poſſe manu.
53 263 614 295 Sicut enim labuntur opes, ſi dentur inerti;
91 296 577 329 Sic male & vtenti tempore vita fluit.
55 330 622 364 Ille ſuperuacuis implens lquearia garis,
89 364 510 395 Hoſte ſui, ſemper pallet, auaritiâ.
49 397 650 431 Hic opibus dolet alterius, dolet alter honore,
88 431 696 464 Hic natat ob nimium mente oculiſq; merum.
1 457 655 501 Sunt qui magnificis prætexant flumina villis,
85 498 660 531 Sunt qui præruptis montibus ædificent.
53 531 675 564 Hunc pendens tenet ambitio, merciq; vacantes
85 564 651 597 Hic peragrat terras, circuit ille fretum.
52 598 581 631 Indulget citharis alius, vacat ille iocoſis
84 631 628 660 Cantibus: hic formæ, viribus iſte fauet.
1 665 580 699 Marmoreis alter ſtatuis vel in ære figuris
84 699 587 732 Hæret, Apellæis alter imaginibus.
1 722 637 766 Regibus hos ſeruire iuuat; pleroſque puellis;
1 765 647 801 Atq; aliquos pueri, proh ſcelus vrget amor.
51 800 642 833 Per noua iactantur multi conamina, dum nil
81 832 722 869 Onod præcompoſita mente ſequantur, habep.
52 867 617 909 Segn ties alios, alios ſtatus occupat vrbis;
82 901 572 935 Clamoſi quoſdam lis rabioſa fori.
50 930 665 966 Nimirum breuis his ætas humana videtur.
67 967 605 1001 Cum perdant vitio tempora multa ſuo.
50 1001 661 1039 Quæ per nos alio ſunt inſtituenda, Sebaſti,
85 1035 633 1067 Ordine, ne nobis præcipitanter eant.
50 1059 681 1100 Luſimus in paruis ſatis; ad maiora vocamur.
83 1098 680 1135 Congrua quæ puero res, inhoneſta viro eſt.
45 1133 616 1167 Iam leuia alati valeant commenta Caballi,
81 1167 637 1201 Mens ſibi quod proſit, iam meditetur itet:
919 1188 1058 1236 u
1 1202 694 1246 Quæ colat infelix ergaſtula cogitet. & quas
1302 1193 1335 1223 t
706 1219 1046 1264 Hec
551 1237 639 1265 Cc 5
922 1261 996 1284 M.
864 1276 966 1294 ,
