972 1337
343 1 614 33 LVDOVICI
127 12 172 34 4Io
153 42 666 80 Hinc ſimul exierit, ſit ſubitura plagas.
89 80 678 117 Hllaq; perpetuo noſtras vox intoner aures:
166 114 680 147 Sugite; vos iudex corpora fncta citat.
83 147 736 180 Sic neque pauper. e, neque deteriebimur ægris
150 180 686 214 Artubus hinc animo proficiente magis:
124 214 686 247 Et prope cum notræ fuerint confinia vitæ,
140 247 785 280 Iamq; animæ in primis adſtiterint foribus;
127 280 586 312 Decurſo lethi ſpatio, feliciter iſtinc
166 315 682 348 Ibimus Angelico concomitante choro:
128 347 729 380 Tunc ſi quis vixiſſe breues nos dixerit hoas,
168 380 625 413 Nil præter ſolos computat ille dies.
279 416 740 447 Crapulam det ſt ur Ad Carolum.
126 447 717 479 Sunt vbi depaſtæ volucres, vel in aëre ludut
167 481 761 515 Vel ſcalpunt plumas, ſe vel in amne lauant.
135 515 788 547 Atque vbi quod ſatis eſt piſciſve pecusve comedit,
168 548 611 581 Intempeſtiuo parcit vterque cibo.
133 581 734 616 Aut cadat, aut ſurgat Titan, te cernit edentem:
169 615 594 648 Diuellit ſolus te ſopor à dapibus
130 649 778 675 Hinc decent hominem ſublimi ftemmate mores?
169 683 611 715 Hocne paludatæ nobilitatis opus?
131 715 673 747 Vidiſtine ſuem diſtento ventreiacentem?
171 750 609 783 Te non abſimiliconditione puta.
91 782 767 817 Quâ ſtomachi tam feruentis face. Carole, credis
171 817 691 849 Tot congeſta ſimul fercula poſſe coqui?
134 849 785 888 O miſer, & deflende hominis de more perempti;
169 882 656 918 Differat a letho cum tua vita nihil.
129 916 726 950 Vna ſalus ſupereſt tamen, aduertiſſe, quis eſſe
168 951 633 984 Exitus immodicis ſueuerit ex epulis
137 986 694 1018 Hinc incetta pedum veſtigia, pallor in ore.
170 1018 629 1044 Hinc delirantis debilitas cercbri.
132 1050 774 1086 Hinc caput excluditur Vertigine: bile tumeſcunt
170 1086 697 1119 Pectora; toquentur viſcera; viſus habet.
133 1119 744 1153 Perq; cutem largus totam diffunditur humor;
174 1153 668 1187 Sæpeq; mors tales occupat ante diem.
136 1185 651 1214 Maiores nouerc tuos Occaſus & Ortus,
845 1222 927 1245 Tee
