1455 1398
276 18 473 57 BIGI.
781 36 845 59 4
904 42 1029 82 E
80 63 616 102 Temporis vt primos Marte togaque ſui.
1 90 704 138 Tene putas iri à vitiis hac ſorte redemptum?
30 135 594 168 Tene putas dignum forfitan inde col
1 155 742 201 Degeneres nunquam præcedunt agmina tauri,
1 202 632 235 Vincere ſed reliquos quipotuere mares.
1 235 623 276 Dux gregis eſt elephas aliis præſtantior; iiq;
89 269 611 303 Vltimus e turbâ, qui nihil audet, equus.
1 302 564 340 Te vitæ ſi tangit amor, ſi gloria, noli
83 336 616 368 Maiorem, captu ventris habere famem.
249 371 577 400 Ad Caſarem, de otio vitando.
1 398 626 450 Quod tibi ſit facilis ies omnis, & otia turbet
85 436 700 471 Nil tua, te plurimum, Cæſar, in vrbe putas
902 430 935 468 .
1 463 744 512 Sit mare tranquillum, quid nauita laudis habebit
40 504 589 537 In portum ſaluà perueniente rate?
1 528 802 579 Non minus hæc celebrant, quam ſecla vetuſta, Catonem:
85 571 651 605 Scilicet huic ſegnis vita quo acta fuit?
951 566 985 600 I
1 596 656 644 Re magis haud vllâ nntuit quàm vaſe rotatus
903 622 935 646 ſ
82 639 650 673 Regulus, & Cocles quod pede claudus erat
952 648 984 683 t
48 673 662 704 Vnde fuit claros Lucullus adeptus honores:
84 707 624 740 An quod acer vatas torpuit inter opes?
1 731 622 774 In varios virtutis amor teconcitet actus:
47 775 628 808 Illa nequit requiem mollitiemq; pati.
1 805 625 841 Illanec eſt voto, nec odore petenda habæ:
81 840 573 875 Aſſiduo tantum quippe labore datur
1 876 664 908 Ecce forum premit oppreſſo vi iure potentum;
906 892 1036 925 t
82 909 657 941 Iuſtitiæ hos contra fortiter adfer opem.
46 942 708 977 Ecce feros contra parat arma Eceleſia Turcos;
82 977 593 1010 Curre flagellato puluerulentus equo.
44 1004 764 1043 Magni animum tibi fume viri Chriſtoq; clientes
79 1044 565 1074 Morte nihil timeas multiplicare tuâ.
45 1074 725 1110 Hinc habitant multorum animæ felicia regna;
76 1110 594 1144 Magnaq; factori proxima turba ſuo eſt.
42 1139 649 1179 Vt ſegetes, ſic ingenium exercere neceſſe eſt;
19 1177 612 1213 Præcipue ſi quid germinis inde cupis.
44 1206 750 1251 Germina ſunt, placidà contra incutſantia mente
718 1240 1010 1294 puH
