957 1342
353 33 668 60 LVDOVICI
96 40 166 65 41
156 77 642 111 Durare, & proprio non cecidiſſe loco.
124 111 701 141 Germina ſunt, duros nil formidare dolores,
157 145 672 179 Fortius & cunctis pectus habere malis.
121 179 715 212 Ardua quid valeat vuitus, patientia monſtrat.
157 212 637 245 Otia ſunt cupido pœna laborq; viro.
123 246 730 278 Nunquam aliquid rear accidere infelicius vlli,
158 278 698 312 Quàm res aduerſi cum nihil eius habent.
125 311 697 345 Me crebris potius ſors occupet aſpera curis,
138 345 630 381 Quam foueat blando deſidioſa ſinu.
276 381 712 412 Ad Linum. in habcndi cupid. tatem.
123 412 738 446 Atbor erat nullis mihi fructibus apta ferendis,
157 445 567 470 Parte ſuburbani fertiliore mei.
125 477 708 513 Quàm licet iratus ſæpe obtruncaret arator,
160 513 669 545 Surgebant rami mox tamen inde noui.
126 546 679 579 Aſt vbi procubuit radicibus eruta ab imis,
159 579 553 613 Deſiit inuiſas exeruiſſe comas.
125 613 719 647 Sic ſcelerum radix ſitis exſtirpetur habendi,
161 647 685 680 Omnibus exemptus ſi cupis eſſe malis.
124 680 754 714 Hinc ſiquidem prius vnanimes diſcordia frros
159 714 656 747 Diſtrahit, hinc rapiens rex aliena furit.
127 748 748 783 Hinc domino parat inſidias qui ſeruit, & annos
159 782 625 815 Filius enumerat patris, auiq; nepos.
123 815 744 847 Vim puer, & ſacræ patitur veneranda puellæ
157 848 715 882 Virginitas, modus eſt nullus adulteriis.
125 882 801 915 Sanguineo natat imbre ſolum, in caſumq; feruntur
160 915 669 949 Oppida, & æquoreæ ſollicitantur aquæ.
126 949 767 982 Nil neque fas, neq; iura valent: ac deniq;, rerum
159 982 685 1015 Nulla fori ſpecies tuta. nec vlla domi eſt
124 1017 798 1050 Sat magnas es adeptus opes, Line, tempore paruo;
159 1049 678 1075 Effectusne animus lætior inde tuus?
125 1082 752 1117 Iamue minus cupit illa fames, ſatiataq; tandem
161 1118 672 1150 Contenta eſt paucos nil inhiare dies?
128 1149 740 1186 Sit tibi, mons fului quantumlibet arduus auri:
161 1183 660 1219 Sit mihi, naturæ quod ſatis eſſe queat;
129 1216 699 1254 Quid refert ex diuerſo quod alamur aceruo?
811 1256 903 1293 Quus
