963 1321
380 7 687 47 LVDOVICI
152 29 200 52 44
157 61 658 94 Nil acie, præ ſecorda doloſa ferunt.
151 95 786 129 Tene iuuat tam terribilis commercia monſtri
186 129 680 162 Vnde tibi tantum pectoris eſſe poteſt?
153 162 766 194 Hei mihi, quam late tantus diffunditur error,
187 195 719 229 Hei mihi, quam multos obruit iſta luesl
127 229 669 265 Rodimus alterius imaiore negotia curâ,
185 263 709 296 Quam placeat propriis inuigilare bonis.
95 296 784 331 Parua licet ſit lingua, tamen ferit acriter, atque
184 329 732 363 Attrahit in ſubitam corpora tota necem.
150 363 733 396 Ceu nemus exiguo vaſum ſuccenditur ignii.
185 395 687 427 Euertit magnas lingua puſilla domos.
152 430 826 472 Non caret ingenio, quicunque libentius audit,
186 462 649 496 Incuſtodito quàm velit ore loqui.
151 495 797 529 Cum geminas natura homini conceſſerit aures,
185 529 615 561 Os vnum; fariparcius ipſa iuuat
151 563 737 597 Sæpe aliquis deflet laceris ſua verba capillis:
185 597 746 629 Sed nunquam, aut raro conticuiſſe dolet.
152 630 744 664 Stultitiæ reus ipſe Solon; quod pauea profari
169 664 692 697 Nollet, ait: ſtultus nemo tacere poteſt.
150 698 763 729 am caue, ne præſtans animalia cetera verbis
183 729 605 756 Hac fias illis conditione minor.
350 766 699 798 Ad Seuerum. De pros identiâ.
150 798 764 827 Nocte micant ſtellæ; dubiam Tithonia lucem
181 831 690 867 Euehit, & certum clarus Apollo diem.
148 865 781 896 Nuna toto, nunc dimidio micat orbe, minſve
180 897 796 933 Plſve; nec interdum Cynthia lumen habet.
145 931 762 968 Terra immota ſuâ vi pendet: & aſtra rotantur,
180 968 688 1001 Et mare per certas it remeatque vices.
145 1000 766 1035 Nec modicæ ex parua fruges ſemente leguntur.
179 1033 704 1067 Hæc melius linum fert ſeges; illa fabas.
144 1068 782 1100 Prorumpunt quandoque iugis incendia fractis:
179 1100 706 1134 Hiberno frondes tempore laurus habet.
144 1133 678 1167 Indurat glebas cogitq; liqueſcere ceram
179 1167 643 1200 Ignis; & elisâ fulgura cote micant.
140 1199 819 1235 Quid pluuias luculente graues Hyperione dicam?
782 1240 928 1272 Magna
1 1251 83 1280 .
