1440 1313
381 14 539 41 BIGI,
88 55 609 90 Magna quid è riuo flumina nata breui?
1 81 612 121 Hæc: uit; illanouo ſe profert inſula dorſo:
94 121 717 152 Naſcitur hoc animal, creſcit id, illud obit.
1 156 594 198 Fallerishac fieri ſi caſu, & cætera credas;
90 191 619 223 Cum cauſas habeant orta, Seuere, ſuas.
1 218 659 260 Quis nitidos veſtit ſquamoſo tegmine piſces
940 251 976 280 i
34 258 650 294 Quis gemino alaum remige munit aues?
1 292 653 327 An fortaſſe graues ſunt nullo auctore lapilli?
86 324 714 359 Atque calor flammis inſitus, humor aquis?
1 359 783 393 Si caſu hæc veniunt, cur nunquam eſt ſquameus ales?
94 392 599 424 Nec verſo plumas ordine piſcis habet?
16 426 702 460 Cur aqua non ſiccat? nihil humectatur ab igni?
80 459 578 492 Ardua cur nullus tendit in aſtra lapis?
1 494 673 527 Semper vbi immoto procedunt cuncta tenore
95 527 678 559 Nullam vbi vim varius caſus. habere poteſt.
1 560 765 598 Quicquid agit tantillumanimal formica, ſupernæ et
95 595 628 628 Legis, & a ſummo cauſa Tonante venit.
57 628 661 664 Si qua cadunt homini vel læta vel aſpera; noli
94 661 557 696 Iudicio magni non tribuiſſe Dei.
3 697 757 730 Nec moueat te, multa bonos quia ſæpius angant,
95 730 613 765 Quodq; mali valeant delitiiſque fluant.
61 764 713 800 Quos aſtutus amat genitor, tenet arctius, & quos.
96 797 573 832 Oderit, hos libito viuere moreſinit.
1 827 682 868 Sic ſalices, quia ſunt ſteriles, nullâ educat arte
68 865 572 899 Ruſticus; aſt omni ſedulitate Pyros.
65 898 634 932 Vidi ego correctos nulli vim ferre Leones:
94 932 526 964 Non caſtigatas ſæpe ferire canes.
60 964 718 999 Iudicium explorare Dei dementia ſumma eſt:
93 999 637 1033 Maior; ab hoc, recte cuncta negare regi.
208 1034 673 1062 Ad Marianum. DeAdulatione.
59 1065 640 1099 In mediis te munificum, Mariane, rapins.
94 1098 589 1133 Inq; ipsâ vrbaum ruſticitate voeant.
38 1129 696 1165 Et tua blandiloquo mens eſt ita prona ſſrro,
44 1165 616 1198 Vt te illis dignum laudibus eſſe putes?
1302 1177 1336 1206 E
59 1193 803 1236 Cum gemeret Nacetum rexictus arundine magnus.
738 1225 1009 1274 Ssuſpn-
