960 1327
451 2 594 28 BIGI.
160 45 707 85 Suſpenſumq; tenens crus reſideret equo:
128 80 724 116 Eſe Iouis me progeniem vos diciis, inquit;
157 113 692 149 Aſt hominem. plagæ ciamitat eſſe dolor.
125 144 814 186 Te quoque quam calcas, terra arguat eſſe caducam
159 179 682 219 Beſtiolam; & tanti quod facis, eſſen hil
126 212 788 252 Sulphureo ſiquidem laus ficta ſimillima fumo eſt
158 248 674 283 Ad breue vaneſcit tempus, obeſtq; diu.
129 282 765 318 Stelliferum digitis te ſcaipere credis Olympum;
163 316 721 349 In ſcrobe cum teneas orachia, colla, caput.
113 350 761 388 Sed quia te lactat vox blanda, emergereneſcis;
162 383 691 420 Menſq; ſuis plaudit credula vulneribus.
129 417 654 447 Nulla diu fallunt mendacia. donec Eois
161 450 677 487 Surgat aquis Titan, omnia nocte latent.
125 483 718 517 Exorto actutum apparent Hyperione ſordes;
164 517 690 552 In luce veniunt crimina cuncta breui.
126 551 766 585 Te multi vocitant ſapientem. nunquid eodem,
157 585 720 616 Seu bona, ſeu mala ſint fata, tenore manes?
126 619 730 655 Conſule te, nunquid tibi læta videtur egeſtas?
160 653 756 690 Cordaq; nec probrum, nec tua tangit honor?
132 687 655 724 Quod ſi ſollicitat ſpes, ſi penuria turbat,
160 721 687 754 Si ſternunt animum claſſica pulſa tuum,
126 755 674 789 Cur ita das faciles adſentatoribus aures?
163 787 721 823 Visne aliis potius quàm tibi habere fidem?
124 822 756 861 En tibi laudato pudor inficit ora pudorque
162 856 633 889 Geſtit inaſpectos explicuiſſe dolos;
106 889 664 922 Et tamen attollis ciiſtas, falſiſq; tumeſcis
161 922 787 956 Laudibus, & gradiens vi pede taugis humum:
126 957 690 993 Deq; pari cum Calicolis pugnare videris;
163 991 672 1027 Teq; etiam forſan poſſe tonare putas.
105 1021 746 1060 Heu fuge palpantes teneris tua pectora verbis;
161 1056 736 1092 Corrumpunt animos obtenebrantq; leues.
129 1091 741 1127 Quod precor officium eſtcaris illudere amicis?
165 1123 739 1160 Vtq; illis placeam ſubdola verba loqui?
130 1155 727 1191 Ni quia ab his cupiam laudes audire viciſſim,
163 1191 720 1227 Et mea conſimili pectora fraude capi
825 1222 916 1249 Senti-
