1437 1300
319 7 506 32 BIGI.
40 47 637 88 Sentibus obſepi geminas pungentibus aures:
73 88 609 121 Si cupis, hæc nequeat cor penetrare lues.
32 120 583 160 ollior eſt oleo, ſenſimq; illabitur intro;
71 154 488 188 Sed grauius telis interiora ferit.
16 185 691 222 Quàm ſtultum eſt aperire fores hic hoſtibus vltrà;
70 220 613 254 Sola vbi dat palmam ianua clauſa ſuis?
39 254 656 288 Nonne vides quantum laudata inſania creſcat?
67 287 665 322 Et quodcunque aliquis crimen in aſtra ferat?
17 319 562 355 Felix o nimium qui ſe ſcrutatur in imo,
17 354 561 386 Nec niſi vult proprio credereiudicio:
17 381 664 427 Nec, ſua ab inſtabili probitas vt pendeat aura,
64 420 541 454 Suſtinet, & ſoli vult bonus eſſe Deo.
176 455 592 484 Ad Manlium, cortra vim aſtrorum.
33 487 589 521 Cauſſaris, quoties peccas vim ſideris; ac ſi
63 521 531 554 In vitium cogi libera cotda queant.
31 551 612 588 Ergo Deus dedit incaſſum præcepta. nec eſſe
61 588 605 621 In noſtrâ voluit vitam obitumque manu.
31 617 734 657 Quiſquam ergo immerito æternâ deplorat in vmbra,
60 654 586 688 Perpetuoue fruens lumine ſemper ouat.
17 686 664 721 Maſcula Gallorum pubes, ceu femina quondam
17 721 533 754 Conceſſi aſſuerat nubere more tori.
29 752 685 789 Nunc quantum id iti gens illa perhorreat, omnis
17 788 525 823 Nouit ab Eoo limite ad occiduum.
17 821 550 856 Aſtraue nunc aſtris illic diuerſa vetuſtis,
17 855 550 887 Influxu ſceptrum candidiore tenent?
16 886 627 921 Nonne putas, multi puncto naſcuntur eodem
62 920 596 956 Quo ſoboles ortum maſcula regis habet?
28 954 588 987 Hæc tamen imperio tantum ſuccedit; & illi
61 987 616 1020 Semper habent miſero ſubdita eolla iugo.
27 1017 746 1055 Pugna quot, aut fluctus, ſeu flamma quot abſtulit vna?
17 1053 523 1085 Hosne ſatos vno ſidere crediderim?
16 1083 672 1117 Non aſtrum cauſſa eſt ſceleris, ſed ſola voluntas:
17 1117 631 1154 Hinc probitas, Manliprodit & improbitas.
176 1151 596 1184 Ad Ladiſiſis.
22 1181 669 1221 Quid ibi concretis vult ſquallda barba capillit
737 1212 805 1260 a
