985 1321
345 1 672 34 ILVDOVICI
175 45 647 95 Quid vox demiſſo preſſa ſupercilio?
130 70 774 124 on aliter ſtautio data forma volatibus apta e,
174 111 726 153 Cum tamen is nunquam, Ladiſilae, volet.
133 143 762 188 Virtutum tibi ſigna placent, led diſplicet vſus:
176 179 647 223 Sub pulero crmis cortice ſæpe latet.
131 208 804 261 Quam graus pro fagili eſt duros mercede labores,
180 244 695 290 Magnaq; pro paruo damna fauore pati.
133 274 764 324 Decipitur, quiſquis mauult probus eſſe videri;
181 311 676 349 Diſcendis anim quam vigilare bonis.
146 343 741 392 Qucquid agis ſtudio laudis, vaneſcit in auras;
180 378 628 421 IIlaq; continuo vix ſatis orta perit.
136 407 811 454 Munda licet fuerit caro virginis; hunc tamen intrs
183 445 649 481 Abnuit, infectâ mente, vocare Deus.
135 473 769 528 Quid corpus torquere fame, modicaq; quiete
183 509 635 552 Eit opus, & togulâ pauperiore tegi?
136 540 729 586 Si tamen incultis animus ſub veſtibus ardet?
185 576 686 619 Menſq; inter ſodes ambitione tumet?
148 606 699 650 Florida mil prodeſt ſine fructu vinea: ſic &
187 642 734 687 Nil animam, quod fit laudis amore, iuuat
150 673 765 719 Namq; licet frondes videatur habete virenteis;
186 707 762 745 Non tamen ad fructum prouenit illud opus.
139 742 748 789 Quis furor ot alto te credere viuere in axe;
185 775 734 811 Defoſſus ſcelerum ſtercore cum iaceas?
152 808 759 854 Quæ tua laudari eſt, ceu ſis ſine labe, voluptas;
188 841 666 885 pſo animo ſordes conſpiciente ſuas?
144 877 637 919 Vt qui omperto ditari ſomniat auro
188 907 704 944 Gaudet, at euigilans gaudia vana dolet:
141 941 740 981 Nonne mier ſimili ctuciaris imagine. cum te
187 976 628 1011 Laudari fictâ de probitate vides?
142 1003 788 1046 Laus ominis propria eſt, naturæ viuere ſanctis
188 1041 743 1084 Legibus: illa nihil, quod ſimulatur, amat.
154 1077 643 1118 Si quis fictilibus ſic vti nouit, vt auro;
191 1105 766 1143 Nullus eum magnum deneget eſſe virum.
156 1139 710 1175 Nec minor eſt, vti fuluo quicunq; metalls
192 1174 593 1207 Sic vt fictilibus, Ladiſilae, ſolet.
824 1206 934 1238 Eaupe-
