1450 1345
355 10 525 41 BICI.
1 38 698 96 Pauperies animis nunquam eſt lucroſa ſupebis.
101 88 604 127 Submiſſis nullo tempore cenſus obeſt.
3 120 675 156 Eſt ſua muneribus merces, ſi cauſſa monendi
3 154 575 193 Diuinus fuerit pectora dantis amor.
4 189 628 227 Sic & tenperies, & mens interrita prodeſt;
100 222 634 255 Sic vtens æquàdextra bilance iuuat.
5 253 685 293 At ſecus, in rapidas abeunt ea cuncta procellas;
99 288 606 325 Perdunturq; pari res pretiumq; modo.
2 322 593 360 Ergo vana rudis præconia deſpice vulgi:
1 353 685 396 Eſt animæ humanus ſubiiciendus honor.
231 390 601 422 Ad Album. De vitâ ſoli ari.
1 409 592 457 Visne ſuperbificâ verſari ſemper in aulâ,
39 453 625 489 Atq; ſupruacuas captare perenniter auras?
38 486 614 521 Effuge, ſi quidquam ſeniori credis amico,
53 520 824 560 Turbam hominum, quantumq; potes, tibi quære latebras.
54 553 713 587 Sunt, quæ ſigna pedum ſoleant turbare ſuorum
40 586 624 626 Circa luſtra feræ, lateant vt tutius, atque
53 620 681 659 Impauidæ foueant catulos, capiantq; ſoporem.
1 653 736 692 Sic homini, tangit quem cura quietis, agendum eſt,
54 686 722 721 Sicut enim ventis quaſſatur ab omnibus abor,
52 719 707 757 Vertice quæ celſo patet vndique; non ſecus vrbe
34 753 669 789 In mediâ quemcunque iuuat traducere vitam,
36 785 659 828 Nunc quatitur liuore graui, nunc æſtuat irâ,
10 819 720 859 Nunc furit in venerem, nunc rebus anhelat opimis;
9 853 682 892 Et nunquam mores, quos extulit, Albe, reportat;
48 886 750 924 Semper & huic aliquid vitij turba imprimit, aut clam
24 917 680 959 Adlinit ignauo, vel commodat. adſpice quanto
50 949 708 987 Turbine iactentur tua carbaſa. nonne neceſſe eſt
50 983 619 1025 Aut miſeris ſuperes vrbana Ceraunia curis,
48 1018 567 1055 Aut pereas bis terq; die? Si vipera iuxtà
1 1050 574 1090 Te fuerit tutnedabis tua mente ſopori
11 1083 741 1123 Lumina? vulneribus parcet fortaſſe: ſed ipſum
16 1117 689 1157 Concutiet terrore animum. non poſſe ego vinci
1 1148 582 1190 Malim, deſerto ſi degero ſolus in aruo;
42 1180 712 1222 Qum celebri gtin vrbe
731 1221 1022 1280 i
502 1223 601 1250 Dd a
