975 1339
389 41 670 72 LVDOVICI
141 88 668 131 Iugiter vrgenti non ſuccubuiſſe periclo.
145 125 725 158 Paudimus hic, illic euadimus ergo age ne te
147 153 815 195 Occupet incautum Lacheſis: vacuuſque bonorum
149 187 756 229 Ne pereas operum, maneſque feraris ad imos;
146 222 792 263 Fac; vegetem reuoces ad pectoris intima mentem:
148 253 767 295 Vtque graues animæ maculas cognoris, & vnde
147 290 679 323 Sortitæ fuerint ortum, præcide tenaces
150 321 738 358 Morborum cauſas, ſoliſque habitare cauernis
150 356 670 393 Non pigeat, ſi fiat opus. non auferet illic
148 389 709 423 Luxuries te præcipitem, non ira, fauorque,
151 420 756 453 Non infandus amor formæ, nec auara cupido.
148 454 751 491 Non fibi pauperies fratrum, non rixa ſororum,
149 486 810 524 Non procerum plebis ve furor te diſtrahet vſquam.
148 520 752 558 Semper eris tuus, atque animo potiere ſereno:
148 554 762 592 Atque vbi mortalis lux venerit vltima vitæ,
149 586 800 624 Exultans reddes animam, dominuſque benignis
148 622 692 656 Vocibus illiciet: ſurge O pulcerrime, ſurge;
149 655 716 691 Præteriit glacialis hiems, imberque receſſit:
149 690 699 725 Corporeas exuta plagas leuis inde penates
145 722 753 758 Ingredere æthereos; vbi quæ tibi gaudia neme
141 755 742 793 Eripuiſſe queat, neque diminuiſſe rependam.
319 793 669 824 Ad Candidum. de paupertate.
145 818 797 859 Magna licet tibi ſint patrimonia, niltamen æqt
183 855 760 888 Sordidulam ac metuis, Candide, pauperiem.
120 887 924 926 Numquid habet tantum illa mali, tam flebile quidqua,
183 924 647 956 Debeat vt fortem ſollicitare virum?
144 958 641 992 Forſitan à caris ne deſtituaris amicis
181 989 689 1025 Inde times; crebro quod cecidiſſe ſolet.
144 1024 735 1059 Hoc primùm bene de nobis operoſa meretur
180 1059 662 1093 Paupertas. blandos detegit illa dolos:
146 1090 724 1125 Nec falſos decepta fouet, nec paſcit amicos:
180 1124 770 1159 Pauperibus nunquam ſubdolus hæret amo.
146 1158 685 1191 Belliſonos pauper lituos interritus audit;
181 1191 739 1226 Nec quærit, captâ quid ferat vrbe, foras,
138 1222 782 1263 Broſpici, fugitns tantummodo, vit
838 1257 913 1287 Cum
