1440 1333
369 9 513 35 BI.
804 19 852 50 a
102 51 579 86 Cum nullo deſit panis & vnda loco.
1 79 658 119 Scit victum exiguo conſtare, nec eſſe neceſſe
101 121 592 154 Poſideat magnas, vt bene viuat, opes.
2 153 695 193 Scit mala vota ſuas quis merſerit æquore garas,
99 187 508 220 Poſſet vt ingenio liberiore frui:
2 200 663 254 Scitque quis ad Solem, contentus vaſe rotato,
2 251 585 287 Munera Pellæi ſpreuerit ampla ducis.
2 286 726 336 Excolat vt mentem quiſquam, non obſtat egeſtas
100 321 624 355 Gaza ſed ampla nimis ſæpe nocere ſolet.
1 337 768 392 Simagis eſſe putas animum quàm corpus amandum
96 387 522 419 Viuere te cenſu pauperiore doce.
1 421 613 455 Quod ſatis eſt vitæ, retine:præſtetur egenis
96 454 658 488 Quod ſupereſt vitæ ſat, toga, panis, aqua et.
55 488 632 522 Quod ſi fortunas amor eſt ſeruate paternas;
92 521 567 546 Deſine diuitiis ſaltem inhiare nouis.
53 555 659 589 Nemo poteſt animo pariter lucroque vacare.
91 589 649 621 Accipiter geminas non bene captat aues.
50 621 660 655 Altera diffugiet, ſiue vtraque ſæpe:ſequenſque
88 656 650 689 Sæpe duos lepores, perdit vtrumque canis.
54 689 635 721 Si te opibus ſatiare prius fortaſſe requiras,
85 721 627 754 Explebis tantam quo precor amne ſitim?
51 755 527 789 Erue Pactoli totas fulgentis arenas,
86 785 706 821 Et Tagus & Hermus congere quicquid habent.
24 822 727 856 Sterne domum argento, tegat aurea lamint muros;
87 855 530 887 Omnis ab Eoo ſit tuus orbelapis:
49 880 723 920 Nec valeas numerare pecus, nec perdere nummos:
88 920 661 953 Plus cupere inde tamen diſcet auara fames.
47 955 643 989 Quid Natura ſatis credat, nec Opinio, quære:
85 987 666 1020 Hæc etenim immenſum poſtulat, illa parum.
50 1021 620 1054 Nunquam diues eris fallentia vota ſecutus:
83 1054 571 1086 Erranti nullus terminus eſſe poteſt,
1 1087 700 1125 Horridulum cape mantellum, ſtratoq; parumper
84 1120 544 1154 Vtere gramineo, ruſticoloque cibo.
1 1150 722 1194 Pauperiemue adeo dehinc duxeris eſſe timendam
60 1186 594 1221 Quid ſi plus locuples anxietati habet?
543 1219 634 1248 Dd
868 1304 1026 1331 ,
