981 1321
363 4 667 30 LVDOVI
134 44 781 81 An faile eſt multos & edaces paſcere ventres?
192 81 703 115 His ſoccos? illis ſuppeditare togas?
158 113 773 148 Armentiſq; luem? ſcept vque timere ruinam?
197 148 669 179 Aut nimios æſtus, luxuriemve ſatis?
159 180 707 209 Arebus ſaltem interdum ſecede caducis;
193 214 702 240 Et tandem æternis diſce vacare bonis.
160 246 742 279 Temnerc ſi nequeas cenſus, interritus illos
194 279 796 315 Poſſide, & his animum poſſe carere doee.
434 317 611 348 Epithalamium.
160 345 693 380 Ille opifex rerum, qui connubialia ſanxit
194 380 654 409 Iura, volens vnâ carneſubeſſeduos;
161 412 809 445 Ille, inquam, ſine quo fauſtum nihiil auſpice cedit;
194 445 763 478 Adſit, & has placido omprobet ore preces.
160 476 798 510 Det ſponſo & ſponſæ multos concorditer annos,
157 512 672 545 Et longo videant ordine progeniem.
161 545 835 578 Et quæcunq; velint nolintve, precamur; t idem
193 577 674 612 Arbiter hæc ſemper nolit; & illa velit.
438 615 601 638 Ad Flaccum.
152 643 802 679 Immenſas tremulæ grates age, Flacce. ſenectæ:
195 679 744 714 Nam quod debueras nec voluiſſe, nequis.
409 715 586 746 Ad Paulum.
160 743 687 778 Fœlices, clauſis cerâ quos auribus antra
195 776 664 814 Sirenum tutos præteriiſſe ferunt.
161 809 757 847 Nunc opus eſt alio farcimine. namq; videmus
188 842 726 879 Omnibus immanes eſſe locis ſcopulos.
159 873 835 911 Hic puer, hie meretrix, laudum ſitis, atdor habendi:
192 908 733 946 Hic odium, liuor fraus, gula, faſtus hiant.
157 942 807 979 Et quota pars hæc ſunt? citius quis poſſet arenas,
192 976 759 1011 Præcipites homlnum quàm numerare vias.
161 1007 769 1044 Quas ſaluis tranſir queas vt mereibus: aures
192 1041 698 1078 Nec cerâ oblime, nec pice, Paule, volo.
150 1073 714 1112 Sit mens aſſiduis addicta laboribus: iſtud
150 1107 660 1144 Vel gypſo gluten firmius eſſe puta.
375 1147 623 1170 Ad Endromii tm.
150 1170 798 1215 It citò fluxus aquæ; tranſit cito fulmen at ipſo
759 1215 931 1248 Tempore
