1451 1328
416 15 544 42 BIGI.
120 58 668 95 Tempore comperies nil magis eſſe fugar.
67 94 702 128 Euolat, in mortemq; aliud nos dueit agentes;
119 127 627 160 Cum nihili faciant vir mulierq; diem.
67 160 775 198 Cetera ſint quamuis haud noſtra, Endronice, præter
117 194 708 228 Tempus; id in minimis ducimus eſſe tamen.
67 227 736 260 Et bona ſi bona ſunt noſtris aliena probamus
113 261 617 293 Nos magis; & caris vilia præferimus.
84 294 755 328 O nimium mens cæca homihum, ſe more ferarum,
67 328 700 360 Corporeis patiens ſenſibus vſque trahi.
67 360 760 394 Iam iam quod vitæreliquum eſt, ratione regamus:
104 394 618 428 Haud vnquam virtus ſerior vlla fuit.
338 429 471 458 Ad Picum.
67 459 694 504 Firmus amor, ſtudioſa fides nil ferre recuſat:
116 494 617 528 Bigulus ecce tuus, Pice, vocatus adeſt.
67 526 672 560 Non hunc aſperitas, non hunc ignota viarum
117 563 574 594 Semita, non patrij detinuere Lares.
79 590 759 625 Nec mirum. mens huius enim ſub pectore ſemper
67 626 761 661 Tecum habitat: corpus, quo lubet, illa trahit.
328 664 505 686 Ad Forturam.
67 692 635 728 Me licet exigno ditaris, Nortia, cenſu;
108 728 638 761 Attamen expediam plurima digna viro,
77 761 693 795 Munera de proprio noliſq; veliſque dabuntur;
115 795 617 829 Quæ dare de rebus vis nequit vlla tuis.
82 828 590 863 Qui nihilo niſi diuitiis innititur, illum
116 861 619 898 Mancipium tantum dixeris eſſe tuum.
338 898 491 922 Ad Titum.
77 926 716 963 Qo pacto abſtineas vitiis, Tite, diſcere quæris.
115 961 651 996 Credito ſupremum quemlibet eſſediem.
321 996 471 1027 Ad Vrſm.
79 1028 633 1061 Orator dici cupis optimus. id tibi tandem
113 1059 751 1096 Perſuade; tantum quod decet, Vrſe, virum.
44 1092 824 1130 Quj ſibi, quod rectum eſt, nunquam perſuaſerit; hne
41 1127 573 1166 Iure oratorem dixeris eſſe bonum.
322 1162 478 1187 Ad Album.
77 1192 686 1236 Quo plures ætas tua præcipitatur ad annos,
804 1221 884 1250 us
