1001 1322
382 1 676 25 LVDOVICI
174 47 697 79 Hoc tibi maiores adcumulantur opes.
154 78 765 113 Ridiculum nimis eſt; maiora viatica cum qus
207 113 679 148 Præparat, Albe, magis deficiente vià.
411 149 583 172 Ad Ferandum.
173 177 799 216 Magnus es, & magnas mihi res promittis, & eſſe
206 215 629 241 Pars animæ dicor dimidiata tuæ.
176 247 768 284 Quiſquis perſonis, nec rebus, verba, Ferande,
204 281 780 309 Æſtimat, hunc cautum dixeris? anne leuem?
409 316 547 340 Ad Lium.
174 348 760 385 Qualiter abductâ ſæuit Line, coniuge taurus:
207 381 691 411 Vt ruit in furias ſanguinolentus aper;
169 412 727 441 Haud aliter furis nuiſos offenſus in hoſtes.
206 446 705 484 Neglige lædentem, ſic grauis vltor eris.
425 482 557 504 Ad Titum.
175 512 703 546 viuere flagitio ſi vis, Tite, liber, ab omni,
204 547 569 572 In deſolato ſit tua vita loco:
169 577 861 614 Atq; ibi quicquid ages furtimve palâmve, memento
202 614 682 648 Inſpectatorem ſemper adeſſe Deum.
395 648 590 680 Ad Pamphilum.
171 680 774 714 Neſcio quid ſtupido miraris, Pamphile vultu,
203 714 693 748 Anne clientelas huius?an huius opes?
168 748 748 780 Anne catenatos claros ex hoſte triumphos?
202 781 775 814 Aut celebri primos nunquid in vrbe gradus?
169 814 840 850 Quicquid habet terreni aliquid;mirabile nunquam
200 849 733 880 Dixero; nec magnum cui cit finis erit.
376 883 681 914 Ad Angelum Politianum.
168 913 729 948 Cm ſis & vates, noſtri decus Angele ſæcli;
197 947 629 973 Et mihi Phoceâ iunctus amicitiâ:
167 981 759 1015 Quis credet de me tibi tanta? poëtica quando
197 1015 653 1048 Fingat;& ex facili decipiatur amor.
383 1050 557 1081 Ad Pæulum.
162 1081 746 1114 Qui nudo & pene exanimo ſuceurrit amico.
196 1115 698 1149 Paule, nec occurrit; diligittanne pudet?
451 1151 552 1182 Cra.
166 1180 797 1220 Nec gladio, nec naifrago tam magna profundo
855 1218 948 1246 Turba
