1444 1320
363 4 509 30 EIGI.
96 46 635 83 Turba perit; nimio pondere quanta cibi.
306 83 472 114 Ad Virginem.
46 104 688 155 Theſarum cùm, Virgo, tuum vas fictile ſeruet:
97 149 572 183 Vt caueas quæ ſunt noxia; tuta caue.
338 182 479 216 Eleemoſyna.
46 203 630 263 Fix &nimium, qui victum præſtat egenis:
45 250 576 290 rPra fragili æternas ære lucratur opes.
320 283 513 312 Ad Franciſcum.
46 304 616 343 Omnibus vt notusfias, Franciſce laboras:
97 348 585 384 Compos eris, nullus ſi tibi notus erit.
316 384 501 407 Ad Ludouicum.
45 414 752 451 Quod laceras Ludouice, meam, mihi gaudeo, vita.
95 450 586 481 Laudari eſt, homini diſplicuiſſemalo.
301 485 509 508 Ad Mæmurium.
46 517 532 551 Quiſquis concupit inter innocentes
45 551 511 584 Vitam ducere, Mamuri, quietam:
46 583 481 616 In ſolos fugiat locos neceſſe eſt.
316 619 476 643 Ad Flaccum.
46 648 650 687 Quid iuuat externis populis indicere bellum?
95 684 609 717 Cum vitiis malim prælia, Flacce, geras.
301 720 439 749 Ad Vrſum.
49 744 758 788 Qud patriâ careas quereris: patria, Vrſe putanda eſt,
95 785 624 819 Quocunque eſt homini vita quieta loco.
294 820 447 843 Ad Aulum.
51 849 721 885 Mens ditem,non gara facit. pauperrimus Aule eſt;
94 886 568 920 Maiores quiſquis iugiter optat opes.
295 920 463 952 Ad Marium.
58 950 669 989 Qud tacitum cupis eſſe Mari, ne dixeris vlli.
96 986 533 1027 Si tibi ſecretus non eris, alter erit?
292 1021 416 1054 Hipocrſis.
62 1047 734 1084 Sancta foris, ſed praua domi eſt mihi vita, placendi
92 1085 660 1118 Cauſsâ homini, parui lædere pendo Deum.
296 1121 463 1145 Ad Maurum.
58 1148 681 1184 Maure, tuus iacet ante fores & ſupplicat hoſtis.
96 1184 578 1219 Pœnarum, vlciſci poſſe, ſat eſſe puta
762 1203 871 1241 a
