1445 1344
365 1 505 18 II
50 30 656 67 eri obitum, eſt addi vulnera vulneribus.
355 71 531 94 A Titum.
49 101 664 136 de nihil patrare homines diuerſa puderet
49 136 677 169 Crimina, quærebam quæ, Tite, cauſſa foret
50 167 718 212 Vox mihi, neſcio quæ, tenui ſic viſa ſuſurro eſt
79 203 620 237 Dicere: Nulla caret noxa patrocinio.
366 239 472 269 Irgratus.
50 335 743 375 Ouncta negantfratres; tibi cuncta recuſat amicus.
68 369 703 419 Quippe manu refugis, Petre, fricare manum.
264 403 616 436 Ad Cæcilianum ſuſpiioſum.
50 427 686 480 Nil famulo credis, nil fratribus atque parenti
100 470 580 496 Nil audes thalami credere conſociæ.
49 499 675 539 Quid facis infelix? multi docuere fidelem
50 536 575 573 Fallere, dum falli, Cæciliane, timent.
268 570 607 603 Adamphilum curioſulum:
50 599 685 648 Quicquid fit ruri, quicquid fit in vrbe requiris,
95 637 691 671 Et quid inops Codrus, quid Mida diues agat
49 671 668 705 Quid tibi quæſo ſerunt aliena negotia rerum?
95 703 734 738 Anne magiſtratus Pamphile? nunquid opes?
60 737 596 773 Qui res alterus propriis indagat omiſſis,
50 771 628 805 .Blandiri, aue nigro rodere dente cupit.
257 805 602 837 Ad Coſſum. Principes indocti.
59 836 604 866 Sic humana iacet virtus, vt nulla ſalutis,
94 870 544 905 Iudicio ſpes ſit, Coſſe, relicta tuo.
62 902 769 938 Qu ſit cauſſa, taces. dicam tibi; cauſſa malorum eſt
96 938 650 971 Plena quod indoctis omnia ſint Dominis
236 973 572 1004 Ad Caliſtratam ifipicnem.
61 1004 585 1036 Forſitan iraſci tibi me, Calliſtrate, dicis,
99 1035 693 1070 Quod me mittendum dicis in Anticyram.
215 1137 578 1169 Ad Homerum hytocritam.
63 1166 800 1210 Laudo quod adſiduâ ſis in prece, templa frequente.
782 1197 848 1226 Otis
