988 1344
394 19 708 47 LVDOVICI
161 29 211 58 4i
198 62 670 99 Otia quod fugias, illicitoſque toros:
162 94 855 135 Qod neque fœnus ames, neque delecteris honore.
193 130 821 162 Non tamen eſt aurum, qui lquid, Iomere, nitet.
400 166 661 196 Ad Cuprim. Convitia.
161 196 721 232 Te quereris natum nimis infelicibus aſtris,
195 230 760 266 Quod Fabius multis te premat opprobriis.
159 261 863 297 Patce, Caper, lacrymis:n c enim conuitia quiſqu
190 296 684 331 Audierit; ſed qui fecerit. hic miſer eſt.
373 332 672 363 Ad Laurentium. Tempus.
163 363 739 399 Quo te cumque die nil ſancti egiſſe videbis,
192 397 657 427 Hunc tibi, Laurenti, deperiiſſe puta.
155 429 747 462 Iſta nec in minimis ponas diſpendia damniss
194 463 769 497 re poteſt nullo vel breue tempus emi.
333 497 702 526 Ad Creticum. Pueri inſtituendi.
158 529 692 562 Formatur tenera in varias argilla figuras,
192 563 656 596 Ceraq; tractanti mollificata manu.
156 595 734 629 Non ſecus ingeniis licet impreſſiſſe tenellis
191 630 706 657 Slue bonos mores, Cretice, ſiue malos.
332 664 635 695 Ad Vrſam. Detractor.
155 695 711 731 Quod percunctanti de relligione, recuſem
188 730 695 762 Reſpondere tibi, te ſtupor, Vrſe, manet.
153 763 815 797 Extimeo canibus ſanctum dare. quippe latrantem,
187 796 765 829 Vitæ hominem alterius, ſuſpicor eſſe canem.
356 832 658 855 A Pilenium. Adulator.
151 862 703 896 Accipitres vbi vidit anas, & aprica, Phileni,
185 896 738 931 Cerua canes, properæ dant ſua terga fugæ.
150 929 725 963 Sic velut hoſtileis fuge dulcia verba ſagittas:
181 963 685 989 Mollis adulator non minus hoſte ferit.
346 999 648 1032 Ad Arnum. Crapula.
150 1030 741 1064 Vnde tot angantur mortalia corpora morbis,
184 1064 696 1097 Me petis. à lauto eſt multipicique cibo.
148 1095 702 1129 Priſci, vno vtentes & ſimpliciore valebant.
179 1131 705 1158 Tunc herbas norat vix medicina decem.
146 1163 880 1197 Nunc nemora & montes ſcrutatur & æquora, & audet
179 1196 638 1232 Vti etiam magicis ſæpe magiſteriis.
849 1233 932 1257 Exee-
