1429 1327
375 21 522 46 BIGI.
779 24 829 56 49
1 57 677 101 xcedunt tamen & morbi medicamina. quippe
90 99 689 135 Quiſque mori mauult quam cohibere gulam.
336 134 456 158 Meretrix.
1 156 603 200 Cum fruſtra vitii ſiccetur riuulus omnis,
88 200 588 233 Ni fontem validis clauſeris aggeribus;
1 222 584 274 Incaſſum ploras, incaſſum pectora cædis:
84 267 577 302 Expellenda prius turpis amica domo.
222 302 539 334 Ad Pamphilum. Amicitia.
1 323 574 367 Si me per rerras, ſi iuſſeris ire per æquor
84 367 527 392 Scrutabor terras ſedulus & maria.
6 401 669 440 Nullaque me poterunt loca deterrere ferarum,
83 434 553 460 Nec furor vndoſi turbidus Oceani.
1 467 716 506 Contemnam glaciem, ignitosq; Hyperionis æftus;
82 501 611 532 Contemnam ventos, ſaxa, niues, pluuias.
42 529 747 567 Forte loqui videor nimium ardua Pamphile? nullum
77 567 531 602 Difficile eſt veræ pondus amicitiæ.
305 603 417 626 Puntio.
1 628 607 668 Dira per Italiam bacchantur bella. Putasn
59 668 557 702 Hæc fieri minime proſpiciente Deo?
39 701 623 736 An quereris nimis hunc acri ſæuire flagello?
77 736 616 769 Hei mihi, quàm timeo ne grauiora paretl
3 764 811 803 Crimina quo creſcunt hominum magis, hoc agis ipm
3 801 639 835 Creſcere ſupplicium, Bartholomæe decet.
268 836 503 867 Ad Ilifiam. Vanits.
40 868 694 904 Quidquid & Euphrates emittit & Indus odorum,
31 902 632 936 Id totum atque etiam plus, tua veſtis olet.
40 934 646 970 æ tibi, cum nunquam ſuccurrat, Iliſia, menti,
37 968 600 1006 Quam grauis in buſti carcere fœtor eris.
277 1002 480 1032 Adluſtinianum.
41 1032 652 1064 Crdebam te forti animo ſimilem eſſe Cato:
74 1066 586 1102 Sed tibi femineum pectus ineſſe doces.
37 1102 571 1137 Non aliter verbis te detractoris iniqui,
74 1134 593 1170 Quàm trifido ſterni fulminis igne ſinis.
30 1166 646 1203 Fac redeas in te. nec enim conuitia quidqua
1 1201 556 1240 Sed viant, fait
719 1233 815 1264 d
918 1275 973 1298 r
