<?xml version="1.0" encoding="UTF-8" standalone="no"?><PcGts xmlns="http://schema.primaresearch.org/PAGE/gts/pagecontent/2019-07-15" xmlns:xsi="http://www.w3.org/2001/XMLSchema-instance" xsi:schemaLocation="http://schema.primaresearch.org/PAGE/gts/pagecontent/2019-07-15 http://schema.primaresearch.org/PAGE/gts/pagecontent/2019-07-15/pagecontent.xsd"><Metadata><Creator/><Created>2022-04-11T13:56:48</Created><LastChange>1970-01-01T00:00:00</LastChange><Comments/></Metadata><Page imageFilename="0458.png" imageHeight="1322" imageWidth="973"><TextRegion id="r1" orientation="0.0" type="paragraph"><Coords points="1,1 971,1 971,1320 1,1320"/><TextLine id="l1"><Coords points="372,10 372,45 696,45 696,10"/><TextEquiv><Unicode/></TextEquiv><TextEquiv index="1"><Unicode>LVDOVIC</Unicode></TextEquiv></TextLine><TextLine id="l2"><Coords points="694,58 312,58 312,89 694,90"/><TextEquiv><Unicode/></TextEquiv><TextEquiv index="1"><Unicode>Ad Laarum. Vitium in hoore.</Unicode></TextEquiv></TextLine><TextLine id="l3"><Coords points="678,91 148,89 148,116 678,116"/><TextEquiv><Unicode/></TextEquiv><TextEquiv index="1"><Unicode>Miraris noſtro decurrere fulmen ab ore:</Unicode></TextEquiv></TextLine><TextLine id="l4"><Coords points="682,125 183,123 183,155 194,156 682,156"/><TextEquiv><Unicode/></TextEquiv><TextEquiv index="1"><Unicode>Me ſtupeo in tantis viuere poſſe malis.</Unicode></TextEquiv></TextLine><TextLine id="l5"><Coords points="693,158 149,156 149,189 693,189"/><TextEquiv><Unicode/></TextEquiv><TextEquiv index="1"><Unicode>Qui ſcelera vlciſci deberet, peccat aperte.</Unicode></TextEquiv></TextLine><TextLine id="l6"><Coords points="645,191 522,191 434,189 192,190 189,193 182,195 182,221 645,223"/><TextEquiv><Unicode/></TextEquiv><TextEquiv index="1"><Unicode>Hic bona pupilli diſſipat: ille negat.</Unicode></TextEquiv></TextLine><TextLine id="l7"><Coords points="779,222 693,222 682,224 654,225 225,222 113,222 112,249 779,249"/><TextEquiv><Unicode/></TextEquiv><TextEquiv index="1"><Unicode>Venditur ad dominam ſententia iudicis haſtam.</Unicode></TextEquiv></TextLine><TextLine id="l8"><Coords points="666,258 162,255 162,286 201,288 666,289"/><TextEquiv><Unicode/></TextEquiv><TextEquiv index="1"><Unicode>Venales teſtes angulus omnis habet.</Unicode></TextEquiv></TextLine><TextLine id="l9"><Coords points="805,289 719,289 715,291 146,289 146,319 805,320"/><TextEquiv><Unicode/></TextEquiv><TextEquiv index="1"><Unicode>Denique ne longus ſim, Larare, mentis habetur,</Unicode></TextEquiv></TextLine><TextLine id="l10"><Coords points="179,322 179,355 764,355 764,322"/><TextEquiv><Unicode/></TextEquiv><TextEquiv index="1"><Unicode>Nunc quicunque malos non imitatur, hebes.</Unicode></TextEquiv></TextLine><TextLine id="l11"><Coords points="555,363 352,363 352,393 555,394"/><TextEquiv><Unicode/></TextEquiv><TextEquiv index="1"><Unicode>Ad a tippum.</Unicode></TextEquiv></TextLine><TextLine id="l12"><Coords points="785,393 613,393 606,395 133,393 133,425 648,428 654,431 785,431"/><TextEquiv><Unicode/></TextEquiv><TextEquiv index="1"><Unicode>Haud fieri, antippe poteſt, fugientibus vt quis</Unicode></TextEquiv></TextLine><TextLine id="l13"><Coords points="596,429 180,426 180,458 374,460 596,460"/><TextEquiv><Unicode/></TextEquiv><TextEquiv index="1"><Unicode>ternisque frui delitiis valeat.</Unicode></TextEquiv></TextLine><TextLine id="l14"><Coords points="818,458 654,458 649,461 643,462 195,460 121,458 121,495 151,495 158,492 306,491 353,493 483,493 607,495 741,495 741,494 818,494"/><TextEquiv><Unicode/></TextEquiv><TextEquiv index="1"><Unicode>Quare age præſentis bona, quàm potes effuge vitæ:</Unicode></TextEquiv></TextLine><TextLine id="l15"><Coords points="741,498 606,495 353,494 324,492 182,493 182,528 741,528"/><TextEquiv><Unicode/></TextEquiv><TextEquiv index="1"><Unicode>Si bona ſunt quorum finis it in lacrimas.</Unicode></TextEquiv></TextLine><TextLine id="l16"><Coords points="538,529 384,528 366,530 366,551 538,551"/><TextEquiv><Unicode/></TextEquiv><TextEquiv index="1"><Unicode>Patientia.</Unicode></TextEquiv></TextLine><TextLine id="l17"><Coords points="740,555 734,555 581,555 566,560 356,560 348,558 341,554 134,554 134,591 198,590 283,593 745,594 744,570 741,570"/><TextEquiv><Unicode/></TextEquiv><TextEquiv index="1"><Unicode>Se Deus in placitis abs te cum noſſet amari;</Unicode></TextEquiv></TextLine><TextLine id="l18"><Coords points="185,592 185,626 651,626 651,592"/><TextEquiv><Unicode/></TextEquiv><TextEquiv index="1"><Unicode>Qualis in aduerſis ſit, videamtus, ait:</Unicode></TextEquiv></TextLine><TextLine id="l19"><Coords points="702,628 620,630 513,627 137,626 137,655 143,656 246,659 702,661"/><TextEquiv><Unicode/></TextEquiv><TextEquiv index="1"><Unicode>Teque flagellauit ſolita eſt offenſa docere</Unicode></TextEquiv></TextLine><TextLine id="l20"><Coords points="607,662 180,659 180,693 607,693"/><TextEquiv><Unicode/></TextEquiv><TextEquiv index="1"><Unicode>Felici vere tempore ſi quis amat.</Unicode></TextEquiv></TextLine><TextLine id="l21"><Coords points="317,701 317,726 622,726 622,701"/><TextEquiv><Unicode/></TextEquiv><TextEquiv index="1"><Unicode>Ad Paulum B Mererix.</Unicode></TextEquiv></TextLine><TextLine id="l22"><Coords points="724,767 724,732 681,732 669,736 615,736 567,734 386,733 293,734 265,732 146,732 146,763 310,766 694,768"/><TextEquiv><Unicode/></TextEquiv><TextEquiv index="1"><Unicode>Paule tibi quoniam blanditur Iliſia, gaudes.</Unicode></TextEquiv></TextLine><TextLine id="l23"><Coords points="688,769 616,770 437,767 172,767 172,795 180,797 688,797"/><TextEquiv><Unicode/></TextEquiv><TextEquiv index="1"><Unicode>ætari proprio res miſeranda malo eſt.</Unicode></TextEquiv></TextLine><TextLine id="l24"><Coords points="688,802 572,803 451,800 289,800 146,798 146,829 196,829 245,831 366,831 427,833 688,833"/><TextEquiv><Unicode/></TextEquiv><TextEquiv index="1"><Unicode>Illane te ſolum vox præterit aurea paſſim</Unicode></TextEquiv></TextLine><TextLine id="l25"><Coords points="688,836 512,835 426,833 178,833 178,870 370,870 378,868 428,868 439,870 688,870"/><TextEquiv><Unicode/></TextEquiv><TextEquiv index="1"><Unicode>Nota?meretrici nulla adhibenda fides.</Unicode></TextEquiv></TextLine><TextLine id="l26"><Coords points="373,870 373,905 611,905 611,870"/><TextEquiv><Unicode/></TextEquiv><TextEquiv index="1"><Unicode>Ad Quintum Finis.</Unicode></TextEquiv></TextLine><TextLine id="l27"><Coords points="840,905 832,905 676,905 668,909 387,908 316,907 312,905 145,905 145,937 290,940 435,940 560,943 840,943"/><TextEquiv><Unicode/></TextEquiv><TextEquiv index="1"><Unicode>Præteritos quamuis bene, Quinte, peregeris annos,</Unicode></TextEquiv></TextLine><TextLine id="l28"><Coords points="660,945 483,943 435,941 180,941 180,968 660,968"/><TextEquiv><Unicode/></TextEquiv><TextEquiv index="1"><Unicode>Non tamen in tuto diceris eſſe vado.</Unicode></TextEquiv></TextLine><TextLine id="l29"><Coords points="789,973 720,973 708,977 569,977 511,974 143,973 143,1010 156,1010 168,1005 243,1005 302,1007 453,1007 602,1010 789,1010"/><TextEquiv><Unicode/></TextEquiv><TextEquiv index="1"><Unicode>Qualem habeant finem Chriſti vexilla ſequentes</Unicode></TextEquiv></TextLine><TextLine id="l30"><Coords points="843,1011 742,1012 453,1008 179,1007 179,1043 843,1043"/><TextEquiv><Unicode/></TextEquiv><TextEquiv index="1"><Unicode>Quærendum eſt. vitam mors probat, aut reprobut.</Unicode></TextEquiv></TextLine><TextLine id="l31"><Coords points="618,1051 335,1051 335,1082 618,1082"/><TextEquiv><Unicode/></TextEquiv><TextEquiv index="1"><Unicode>Ad Pnticum. Exempla.</Unicode></TextEquiv></TextLine><TextLine id="l32"><Coords points="753,1080 682,1080 676,1083 417,1082 279,1083 270,1080 141,1080 141,1108 753,1108"/><TextEquiv><Unicode/></TextEquiv><TextEquiv index="1"><Unicode>Tolle tuos monitus &amp; verba diſerta. mouemur</Unicode></TextEquiv></TextLine><TextLine id="l33"><Coords points="703,1117 175,1115 175,1144 185,1145 221,1145 240,1147 291,1148 703,1149"/><TextEquiv><Unicode/></TextEquiv><TextEquiv index="1"><Unicode>Exemplis multum, Pontice, voce parum.</Unicode></TextEquiv></TextLine><TextLine id="l34"><Coords points="759,1148 750,1151 673,1151 291,1149 184,1145 141,1145 141,1177 167,1176 219,1179 264,1179 299,1181 759,1184"/><TextEquiv><Unicode/></TextEquiv><TextEquiv index="1"><Unicode>Namq; loqui facile eſt, ſummi at feciſſe laboris.</Unicode></TextEquiv></TextLine><TextLine id="l35"><Coords points="697,1185 299,1182 175,1178 175,1216 697,1216"/><TextEquiv><Unicode/></TextEquiv><TextEquiv index="1"><Unicode>Si cupis audiri, quæ loqueris facito.</Unicode></TextEquiv></TextLine><TextLine id="l36"><Coords points="811,1218 811,1253 918,1253 918,1218"/><TextEquiv><Unicode/></TextEquiv><TextEquiv index="1"><Unicode>AdMa-</Unicode></TextEquiv></TextLine><TextEquiv><Unicode/></TextEquiv></TextRegion></Page></PcGts>