973 1322
372 10 696 45 LVDOVIC
145 20 191 44 4s
312 58 694 90 Ad Laarum. Vitium in hoore.
148 89 678 116 Miraris noſtro decurrere fulmen ab ore:
183 123 682 156 Me ſtupeo in tantis viuere poſſe malis.
149 156 693 189 Qui ſcelera vlciſci deberet, peccat aperte.
182 189 645 223 Hic bona pupilli diſſipat: ille negat.
90 222 779 249 Venditur ad dominam ſententia iudicis haſtam.
162 255 666 289 Venales teſtes angulus omnis habet.
146 289 805 320 Denique ne longus ſim, Larare, mentis habetur,
179 322 764 355 Nunc quicunque malos non imitatur, hebes.
352 363 555 394 Ad a tippum.
133 393 785 431 Haud fieri, antippe poteſt, fugientibus vt quis
180 426 596 460 ternisque frui delitiis valeat.
121 458 818 495 Quare age præſentis bona, quàm potes effuge vitæ:
182 492 788 528 Si bona ſunt quorum finis it in lacrimas.
366 528 538 551 Patientia.
134 554 745 594 Se Deus in placitis abs te cum noſſet amari;
185 592 651 626 Qualis in aduerſis ſit, videamtus, ait:
137 626 702 661 Teque flagellauit ſolita eſt offenſa docere
180 659 607 693 Felici vere tempore ſi quis amat.
317 701 622 726 Ad Paulum B Mererix.
146 732 724 768 Paule tibi quoniam blanditur Iliſia, gaudes.
172 767 688 797 ætari proprio res miſeranda malo eſt.
146 798 688 833 Illane te ſolum vox præterit aurea paſſim
178 833 688 870 Nota?meretrici nulla adhibenda fides.
373 870 611 905 Ad Quintum Finis.
145 905 866 943 Præteritos quamuis bene, Quinte, peregeris annos,
180 941 660 968 Non tamen in tuto diceris eſſe vado.
143 973 789 1010 Qualem habeant finem Chriſti vexilla ſequentes
179 1007 843 1043 Quærendum eſt. vitam mors probat, aut reprobut.
335 1051 618 1082 Ad Pnticum. Exempla.
141 1080 753 1108 Tolle tuos monitus & verba diſerta. mouemur
175 1115 703 1149 Exemplis multum, Pontice, voce parum.
141 1145 759 1184 Namq; loqui facile eſt, ſummi at feciſſe laboris.
175 1178 697 1216 Si cupis audiri, quæ loqueris facito.
811 1218 918 1253 AdMa-
