1428 1318
330 1 475 25 BIGI.
757 17 814 39 4i
211 44 567 76 Ad Marianum. Perſeuerantia.
21 74 421 110 Oœpiſti ſceleris v.am cruenti
22 109 536 143 Declinare. bene cſt:tibique quantum
21 144 525 176 Poſſum gtatulor. attamen memento,
1 176 516 210 Non qui cœperit, adſequi coronam;
1 210 485 243 Sed quiquis, Mariane, perſeuerat.
263 253 510 276 Ad Ollum. Pnitere.
1 291 642 330 Si cupis ob ſcelera iratum placare Tonantem,
74 326 520 358 Et votis placidum reſtituiſſe tuis;
1 358 603 393 Illicitis quantum te noueris, Olle, vacaſſe,
74 392 532 418 Fac tantumllic tis abſtinuiſſe velis.
24 426 584 460 Namque ſequi vitâ contraria facta priori.
74 459 561 491 Criminis hoc vere eſt pœnituiſſe ſu.
333 502 457 534 MHypocrita.
29 523 516 566 Nil fieri in toto reor inſelicius orbe.
77 566 503 600 Atque adeo nobis exitiale nihil;
1 593 688 646 Quàm ſi quis ſpe gloriolæ ſua membra flagellet,
76 633 509 665 Et ſeſe longà maceret eſurie.
40 660 634 697 Hæc viuo, nec defuncto datur vlla voluptas:
77 697 632 734 Vſque ſubit pœnas, quas ſibi ſponte tulit.
306 738 495 775 Ignauia.
24 779 485 816 Fortes priſca viros habebat ætas,
41 816 474 847 Viuentesque diu, & diu valentes.
39 848 520 881 Se ſomno necenim dabant gulæve.
43 879 588 915 Nunc, ceu ſicacibus; ſopor ſepulcrum eſt.
195 916 525 941 Ad Beltradum. Male mori.
32 944 679 981 Ventris ab hinc menſes luctus te diſſipat octo,
82 981 547 1015 Et febris quarto quoque iterata die
37 1011 628 1048 Nec tibi iam ſupereſt ſpes vlla relicta ſalutis:
85 1047 656 1080 Nil medici proſunt, pharmaca nulla iuuant.
33 1079 651 1109 Et tamen accerſi nondum, Beltrande, iubetur.
83 1113 577 1146 Accuſes proprio cui ſcelus ore tuum.
1 1145 709 1186 Sed nihil hoc miror, nam qui male vixit, oportet
79 1179 685 1215 Hunc male, iuſtitiâ ſic ſtatuonte. mori.
722 1205 824 1234 dlu-
934 1237 971 1279 M
