990 1326
378 10 718 35 LVDOVICI
412 53 639 78 Ad Iudicem. Mora.
180 84 766 121 Qui datus eſt nobis & noſtro terminus hoſti,
214 119 679 153 eræteriit:teſtes poſco rogoque legi:
178 152 781 186 Atque breui dici ius obſecro. longior anno et
211 185 678 218 Vna homini oppreſſo litigioſa dies.
391 219 676 252 Ad Paullum. Superbus.
178 251 779 284 Paulle, vides illum qui tanto incedit honore?
210 285 790 318 Quæliber anguſta eſt quo ſpatiante via?
182 318 741 352 Qu tunicâ latos hinc inde fluente lacertos
210 352 756 384 Librat, & vt dicant, rex bone, geſtit, aue?
177 384 727 417 Mentior, & ferulâ cædi volo, ſi quis ab illo
211 417 755 451 Quæſierit quid ſit, dixerit, eſſe hominem.
345 459 602 490 Ad Euychum. Fini.
175 489 884 527 Nullum æque facile ac ſeſe quiſquam, Euryche, fallit.
210 523 750 559 Gaudeo, ſi vitam quam mihi ſcribis agis
173 557 847 593 Perge:breuem pariunt homini primordia fructum,
207 591 700 627 Congrua ni fuerint vltima principis.
353 633 679 666 AdMaximum. Auarus.
166 653 764 702 Netua deficiant metuis patrimonia, ſi quid
208 698 687 734 Ex illis dederis, Maxime pauperibus.
173 731 768 768 Heu, quibus excæcat te vaſta cupido tenebris:
209 766 834 801 Te nec enim in barathrum proſpicis inde trahi.
157 798 750 834 Ne pereat cenſus, quicunque recuſat egens
206 830 710 869 Paſcere, pro cenſu funditus ipſe perit.
363 876 664 907 Ad Baſſum. Incautus.
155 906 685 940 Femineis pueri ſpectacula feſta choreis
205 941 789 975 Dum celebrant, multos, Baſſe, perire vides.
168 974 779 1003 Et tamen huc audes accederelcæcus & amens
203 1006 724 1045 Eſt mihi ſubſequitur qui pereuntis iter.
419 1052 671 1076 Ad Carolum. Docae.
170 1081 746 1117 Non eſtte Chriſti ſapientior alter in æde.
204 1117 778 1143 Nec tamen vlla tibi eſt cura docere rudeis.
165 1147 797 1185 Militibus quemcunque piget ſuccurrere capts
207 1181 748 1217 Carole, cum poſſit, non amat ille ducem.
883 1218 955 1247 Va
