1431 1310
364 2 516 28 BIGI.
777 11 821 36 48
286 51 517 81 enus iatilili.
21 81 669 117 umani nunquam Proſerpina nigra cruoris
49 117 581 150 Sat bibit; & tellus non ſatiatur aqua.
2 150 655 193 Atque licet Nemeen, totamq; ingeſſeris Idam
79 183 598 217 Et Pholoen; nunquam ſufficit, ignis ait.
2 213 638 255 Eſtibus impuri modus eſt ita nullus amoris,
2 251 580 296 Exitium præter corporis atque animæ.
885 255 924 284 I
262 284 478 309 vnde dicta.
1 302 745 355 Quæ neque pauperibus, neque mole potentibus auri,
1 351 566 385 Nec pueris noui parcere, nec ſenibus,
1 384 762 418 Mors vocor. impoſitum nunquid male dixero nomen,
74 418 660 455 Quod fugere à morſu res nequit orta meo?
312 453 536 479 Ad Gallum.
32 482 755 516 Cum ſit cunctarum mors, Galle, grauiſſima rerum;
76 517 664 547 Communem velit hanccur Deus eſſe, petis.
37 550 679 583 Forſitan vt ſummam ſors omnibus æqua ruinam
72 584 586 620 Soletur. plures quod premit, eſt leuius.
287 620 493 642 Virtus.Vitium.
32 650 646 681 Deſine cœleſtes tandem incuſare choreas:
72 684 545 713 Inſita ſunt nullis crimina ſideribus.
1 716 604 754 Quo terrena colis, ſtudia ad cœleſtia verte;
71 751 573 783 Ac bene formandis moribus inuigila.
40 784 617 820 Sic proprii noſces animinon ſideris eſſe,
74 817 567 849 Siue hominis vitam degere, ſiue aſini.
173 851 601 883 Ad Hieron. Caſtellium Pugnandum.
1 885 624 929 Inuictum te ſæpe doles, Hieronyme, mecum
74 917 531 952 Turpibus inuolui ſollicitudinibus:
1 944 701 988 Et modo conſpectis carnem prurire puellis,
10 983 582 1019 Et modo cor ſubitâ coripi abinuidiâ.
37 1013 742 1051 Perdereſpem noli; neque enim ſumus ærea maſſa
27 1048 671 1081 Dum ſumus hoc clauſi corpore, vim patimur.
37 1081 671 1114 Cura ſit, vt ſtimulis circum oppugnantibus ipſa
72 1113 670 1151 Mens nunquam cedat. pugna trophæa parit.
233 1151 542 1182 Ad Aloyſium Greppium.
25 1181 648 1220 Ne bona quis peteret nimio præſentia voto;
736 1213 989 1290 u
549 1216 591 1240 Ee
