1012 1325
416 23 712 52 LVDOVICI
185 33 231 58 434
222 62 710 97 Et mala ne contra nequiter effugeret:
185 96 796 131 Vtraque conſtituit communia ſontibus atque
222 131 655 161 Innocuis trini prouida cura Dei.
190 163 788 198 Cuncta tibi quamuis ſint læta, tumeſcere noli.
222 198 707 232 Sisn Deo gratus, certior eſſe nequis.
415 232 661 255 Ad Ollum. Parienria.
190 263 819 298 Nec lacrimæ ægroto proſunt nec thura ſepultis;
225 298 712 330 Nec nautis fractâ multa querela rate.
190 329 793 360 Sic nihil, Olle, tuum ſedant lamenta furorem;
225 364 756 397 Imo magis querulâ vulnera voce foues.
190 397 780 433 Quod pateris, conare animo tolerate libenti:
223 429 755 465 Quod geris inuitus, te magis vrget onus.
467 465 608 486 Ad Lucam.
190 494 792 528 Luca, rumpe moras. quæcunque negotia fiunt
225 529 664 560 Serius, inuitâ mente videntur agi.
362 562 749 587 Ad Iacobum Meliium. Detractio.
191 595 674 629 Nemo tam pius innocensque tranſit
190 630 614 661 Huius curriculum volucre vitæ,
190 662 655 695 Vt morſus hominum queat dicaces
190 695 581 727 Enitare. probris bonos notare
191 728 591 761 Sunt ſolatia vana peſſimorum.
415 763 691 792 Ad Paulum Caſtelium.
191 794 764 829 Quomodo ſcintillam flanti ſi adiuueris ore,
225 828 695 859 Continuo magnas elicis inde faces:
190 859 758 895 Inſita ſic animis virtutum ſemina cum quis
223 893 646 922 Excitat, vbertim luxuriare facit.
189 926 847 960 Dum potes, hæc omni ſtudio cole. ſæpe morantem
224 960 768 993 Agricolam glebas rumpere, fallit ager.
188 992 839 1026 Humanæ formicam imitans iam conſule brumæ.
222 1026 791 1055 Bruma hominis vitæ eſt vltima, Paulle, dies.
426 1061 600 1092 Sacrapagina.
191 1086 734 1126 Qualiter eſuriens in campo quærit eodem
224 1125 782 1159 Semen auis, ſtramen bos, leporemq; canis.
190 1155 673 1189 Ingeniis ita diuerſis diuerſa miniſtrat
221 1187 657 1228 Pabula, ſiderei pagina ſacra patris.
910 1235 1009 1262 Lac
