1433 1413
379 24 565 60 BIGI.
793 38 836 60 45
2 57 625 101 Lac capit hic infans; panem robuſtior ætas.
3 98 635 134 Nec caret optato curua ſenecta cibo.
3 135 761 185 Et tamen huic pauci inuigilant: quia pleraque turba,
96 168 618 193 Aures non animum conſuluiſſe ſolet.
287 197 468 230 Conientia.
5 222 732 268 Itud habet damni Vitium inter cetera, quod mens
5 265 517 301 Palpitat adſiduo flagitoſa metu.
4 297 667 340 Semper enim vel ſi non deprendatur, in ipſo.
3 334 534 367 Seſe deprendi poſſe putat ſcelere,
2 367 682 414 Deq; ſuo, alterius quoties de crimine ſermo eſt,
84 400 582 435 Cogitat, & credit ſe magis eiſe reum:
2 432 660 466 Inq; dies timor hinc creſcit. de moribus ergo
59 467 608 498 Cura ſit: intrepidos nos bona cura facit.
239 501 581 533 Ad Archemidorum. apator.
61 533 722 565 Nunc pyra, nunc turdos, nunc vaſcula mittis Iulo,
97 566 659 599 Et dominum & regem, ſemideumq; vocas.
1 599 769 634 Quid ſibi quæſo volunt hæc Archemidore?quid optas
95 633 656 665 Inde?ſenem ex facili fallere nemo poteſt.
218 669 576 700 Ad Francum. Exemplum.
10 699 687 734 Pone qud in tumido ſis æquore, ſæuiat Auſter,
94 733 607 767 Cymbaque fluctivagâ diripiatur aquà:
58 767 624 800 Dumq; truci obniti deberet nauita ponto
96 799 600 833 Garriat. auxilii quid tibi, France, dabit?
57 830 635 867 An leuiore putas iuuenilia corda procell?
92 867 581 900 Iactari, fragilis quam vaga ligna ratis?
1 898 620 941 Si cupis vt recto proles tua limite vitam
95 933 668 972 Tranſigat, id ſtudeas carpere primus iter
320 968 487 991 Ad Linum.
57 997 667 1033 Si quibus obrueris, mens eſt explodere peſtes,
924 1013 976 1040 I
92 1032 589 1066 Eſt opus eſſe alium te Line, non alibi.
212 1067 545 1096 Ad Fauſtinum. Auariia.
1 1095 730 1136 Te quoties, quod ſæpe quidem eſt, interrogo, ſitne
93 1132 640 1165 Dextra tibi humano tincta cruore, negas.
1 1164 663 1198 Deq; meo grauiter quereris, Fauſtine, rogatu;
932 1191 988 1222 Iu
92 1198 663 1231 Cum tibi diſplieeat pugnænec arma geres.
754 1223 840 1252 æti
534 1233 689 1263 Ee 2
1314 1332 1431 1349 -
