<?xml version="1.0" encoding="UTF-8" standalone="no"?><PcGts xmlns="http://schema.primaresearch.org/PAGE/gts/pagecontent/2019-07-15" xmlns:xsi="http://www.w3.org/2001/XMLSchema-instance" xsi:schemaLocation="http://schema.primaresearch.org/PAGE/gts/pagecontent/2019-07-15 http://schema.primaresearch.org/PAGE/gts/pagecontent/2019-07-15/pagecontent.xsd"><Metadata><Creator/><Created>2022-04-11T13:58:34</Created><LastChange>1970-01-01T00:00:00</LastChange><Comments/></Metadata><Page imageFilename="0463.png" imageHeight="1413" imageWidth="1433"><TextRegion id="r1" orientation="0.0" type="paragraph"><Coords points="1,1 1431,1 1431,1411 1,1411"/><TextLine id="l1"><Coords points="379,24 379,60 565,60 565,24"/><TextEquiv><Unicode/></TextEquiv><TextEquiv index="1"><Unicode>BIGI.</Unicode></TextEquiv></TextLine><TextLine id="l2"><Coords points="625,63 370,62 314,60 114,62 74,60 54,57 45,56 46,101 625,101"/><TextEquiv><Unicode/></TextEquiv><TextEquiv index="1"><Unicode>Lac capit hic infans; panem robuſtior ætas.</Unicode></TextEquiv></TextLine><TextLine id="l3"><Coords points="635,132 635,106 631,104 531,103 489,101 85,103 46,102 45,134 629,134"/><TextEquiv><Unicode/></TextEquiv><TextEquiv index="1"><Unicode>Nec caret optato curua ſenecta cibo.</Unicode></TextEquiv></TextLine><TextLine id="l4"><Coords points="46,171 48,170 66,169 515,167 651,170 662,176 761,178 761,135 46,134"/><TextEquiv><Unicode/></TextEquiv><TextEquiv index="1"><Unicode>Et tamen huic pauci inuigilant: quia pleraque turba,</Unicode></TextEquiv></TextLine><TextLine id="l5"><Coords points="618,170 515,168 299,168 96,170 96,193 618,193"/><TextEquiv><Unicode/></TextEquiv><TextEquiv index="1"><Unicode>Aures non animum conſuluiſſe ſolet.</Unicode></TextEquiv></TextLine><TextLine id="l6"><Coords points="287,197 287,230 468,230 468,197"/><TextEquiv><Unicode/></TextEquiv><TextEquiv index="1"><Unicode>Conientia.</Unicode></TextEquiv></TextLine><TextLine id="l7"><Coords points="732,229 538,227 530,232 521,234 460,233 280,234 272,232 264,227 141,228 101,223 46,222 45,265 86,265 131,267 732,268"/><TextEquiv><Unicode/></TextEquiv><TextEquiv index="1"><Unicode>Itud habet damni Vitium inter cetera, quod mens</Unicode></TextEquiv></TextLine><TextLine id="l8"><Coords points="517,300 517,268 131,268 46,265 46,300 426,301"/><TextEquiv><Unicode/></TextEquiv><TextEquiv index="1"><Unicode>Palpitat adſiduo flagitoſa metu.</Unicode></TextEquiv></TextLine><TextLine id="l9"><Coords points="667,297 581,297 573,301 426,302 253,301 124,302 46,301 45,333 50,333 558,333 579,335 587,340 667,340"/><TextEquiv><Unicode/></TextEquiv><TextEquiv index="1"><Unicode>Semper enim vel ſi non deprendatur, in ipſo.</Unicode></TextEquiv></TextLine><TextLine id="l10"><Coords points="534,366 534,334 50,334 46,334 46,365 72,365 102,367 530,367"/><TextEquiv><Unicode/></TextEquiv><TextEquiv index="1"><Unicode>Seſe deprendi poſſe putat ſcelere,</Unicode></TextEquiv></TextLine><TextLine id="l11"><Coords points="45,402 57,401 81,400 615,400 637,401 648,408 653,409 682,409 682,367 190,369 46,367"/><TextEquiv><Unicode/></TextEquiv><TextEquiv index="1"><Unicode>Deq; ſuo, alterius quoties de crimine ſermo eſt,</Unicode></TextEquiv></TextLine><TextLine id="l12"><Coords points="196,433 582,434 582,401 218,400 120,402 84,401 84,434 155,435"/><TextEquiv><Unicode/></TextEquiv><TextEquiv index="1"><Unicode>Cogitat, &amp; credit ſe magis eiſe reum:</Unicode></TextEquiv></TextLine><TextLine id="l13"><Coords points="660,432 642,432 633,435 196,434 155,436 58,435 46,433 46,466 660,466"/><TextEquiv><Unicode/></TextEquiv><TextEquiv index="1"><Unicode>Inq; dies timor hinc creſcit. de moribus ergo</Unicode></TextEquiv></TextLine><TextLine id="l14"><Coords points="608,468 596,467 59,468 59,498 608,498"/><TextEquiv><Unicode/></TextEquiv><TextEquiv index="1"><Unicode>Cura ſit: intrepidos nos bona cura facit.</Unicode></TextEquiv></TextLine><TextLine id="l15"><Coords points="345,531 581,532 581,501 272,501 239,503 239,533 284,533"/><TextEquiv><Unicode/></TextEquiv><TextEquiv index="1"><Unicode>Ad Archemidorum. apator.</Unicode></TextEquiv></TextLine><TextLine id="l16"><Coords points="722,533 61,533 61,565 722,565"/><TextEquiv><Unicode/></TextEquiv><TextEquiv index="1"><Unicode>Nunc pyra, nunc turdos, nunc vaſcula mittis Iulo,</Unicode></TextEquiv></TextLine><TextLine id="l17"><Coords points="659,598 659,567 146,568 97,566 97,599 624,599"/><TextEquiv><Unicode/></TextEquiv><TextEquiv index="1"><Unicode>Et dominum &amp; regem, ſemideumq; vocas.</Unicode></TextEquiv></TextLine><TextLine id="l18"><Coords points="769,599 394,601 165,601 46,599 46,633 589,632 769,634"/><TextEquiv><Unicode/></TextEquiv><TextEquiv index="1"><Unicode>Quid ſibi quæſo volunt hæc Archemidore?quid optas</Unicode></TextEquiv></TextLine><TextLine id="l19"><Coords points="656,633 95,635 95,665 656,665"/><TextEquiv><Unicode/></TextEquiv><TextEquiv index="1"><Unicode>Inde?ſenem ex facili fallere nemo poteſt.</Unicode></TextEquiv></TextLine><TextLine id="l20"><Coords points="575,699 576,669 265,669 251,671 218,671 218,700 495,700"/><TextEquiv><Unicode/></TextEquiv><TextEquiv index="1"><Unicode>Ad Francum. Exemplum.</Unicode></TextEquiv></TextLine><TextLine id="l21"><Coords points="687,699 576,699 495,701 221,700 218,701 212,699 46,698 45,732 160,734 687,734"/><TextEquiv><Unicode/></TextEquiv><TextEquiv index="1"><Unicode>Pone qud in tumido ſis æquore, ſæuiat Auſter,</Unicode></TextEquiv></TextLine><TextLine id="l22"><Coords points="607,766 607,734 160,735 94,733 94,767 433,767"/><TextEquiv><Unicode/></TextEquiv><TextEquiv index="1"><Unicode>Cymbaque fluctivagâ diripiatur aquà:</Unicode></TextEquiv></TextLine><TextLine id="l23"><Coords points="564,798 624,798 624,767 132,769 58,767 58,799 526,800"/><TextEquiv><Unicode/></TextEquiv><TextEquiv index="1"><Unicode>Dumq; truci obniti deberet nauita ponto</Unicode></TextEquiv></TextLine><TextLine id="l24"><Coords points="572,832 600,829 600,799 526,801 368,800 96,801 96,833 467,833"/><TextEquiv><Unicode/></TextEquiv><TextEquiv index="1"><Unicode>Garriat. auxilii quid tibi, France, dabit?</Unicode></TextEquiv></TextLine><TextLine id="l25"><Coords points="635,865 635,830 594,830 572,833 468,833 369,835 182,834 57,835 57,866 426,867"/><TextEquiv><Unicode/></TextEquiv><TextEquiv index="1"><Unicode>An leuiore putas iuuenilia corda procell?</Unicode></TextEquiv></TextLine><TextLine id="l26"><Coords points="581,898 581,867 92,867 92,900 464,900"/><TextEquiv><Unicode/></TextEquiv><TextEquiv index="1"><Unicode>Iactari, fragilis quam vaga ligna ratis?</Unicode></TextEquiv></TextLine><TextLine id="l27"><Coords points="46,932 620,932 620,898 464,901 241,902 83,902 46,900"/><TextEquiv><Unicode/></TextEquiv><TextEquiv index="1"><Unicode>Si cupis vt recto proles tua limite vitam</Unicode></TextEquiv></TextLine><TextLine id="l28"><Coords points="668,933 95,933 95,972 255,972 260,970 299,969 331,966 513,967 523,972 668,972"/><TextEquiv><Unicode/></TextEquiv><TextEquiv index="1"><Unicode>Tranſigat, id ſtudeas carpere primus iter</Unicode></TextEquiv></TextLine><TextLine id="l29"><Coords points="320,968 320,991 487,991 487,968"/><TextEquiv><Unicode/></TextEquiv><TextEquiv index="1"><Unicode>Ad Linum.</Unicode></TextEquiv></TextLine><TextLine id="l30"><Coords points="667,997 514,997 507,999 432,1000 261,1000 255,997 57,997 57,1032 494,1033 620,1031 667,1033"/><TextEquiv><Unicode/></TextEquiv><TextEquiv index="1"><Unicode>Si quibus obrueris, mens eſt explodere peſtes,</Unicode></TextEquiv></TextLine><TextLine id="l31"><Coords points="589,1065 589,1032 494,1034 92,1033 92,1066 569,1066"/><TextEquiv><Unicode/></TextEquiv><TextEquiv index="1"><Unicode>Eſt opus eſſe alium te Line, non alibi.</Unicode></TextEquiv></TextLine><TextLine id="l32"><Coords points="212,1067 212,1096 545,1096 545,1067"/><TextEquiv><Unicode/></TextEquiv><TextEquiv index="1"><Unicode>Ad Fauſtinum. Auariia.</Unicode></TextEquiv></TextLine><TextLine id="l33"><Coords points="730,1095 604,1095 472,1099 325,1098 249,1100 184,1100 176,1098 172,1095 46,1095 46,1129 53,1129 145,1132 433,1132 559,1129 675,1129 697,1130 706,1136 730,1136"/><TextEquiv><Unicode/></TextEquiv><TextEquiv index="1"><Unicode>Te quoties, quod ſæpe quidem eſt, interrogo, ſitne</Unicode></TextEquiv></TextLine><TextLine id="l34"><Coords points="455,1164 640,1161 640,1132 93,1132 93,1164 231,1165"/><TextEquiv><Unicode/></TextEquiv><TextEquiv index="1"><Unicode>Dextra tibi humano tincta cruore, negas.</Unicode></TextEquiv></TextLine><TextLine id="l35"><Coords points="517,1196 663,1195 663,1164 231,1166 107,1166 91,1164 46,1164 46,1198 448,1198"/><TextEquiv><Unicode/></TextEquiv><TextEquiv index="1"><Unicode>Deq; meo grauiter quereris, Fauſtine, rogatu;</Unicode></TextEquiv></TextLine><TextLine id="l36"><Coords points="504,1228 663,1229 663,1198 119,1198 92,1201 92,1231 476,1231"/><TextEquiv><Unicode/></TextEquiv><TextEquiv index="1"><Unicode>Cum tibi diſplieeat pugnænec arma geres.</Unicode></TextEquiv></TextLine><TextLine id="l37"><Coords points="754,1223 754,1252 840,1252 840,1223"/><TextEquiv><Unicode/></TextEquiv><TextEquiv index="1"><Unicode>æti</Unicode></TextEquiv></TextLine><TextEquiv><Unicode/></TextEquiv></TextRegion></Page></PcGts>