988 1346
346 26 781 59 Io.FRANCISC.BINI.
176 73 735 107 Væ tibi, væ. nam triticei qui munera fœtus
195 107 730 140 Occulit, humani eſt ſanguinis ille reus.
282 191 885 235 O.FRAI
494 243 641 266 BINI.
508 292 633 326 Ad fotes.
162 330 926 402 VIblando obſtrepitis circum nemora alta ſuſurto
281 367 827 402 Glareola & quorum murmurat in gremio
182 399 771 428 Natura, O fontes, arti eoncedite;veſtrum
217 431 836 465 Nec pudeat tremulos quemque referre pedes
183 464 764 497 Namſeu vos pariat tellus, ſeu turbidus aër,
216 498 791 531 Seu mare, quo de omnes proſiliunt latices.
182 531 732 564 Vt rebus præſtant homines, ſolertia rerum
215 565 670 599 Humano ſic iam vincitur ingenio.
417 600 681 623 Ad Bened. Varchium.
181 631 819 664 En tibi aprum, Varchi, mod cui de iure calenti,
217 665 737 698 Noſtra pedes glacie docta ligauit anus.
184 697 823 731 Sed nee aper, nec te glacies, neque iura Iuuabunt,
215 730 820 764 Rictum huie ſi admorit noſter & ora Tryphan
185 763 796 801 Qui glacie horridior, qutapris dentatior,& cui
215 797 689 829 Dulcior Hyblæo iuris amor latice.
257 881 932 930 PETRIBA C I
365 940 798 965 Ad Hier. Piolum Venet. Ducem.
185 1038 806 1076 Nulla eſt vrbs, ait, ex cunctis quas adluit æquor,
217 1072 666 1106 Adriacæ ſimilis, nec fuit vlla prius.
185 1105 785 1139 Hæc ſtabili imperio ſemper ſua iura tenebit,
219 1138 741 1172 Virgoque dicetur dum luet vnda maris.
185 1172 799 1209 Mœnia ſunt ciues:lex, propugnacula: at arces,
219 1205 714 1240 Mutua pax: turres cura ſuprema Iouis.
856 1245 986 1276 Ne v-
