<PcGts xmlns="http://schema.primaresearch.org/PAGE/gts/pagecontent/2017-07-15" xmlns:xsi="http://www.w3.org/2001/XMLSchema-instance" xsi:schemaLocation="http://schema.primaresearch.org/PAGE/gts/pagecontent/2017-07-15 http://schema.primaresearch.org/PAGE/gts/pagecontent/2017-07-15/pagecontent.xsd"><Metadata><Creator>User123</Creator><Created>2020-04-25T21:20:22</Created><LastChange>2020-04-25T21:20:22</LastChange></Metadata><Page imageFilename="0465.png" imageHeight="1422" imageWidth="1438"><TextRegion id="r0" type="paragraph"><Coords points="1,1 1436,1 1436,1420 1,1420"/><TextLine id="r0_l001"><Coords points="943,16 943,1 903,1 903,18 939,19"/><TextEquiv index="1"><Unicode>E</Unicode></TextEquiv></TextLine><TextLine id="r0_l002"><Coords points="273,8 273,52 617,52 617,8"/><TextEquiv index="1"><Unicode>PETRI BIEARI.</Unicode></TextEquiv></TextLine><TextLine id="r0_l003"><Coords points="783,25 783,54 828,54 828,25"/><TextEquiv index="1"><Unicode>4s</Unicode></TextEquiv></TextLine><TextLine id="r0_l004"><Coords points="590,55 213,54 209,52 118,53 86,51 1,51 1,92 590,92"/><TextEquiv index="1"><Unicode>Ne verb interea rectore ac principe tanta</Unicode></TextEquiv></TextLine><TextLine id="r0_l005"><Coords points="627,93 77,93 77,124 79,125 627,125"/><TextEquiv index="1"><Unicode>Vrbs careat, Priolus dux erit atque caput.</Unicode></TextEquiv></TextLine><TextLine id="r0_l006"><Coords points="739,119 690,119 687,122 678,126 106,127 43,123 30,119 25,114 3,114 3,161 36,161 49,159 660,159 664,161 739,161"/><TextEquiv index="1"><Unicode>Vtque illa eſt prima, &amp; reliquas ſupereminet omnes;</Unicode></TextEquiv></TextLine><TextLine id="r0_l007"><Coords points="168,197 221,195 248,192 445,191 493,193 594,193 606,199 614,199 614,160 49,160 24,163 4,162 4,201 160,201"/><TextEquiv index="1"><Unicode>Sic erit hic primus nomine, reque prior.</Unicode></TextEquiv></TextLine><TextLine id="r0_l008"><Coords points="539,224 539,194 248,193 223,195 223,225 505,225"/><TextEquiv index="1"><Unicode>Ad Franciſcum Roſellum.</Unicode></TextEquiv></TextLine><TextLine id="r0_l009"><Coords points="635,224 546,224 505,226 351,225 241,227 183,227 171,226 167,224 26,224 18,227 4,227 4,258 635,258"/><TextEquiv index="1"><Unicode>Gloria ſponte ſuâ fugientem quærit, &amp; illum</Unicode></TextEquiv></TextLine><TextLine id="r0_l010"><Coords points="627,292 627,260 472,259 144,261 90,259 4,259 4,293 27,293 32,291 102,293 525,293"/><TextEquiv index="1"><Unicode>Conſequitur, quamuis iret ad Antipodes.</Unicode></TextEquiv></TextLine><TextLine id="r0_l011"><Coords points="18,327 36,325 123,327 637,327 637,294 221,293 102,294 32,292 20,298 3,299 3,340 5,340"/><TextEquiv index="1"><Unicode>Hanc licet ipſe fugis; tua per veſtigia oberrat,</Unicode></TextEquiv></TextLine><TextLine id="r0_l012"><Coords points="640,359 640,328 133,327 123,328 36,326 18,328 6,340 6,343 10,348 23,350 29,356 38,359 574,360"/><TextEquiv index="1"><Unicode>Et quocunque abeas hæc comitatur iter.</Unicode></TextEquiv></TextLine><TextLine id="r0_l013"><Coords points="21,394 69,392 114,394 179,394 212,392 636,393 676,395 689,401 751,402 751,354 667,354 657,359 648,360 574,361 102,360 76,361 38,360 29,357 23,351 2,349 2,404 5,404"/><TextEquiv index="1"><Unicode>Hanc fugis hæc ſequitur; fugias licet vſque ſequetur;</Unicode></TextEquiv></TextLine><TextLine id="r0_l014"><Coords points="621,394 212,393 179,395 114,395 74,393 74,426 621,426"/><TextEquiv index="1"><Unicode>Nec te vnquam terrâ deſeret, atque mari.</Unicode></TextEquiv></TextLine><TextLine id="r0_l015"><Coords points="761,418 685,419 679,424 669,427 420,428 335,426 46,427 15,424 5,417 1,417 1,467 13,460 42,459 594,460 616,461 625,467 761,467"/><TextEquiv index="1"><Unicode>Hanc decoras; te illa. hanc quoniam tu ſemper amaſti,</Unicode></TextEquiv></TextLine><TextLine id="r0_l016"><Coords points="562,461 121,460 74,461 74,492 562,492"/><TextEquiv index="1"><Unicode>Hæc te perpetuo perpetuoque colet.</Unicode></TextEquiv></TextLine><TextLine id="r0_l017"><Coords points="38,493 38,526 579,526 579,493"/><TextEquiv index="1"><Unicode>Felices Animæ quas virtus tollit ad aſtra;</Unicode></TextEquiv></TextLine><TextLine id="r0_l018"><Coords points="622,527 10,527 5,529 1,533 1,563 6,567 188,566 194,563 236,562 264,558 316,556 357,556 402,560 551,561 559,564 562,567 622,567"/><TextEquiv index="1"><Unicode>Et quarum æterno nomine fama viget.</Unicode></TextEquiv></TextLine><TextLine id="r0_l019"><Coords points="493,561 255,560 255,592 493,592"/><TextEquiv index="1"><Unicode>Ad ob. Dudlæum.</Unicode></TextEquiv></TextLine><TextLine id="r0_l020"><Coords points="14,628 25,625 143,625 218,627 634,627 634,588 558,588 553,591 547,592 495,593 197,593 188,588 1,588 1,635 7,635"/><TextEquiv index="1"><Unicode>Innumeri regnant, quos hic ſeruire deceret:</Unicode></TextEquiv></TextLine><TextLine id="r0_l021"><Coords points="575,659 575,627 73,627 73,658 80,659 561,660"/><TextEquiv index="1"><Unicode>Permultis deſunt, regna regenda, viris.</Unicode></TextEquiv></TextLine><TextLine id="r0_l022"><Coords points="642,653 632,659 626,660 561,661 106,661 79,659 23,658 14,655 7,648 1,648 1,693 642,693"/><TextEquiv index="1"><Unicode>Tu regere imperio dignus, vel maxima regna</Unicode></TextEquiv></TextLine><TextLine id="r0_l023"><Coords points="33,694 33,727 625,727 625,694"/><TextEquiv index="1"><Unicode>Et quamuis deſint, mens tua digna viget.</Unicode></TextEquiv></TextLine><TextLine id="r0_l024"><Coords points="658,761 658,727 1,727 1,761 26,759 410,761"/><TextEquiv index="1"><Unicode>Hæc laus eſt potior, quam ſi vel mille darentur</Unicode></TextEquiv></TextLine><TextLine id="r0_l025"><Coords points="596,793 596,761 256,762 210,760 72,760 72,794 217,793 341,795"/><TextEquiv index="1"><Unicode>Regna tib, ſi non dignus honore fores.</Unicode></TextEquiv></TextLine><TextLine id="r0_l026"><Coords points="669,792 630,794 341,796 217,794 59,795 12,794 8,792 1,792 1,827 669,827"/><TextEquiv index="1"><Unicode>At cum ſis dignus, quàm qui digniſſimus omni</Unicode></TextEquiv></TextLine><TextLine id="r0_l027"><Coords points="611,828 214,829 107,827 57,828 57,862 237,862 241,860 251,859 291,859 309,861 611,862"/><TextEquiv index="1"><Unicode>Imperio, Superos dent tibi regna precor.</Unicode></TextEquiv></TextLine><TextLine id="r0_l028"><Coords points="546,893 549,892 549,862 221,863 221,894 322,894"/><TextEquiv index="1"><Unicode>Ad Thomam Rndolphum.</Unicode></TextEquiv></TextLine><TextLine id="r0_l029"><Coords points="627,894 1,894 1,926 627,926"/><TextEquiv index="1"><Unicode>Anglia iure tibi multum, tibi Scotia multum</Unicode></TextEquiv></TextLine><TextLine id="r0_l030"><Coords points="591,929 572,928 14,928 9,930 4,935 4,959 42,958 82,960 591,960"/><TextEquiv index="1"><Unicode>Debet; vtrique bonus ſedulitate tua es.</Unicode></TextEquiv></TextLine><TextLine id="r0_l031"><Coords points="505,993 603,994 603,961 343,961 278,963 32,961 32,994 86,993 280,995"/><TextEquiv index="1"><Unicode>Dii faxint poſthac poſſis debere vt vtrique;</Unicode></TextEquiv></TextLine><TextLine id="r0_l032"><Coords points="330,1028 423,1029 461,1027 588,1027 588,994 280,996 86,994 72,995 72,1031 226,1031"/><TextEquiv index="1"><Unicode>Quo par ſit meritum conditione pari.</Unicode></TextEquiv></TextLine><TextLine id="r0_l033"><Coords points="233,1030 233,1054 555,1054 555,1030"/><TextEquiv index="1"><Unicode>Ad Andream Miluinum.</Unicode></TextEquiv></TextLine><TextLine id="r0_l034"><Coords points="629,1062 11,1062 11,1095 408,1095 443,1093 579,1093 596,1095 629,1095"/><TextEquiv index="1"><Unicode>Nulla apis Hyblæis legit de floribus vnquam</Unicode></TextEquiv></TextLine><TextLine id="r0_l035"><Coords points="438,1127 559,1127 559,1095 177,1097 33,1095 26,1098 23,1101 8,1101 1,1104 1,1126 3,1129 15,1129 22,1126 73,1127 81,1129 379,1129"/><TextEquiv index="1"><Unicode>Deq; vllis herbis dulcia melle magis;</Unicode></TextEquiv></TextLine><TextLine id="r0_l036"><Coords points="652,1126 615,1126 594,1128 438,1128 379,1130 158,1131 81,1130 73,1128 22,1127 16,1129 11,1133 1,1132 1,1162 87,1160 133,1162 411,1162 481,1160 556,1160 562,1162 652,1162"/><TextEquiv index="1"><Unicode>Dulcia vina magis nunquam de dulcibus vuis</Unicode></TextEquiv></TextLine><TextLine id="r0_l037"><Coords points="525,1193 525,1161 411,1163 133,1163 110,1161 69,1162 69,1194 508,1194"/><TextEquiv index="1"><Unicode>Vlla dedit vitis, quolibet axe poli;</Unicode></TextEquiv></TextLine><TextLine id="r0_l038"><Coords points="459,1231 465,1227 470,1226 545,1226 570,1228 636,1229 636,1192 586,1192 582,1194 573,1195 509,1194 196,1197 68,1195 32,1193 32,1233 436,1233"/><TextEquiv index="1"><Unicode>Qu&amp;m mihi dulcis ades, dulci ſermone, tuiq;s.</Unicode></TextEquiv></TextLine><TextLine id="r0_l039"><Coords points="926,1261 937,1257 938,1239 930,1232 922,1228 914,1219 909,1219 902,1223 893,1223 888,1219 876,1217 869,1214 734,1215 734,1262 897,1262"/><TextEquiv index="1"><Unicode>ei-</Unicode></TextEquiv></TextLine><TextLine id="r0_l040"><Coords points="480,1229 480,1265 594,1265 594,1229"/><TextEquiv index="1"><Unicode>Ee3</Unicode></TextEquiv></TextLine><TextLine id="r0_l041"><Coords points="1005,1296 1005,1245 983,1245 979,1248 975,1256 938,1257 926,1262 902,1262 902,1292 926,1292 934,1297 999,1297"/><TextEquiv index="1"><Unicode></Unicode></TextEquiv></TextLine><TextLine id="r0_l042"><Coords points="1,1329 1,1354 37,1354 37,1329"/><TextEquiv index="1"><Unicode></Unicode></TextEquiv></TextLine><TextLine id="r0_l043"><Coords points="1316,1340 1316,1357 1400,1357 1400,1340"/><TextEquiv index="1"><Unicode></Unicode></TextEquiv></TextLine></TextRegion></Page></PcGts>