1438 1422
273 8 617 52 PETRI BIEARI.
36 51 590 92 Ne verb interea rectore ac principe tanta
77 93 627 125 Vrbs careat, Priolus dux erit atque caput.
36 119 739 161 Vtque illa eſt prima, & reliquas ſupereminet omnes;
35 160 614 201 Sic erit hic primus nomine, reque prior.
223 193 539 225 Ad Franciſcum Roſellum.
35 224 635 258 Gloria ſponte ſuâ fugientem quærit, & illum
36 258 627 293 Conſequitur, quamuis iret ad Antipodes.
36 292 637 327 Hanc licet ipſe fugis; tua per veſtigia oberrat,
36 326 640 360 Et quocunque abeas hæc comitatur iter.
36 354 751 402 Hanc fugis hæc ſequitur; fugias licet vſque ſequetur;
74 393 621 426 Nec te vnquam terrâ deſeret, atque mari.
36 418 761 467 Hanc decoras; te illa. hanc quoniam tu ſemper amaſti,
74 460 562 492 Hæc te perpetuo perpetuoque colet.
38 493 579 526 Felices Animæ quas virtus tollit ad aſtra;
36 527 622 567 Et quarum æterno nomine fama viget.
255 560 493 592 Ad ob. Dudlæum.
36 587 634 627 Innumeri regnant, quos hic ſeruire deceret:
73 627 575 660 Permultis deſunt, regna regenda, viris.
36 653 642 693 Tu regere imperio dignus, vel maxima regna
36 693 625 727 Et quamuis deſint, mens tua digna viget.
36 726 658 761 Hæc laus eſt potior, quam ſi vel mille darentur
72 760 596 795 Regna tib, ſi non dignus honore fores.
36 792 669 827 At cum ſis dignus, quàm qui digniſſimus omni
57 827 611 862 Imperio, Superos dent tibi regna precor.
221 862 549 894 Ad Thomam Rndolphum.
36 894 627 926 Anglia iure tibi multum, tibi Scotia multum
36 928 591 960 Debet; vtrique bonus ſedulitate tua es.
32 961 603 995 Dii faxint poſthac poſſis debere vt vtrique;
72 994 588 1031 Quo par ſit meritum conditione pari.
233 1030 555 1054 Ad Andream Miluinum.
11 1062 629 1095 Nulla apis Hyblæis legit de floribus vnquam
1 1095 559 1129 Deq; vllis herbis dulcia melle magis;
1 1126 652 1162 Dulcia vina magis nunquam de dulcibus vuis
69 1161 525 1194 Vlla dedit vitis, quolibet axe poli;
32 1192 636 1233 Qu&m mihi dulcis ades, dulci ſermone, tuiq;s.
734 1214 874 1262 ei-
