963 1346
484 22 659 48 PETR.
146 28 189 53 43t
180 65 640 99 Mellitis verbis, moribus ingenio.
149 98 658 134 Sincerum pectus, fidei couſtantia vere,
183 131 636 168 Veraque ſincetà cum pietate fides,
149 163 724 199 Me tibi ſic vinclo dudum obſtrinxere tenaci
183 198 663 231 Meluine, vt poſſit ſoluere nulla dies:
149 232 688 261 Nulla dis ſoluet, diſtantia nulla locorum
185 263 714 297 Imminuet, firmum ſed mihi ſemper erit.
395 314 574 345 Ad Cupidnem.
148 354 623 390 Quid tuæ poſſint pharetræ, Cupidq,
151 387 605 423 Quid leues arcus, tua quid vel auro
149 420 590 451 Illita, aut molli medicata plumbo
315 454 545 486 Spicula noui.
148 486 582 522 Ergo quid vltra feris: ecce tendo
149 520 597 554 Supplices palmas, genibusq; flexis
152 554 524 587 Oro deponas tua tela. ne me
341 590 592 619 Sperne precantem.
151 623 635 648 Sic tuum numen veneremur omnes,
151 653 585 688 Qua ſuus Phœbus radiis coruſcat:
148 687 563 721 Sic puer ſemper vigeas, Venusq;
421 721 628 745 Prima Dearum.
297 764 649 796 Ad Lauram Fracananam.
145 794 780 829 Plus tibi quàm matri debet roſa. quam tua goeſtat
178 829 656 862 Dextera candidior candidiore niue.
144 861 864 896 Namque breues ſuccos dedit hæc, vitamq; caduam:
176 895 730 928 Quæque vt mane viget, ſole cadente perit.
38 908 70 947 I
142 929 683 963 Aſt illi augetur per te decor omnis, oletq;
176 962 664 996 Suauius, inq; tua gliſcit ouatq; manu.
140 995 756 1028 Adde, quod & longâà eſt tecum victura iuuentâ,
174 1029 719 1057 Forſan & æthereas inde habitura domos.
29 1057 683 1150 vaaooteoe sesceue
351 1075 648 1105 Ad Franeiſcun Stellam.
170 1141 713 1165 Ac merito à ſtellæ nomine nomen habes.
67 1169 784 1214 Et tamen haud quæus ſtella es;ſed Lucifer atque
97 1206 693 1241 Heſperus esque orbis gloria. vt illa poli.
803 1245 914 1269 De Ca-
1 1314 111 1343 od
