1433 1402
327 1 591 19 D
275 32 549 61 De Catharin Medic.
24 61 670 101 Nunc Arno Eridanus cedat, Tibrisq; ſuperbus
89 102 597 135 Aurea deponat cortua, detq; manum.
1 133 631 178 Non ita ſe geminis iactabat Roma, Cybellæ
32 168 679 201 Non ita in excelſo vertice mons Phrygius;
1 195 693 243 Qua Medice Arnus tumer ac lætatur alumnâ,
91 235 596 269 Et magis auguſta prole ſuperbit ouans.
1 268 618 309 Hanc os O Cyeni, qui tanti fluminis vndas
52 302 579 336 Hncolitis, pennis tollite ad aſtra nouis.
1 335 675 378 Vtq; immortalis Regali ſtirpe Deorum eſt,
86 369 548 397 Sic immortalem cantibus efficite
254 403 581 427 Ad Meliorinum Vldinum.
1 429 670 476 Quis melior te vno expugnandis vrbibus; hoſti
88 469 587 502 Vincendo inſidijs, Marte, vel ingenio?
1 502 734 536 Quis ve aciem in pugnam melius diſponet apertam?
86 535 616 568 Oenique bellandi quis tibi in arte prior?
50 568 617 601 Ergo qui reliquis melior, virtuteq; præſtas,
87 602 624 640 Nomina item dignè tu melioris habes.
235 635 543 667 In Scipionem Arica um.
1 667 665 704 Quod fueris bello præſtans, prudensq; piusq;
90 702 675 735 Quod triumpharis, oppida multa domans;
1 734 680 770 Commune id tibi cum multis eſt Scipio. verum
84 768 748 801 Dum capere id reuis quod tibi ſponte datur;
1 791 577 835 Hæc tua ſolius laus eſt & gloria: ſola hæe
1 833 565 867 Te Dijs æqualem perpetuumq; facit.
280 870 504 899 In Iulium Cæſarem.
1 893 694 954 Quod totum terrarum orbem tibi maxime Cæſa
38 934 754 968 Suabdideris; magna eſt gloria, magnus honor.
14 966 695 1009 Non tamen hic ſolus tuus eſt: Fortuna, ducesq,
920 966 1012 1008 Ii
91 1001 636 1035 Qui tecum fuerant indc aliquid repetunt.
48 1032 640 1069 Quod vero clemens fueris, tua gloria ſola eſt,
87 1066 607 1099 Et ola hæc Superis te facit eſſe parem.
258 1101 580 1131 In mortem Eduardi Cutnai.
2 1131 589 1167 Dum Iuno & Pallas regali ornare coron
78 1165 630 1202 Curtnæum, & regem conſtituiſſe parant;
730 1193 834 1227 pi-
460 1202 596 1233 Ee4
