975 1341
329 12 757 51 PETRIBIEEARI.
160 69 838 106 Iupiter haudquaquam adſenſus: mortalia dixit
198 104 623 131 Huius ſunt meritis irſeriora viri.
163 137 750 173 Ergo illi cœlum pro terrâ demus; in omne
199 170 713 202 uum vt nobiſcum regnet in arcc poli.
282 205 766 234 Tumulus Franc. Dauali, March. Piſcaria.
165 236 843 274 Quis gelido iacet hio ſub marmore? maximus ille
202 270 652 303 Piſcator, belli gloria, pacis honor.
168 302 878 338 Nunquid & hic piſces cepit? non. ergo quid? vrbes,.
201 337 747 370 Magnanimos reges, oppida, caſtra, duces.
166 370 795 404 Dic quibus hæc cepit piſcator retibus? alto
204 403 750 434 Conſilio, intrepido corde, alacriq; mau.
172 437 912 471 Qui tantum rapuere ducem? duo numina, Mors, Mars,.
204 469 751 502 Vt raperent, quisnam compulit? Inuidia.
170 502 785 535 Cui nocuere? ſibi. viuit nam fama ſuperſtes,
204 535 820 570 Qua Martem & Mortem vincit & Inuidiam.
355 569 680 599 In obitum Camilli Triuiſani.
170 603 693 635 Threicius vates cantu placauerat olim
205 636 699 670 Inferni regem, vt redderet Eurydicen.
172 670 851 702 Dulcibus adloquijs poteras quoque flectere Parcas,
206 703 681 736 Ni febri arſiſſet lingua, Camille, tibi
170 734 881 770 Conſulto id factum, ne quid loquerere: ſed ecce
205 769 741 802 Nunc omnis de te ſermo per ora virûm.
315 805 688 836 Ad Hieronymam Columnam.
158 835 566 868 Vt virgo in viridi Puella prato,
172 870 677 903 Quod terra omnigeno colore florm
155 903 659 938 Exornat redeunte Vere, prorſus
169 936 591 970 Neſcit, quem prius eligat, ſuisq;
172 1037 662 1071 Sic dum multiplices quibus reulges,
170 1072 632 1104 Seu partem inſpiciam penitiorem-
171 1170 661 1206 Aut quæ ſorte bona obtigere: prorſus
170 1203 634 1246 Inoro, vude prius mihi capeſſam
855 1242 941 1269 Vlum
