1416 1407
169 1 953 46 A C O OCnAn. a
55 32 550 66 Hoſtes, ſagacem quid deceat Ducem,
88 65 469 98 Belliq; fortunam, triumphis
63 99 502 139 Conſpicuus genitor docebit.
76 173 755 223 A HILLI.LISBCHII
263 221 619 245 BONONIENSIS.
272 262 615 294 iualitas upidinis durisima.
902 253 951 282 l
67 296 727 335 REAdum precibus miſeri exoratus amantis
1 333 753 367 Tenderet in Dominam tcla Cupido trucem;
1 364 594 410 lla dolos ſenſit, pætosq; retorſit ocellos,
942 356 1016 392 i
88 401 493 432 Et ridens pueri tela ferocis, ait:
1 421 623 477 Nil opus eſt pharetrâ, ſinuoſo nil opus arcu.
89 468 572 501 Congredere& vires experiare meas.
1 490 650 544 Dixerat. hæc tenero placuit ſententia Amori;
71 533 607 567 Tanta fuit dominæ gratia, tanta Venus.
1 566 595 600 Aſt vbi ſunt arcus poſiti, poſitæq; ſagittæ,
86 602 557 635 Has rapit vitrici protinus illa manu.
33 635 681 669 Nec mora protendens aerem furialiter arcum,
84 669 513 701 Incauti figit pectora nuda Dei
1 696 669 733 Ictus Amor totus ſubitò inflammatus amore,
82 734 646 768 Victricemin Dominæ ſe dedit ipſe manum.
1 766 703 809 Proh dolor, ille mihi quem nuper adeſſe putaram,
81 802 577 830 Riualis iam nunc; durus & hoſtis eritl
246 835 555 869 Amor negotiofus eſt in otio.
1 860 679 905 Iamdudum in tenues ierunt mea corda fauillas,
1 902 588 938 Iamq; cinis factus qui modò pruna fui.
1 936 625 969 Sed licetin tenues ierint mea corda fauillas,
45 970 625 1004 Iamq; cinis factus qui modo pruna fui;
4 1002 649 1038 Hæc tamen adſiduis vruntur pectora flammis,
79 1036 669 1072 Quoq; magis flagrant, hoe magis ipſe gemo.
23 1070 723 1108 Vnde igiur ftagrant? rediuiui vnde ignis origo.
80 1102 600 1133 Si ſunt in cinerem corda redacta ſemel?
1 1128 649 1181 Nempe faces ipſæflagrant. non cordis imago,
25 1168 658 1220 Qam vacuus nunquam figere ceſſat Amor.
762 1188 820 1226 Cut
