1416 1407
169 1 750 32 A C O OCnAn. a
55 32 550 66 Hoſtes, ſagacem quid deceat Ducem,
88 65 469 98 Belliq; fortunam, triumphis
63 99 502 139 Conſpicuus genitor docebit.
263 221 619 245 BONONIENSIS.
272 262 615 294 iualitas upidinis durisima.
47 296 727 356 REAdum precibus miſeri exoratus amantis
109 333 753 367 Tenderet in Dominam tcla Cupido trucem;
40 363 594 408 lla dolos ſenſit, pætosq; retorſit ocellos,
88 401 493 432 Et ridens pueri tela ferocis, ait:
40 428 623 468 Nil opus eſt pharetrâ, ſinuoſo nil opus arcu.
89 468 572 501 Congredere& vires experiare meas.
40 494 650 539 Dixerat. hæc tenero placuit ſententia Amori;
71 533 607 567 Tanta fuit dominæ gratia, tanta Venus.
40 566 595 600 Aſt vbi ſunt arcus poſiti, poſitæq; ſagittæ,
86 602 557 635 Has rapit vitrici protinus illa manu.
40 635 681 669 Nec mora protendens aerem furialiter arcum,
84 669 513 701 Incauti figit pectora nuda Dei
39 696 669 733 Ictus Amor totus ſubitò inflammatus amore,
82 734 646 768 Victricemin Dominæ ſe dedit ipſe manum.
40 766 703 809 Proh dolor, ille mihi quem nuper adeſſe putaram,
81 802 577 830 Riualis iam nunc; durus & hoſtis eritl
246 835 555 869 Amor negotiofus eſt in otio.
39 862 679 905 Iamdudum in tenues ierunt mea corda fauillas,
40 902 588 938 Iamq; cinis factus qui modò pruna fui.
39 936 625 969 Sed licetin tenues ierint mea corda fauillas,
45 970 625 1004 Iamq; cinis factus qui modo pruna fui;
40 1002 649 1038 Hæc tamen adſiduis vruntur pectora flammis,
79 1036 669 1072 Quoq; magis flagrant, hoe magis ipſe gemo.
40 1070 692 1108 Vnde igiur ftagrant? rediuiui vnde ignis origo.
80 1102 600 1133 Si ſunt in cinerem corda redacta ſemel?
39 1135 649 1171 Nempe faces ipſæflagrant. non cordis imago,
40 1168 658 1220 Qam vacuus nunquam figere ceſſat Amor.
762 1188 820 1226 Cut
