<PcGts xmlns="http://schema.primaresearch.org/PAGE/gts/pagecontent/2017-07-15" xmlns:xsi="http://www.w3.org/2001/XMLSchema-instance" xsi:schemaLocation="http://schema.primaresearch.org/PAGE/gts/pagecontent/2017-07-15 http://schema.primaresearch.org/PAGE/gts/pagecontent/2017-07-15/pagecontent.xsd"><Metadata><Creator>User123</Creator><Created>2020-04-25T21:20:15</Created><LastChange>2020-04-25T21:20:15</LastChange></Metadata><Page imageFilename="0473.png" imageHeight="1418" imageWidth="1434"><TextRegion id="r0" type="paragraph"><Coords points="1,1 1432,1 1432,1416 1,1416"/><TextLine id="r0_l001"><Coords points="974,9 920,9 920,49 926,49 933,53 974,53"/><TextEquiv index="1"><Unicode></Unicode></TextEquiv></TextLine><TextLine id="r0_l002"><Coords points="356,27 356,62 601,62 601,27"/><TextEquiv index="1"><Unicode>BOCCHII.</Unicode></TextEquiv></TextLine><TextLine id="r0_l003"><Coords points="758,87 746,86 736,80 709,80 658,76 642,78 484,73 411,67 306,65 298,64 288,60 11,60 10,66 4,66 4,106 47,105 51,103 56,103 67,95 134,94 192,99 280,103 369,104 454,109 621,114 637,115 643,120 758,120"/><TextEquiv index="1"><Unicode>le autem; Quid agis ſtulta, an nocturna voluptas</Unicode></TextEquiv></TextLine><TextLine id="r0_l004"><Coords points="814,59 814,82 862,82 862,59"/><TextEquiv index="1"><Unicode>45</Unicode></TextEquiv></TextLine><TextLine id="r0_l005"><Coords points="70,141 81,139 174,139 218,141 228,137 242,138 250,134 328,134 366,138 432,140 499,145 577,145 577,114 429,109 369,105 280,104 192,100 153,96 67,96 58,103 47,106 6,107 6,146 67,146"/><TextEquiv index="1"><Unicode>Eſſe tibi prorſus nulla videtur, ait?</Unicode></TextEquiv></TextLine><TextLine id="r0_l006"><Coords points="528,146 478,145 449,142 383,139 283,139 283,168 401,172 528,172"/><TextEquiv index="1"><Unicode>De Philippo &amp; Laced</Unicode></TextEquiv></TextLine><TextLine id="r0_l007"><Coords points="659,175 654,174 604,173 594,179 577,180 550,178 461,177 400,172 233,168 225,166 221,163 7,163 7,196 18,193 42,193 170,198 220,198 269,202 349,203 464,209 659,209"/><TextEquiv index="1"><Unicode>Ofortitudinem inclitam Lacedemonum</Unicode></TextEquiv></TextLine><TextLine id="r0_l008"><Coords points="638,218 633,217 591,216 492,210 434,209 349,204 269,203 220,199 170,199 105,196 8,196 8,222 27,226 55,226 65,228 108,230 205,232 274,236 352,236 433,241 638,241"/><TextEquiv index="1"><Unicode>Qui cum Philippus inſolenter admodum</Unicode></TextEquiv></TextLine><TextLine id="r0_l009"><Coords points="500,244 411,241 352,237 274,237 205,233 82,230 55,227 27,227 7,223 7,257 17,261 77,261 213,267 500,267"/><TextEquiv index="1"><Unicode>Per literas minatus eſſer, omnia</Unicode></TextEquiv></TextLine><TextLine id="r0_l010"><Coords points="561,277 507,278 460,275 266,270 77,262 40,261 17,262 7,259 7,312 35,312 46,306 46,302 49,297 65,296 182,298 231,301 266,301 318,304 426,307 465,310 561,312"/><TextEquiv index="1"><Unicode>Quæcumque conarentuipſi, ſedul</Unicode></TextEquiv></TextLine><TextLine id="r0_l011"><Coords points="626,314 598,315 520,313 497,311 443,310 426,308 398,308 377,306 318,305 266,302 231,302 182,299 75,299 75,329 178,331 228,334 404,340 626,340"/><TextEquiv index="1"><Unicode>Se prohibiturum: quæſierunt, num mori</Unicode></TextEquiv></TextLine><TextLine id="r0_l012"><Coords points="543,346 492,345 403,340 228,335 178,332 71,330 41,327 35,322 32,315 2,315 2,366 7,368 41,368 48,367 53,364 62,364 71,370 226,370 231,367 275,367 304,370 543,370"/><TextEquiv index="1"><Unicode>Seprohibiturus eſſet eiammſedulo:</Unicode></TextEquiv></TextLine><TextLine id="r0_l013"><Coords points="605,378 566,380 487,379 389,373 280,372 280,402 358,403 375,405 403,405 484,410 605,410"/><TextEquiv index="1"><Unicode>De Carol V. Imperatoræ</Unicode></TextEquiv></TextLine><TextLine id="r0_l014"><Coords points="479,410 421,408 403,406 375,406 358,404 238,402 229,400 222,395 2,395 2,415 13,415 23,424 55,430 195,432 360,439 479,439"/><TextEquiv index="1"><Unicode>Rei militaris plurimis ſcientia;</Unicode></TextEquiv></TextLine><TextLine id="r0_l015"><Coords points="527,446 502,446 465,443 434,443 332,438 269,437 195,433 55,431 23,425 13,416 1,416 1,465 131,464 197,467 266,468 404,475 527,475"/><TextEquiv index="1"><Unicode>Inuictapluribus animi præſtantia;</Unicode></TextEquiv></TextLine><TextLine id="r0_l016"><Coords points="571,482 441,476 355,474 266,469 197,468 131,465 1,466 1,489 5,493 15,496 61,495 265,503 344,504 371,506 571,506"/><TextEquiv index="1"><Unicode>Auctoritas pleriſque: raris omnium</Unicode></TextEquiv></TextLine><TextLine id="r0_l017"><Coords points="454,510 344,505 265,504 96,497 32,496 15,497 7,495 1,490 1,523 18,528 129,530 152,532 237,534 254,536 454,536"/><TextEquiv index="1"><Unicode>Petita votis contigit felicitas.</Unicode></TextEquiv></TextLine><TextLine id="r0_l018"><Coords points="670,540 556,540 522,538 510,544 419,543 398,541 271,538 187,533 18,529 1,524 1,575 7,570 17,569 23,564 56,563 96,565 179,566 258,570 303,570 327,572 369,572 379,574 421,575 436,577 670,577"/><TextEquiv index="1"><Unicode>Quin fingula hæc præſtare vix paucis licet.</Unicode></TextEquiv></TextLine><TextLine id="r0_l019"><Coords points="630,583 480,580 421,576 379,575 369,573 258,571 139,566 22,566 17,570 7,571 1,576 2,592 10,594 31,594 52,597 192,600 371,608 630,608"/><TextEquiv index="1"><Unicode>Quæ cuncta ſumma, Cæſare in vno Carols</Unicode></TextEquiv></TextLine><TextLine id="r0_l020"><Coords points="578,616 500,614 452,611 408,611 370,608 344,608 192,601 52,598 31,595 10,595 1,592 1,629 200,633 380,642 578,642"/><TextEquiv index="1"><Unicode>Extare iam vident vel ij, qui nil vident.</Unicode></TextEquiv></TextLine><TextLine id="r0_l021"><Coords points="566,648 513,648 431,644 402,644 200,634 65,633 65,664 153,666 187,669 291,671 342,674 422,676 440,678 566,678"/><TextEquiv index="1"><Unicode>Iamq; ipſe Momus id fateri cogitur,</Unicode></TextEquiv></TextLine><TextLine id="r0_l022"><Coords points="765,681 714,681 662,677 614,676 611,679 601,683 492,682 422,677 342,675 291,672 187,670 127,666 64,666 64,696 70,697 257,703 305,706 348,706 408,711 457,711 512,715 581,716 631,719 765,719"/><TextEquiv index="1"><Unicode>Mirantur autem multi ego hauquaquam. quid hoet</Unicode></TextEquiv></TextLine><TextLine id="r0_l023"><Coords points="672,721 643,721 630,719 581,717 512,716 457,712 408,712 348,707 305,707 119,699 1,699 1,725 5,727 19,727 26,732 33,727 76,728 93,732 173,733 257,738 433,743 452,745 573,750 672,750"/><TextEquiv index="1"><Unicode>Nempe omnia adſunt illaabunde quem penes</Unicode></TextEquiv></TextLine><TextLine id="r0_l024"><Coords points="582,751 572,750 521,749 433,744 257,739 146,733 93,733 76,729 33,728 26,733 19,728 1,727 1,773 94,773 183,776 187,772 194,769 222,769 250,772 285,773 380,773 399,774 412,777 447,779 582,779"/><TextEquiv index="1"><Unicode>Eſtvera Virtus, marimævna, &amp; optima.</Unicode></TextEquiv></TextLine><TextLine id="r0_l025"><Coords points="592,783 467,781 412,778 399,775 233,775 233,803 548,814 592,814"/><TextEquiv index="1"><Unicode>Franeico I. alliatum Regi.</Unicode></TextEquiv></TextLine><TextLine id="r0_l026"><Coords points="907,771 907,816 945,816 945,771"/><TextEquiv index="1"><Unicode></Unicode></TextEquiv></TextLine><TextLine id="r0_l027"><Coords points="641,810 632,810 623,815 548,815 459,811 396,810 347,807 292,807 203,802 196,801 190,798 1,798 1,840 26,840 33,833 39,830 50,830 111,831 140,834 194,835 347,842 488,844 523,846 543,849 641,849"/><TextEquiv index="1"><Unicode>Dum tu Fortunæ cedit, Rex inclite, Virtus;</Unicode></TextEquiv></TextLine><TextLine id="r0_l028"><Coords points="539,849 523,847 458,844 347,843 194,836 93,836 93,865 113,867 238,870 258,872 539,872"/><TextEquiv index="1"><Unicode>Victricem ſubigit cedere vitta ſibi.</Unicode></TextEquiv></TextLine><TextLine id="r0_l029"><Coords points="907,833 907,899 940,899 940,833"/><TextEquiv index="1"><Unicode></Unicode></TextEquiv></TextLine><TextLine id="r0_l030"><Coords points="664,877 607,877 598,882 573,883 520,882 395,876 305,875 238,871 137,869 112,867 48,867 48,901 161,901 215,904 282,905 448,912 538,914 566,917 664,917"/><TextEquiv index="1"><Unicode>Quid duce te faciet victrir; ſi victa triumphat</Unicode></TextEquiv></TextLine><TextLine id="r0_l031"><Coords points="644,919 566,918 538,915 448,913 282,906 215,905 190,903 91,903 91,932 94,933 259,937 335,942 398,943 449,946 644,946"/><TextEquiv index="1"><Unicode>Non hominis virtus, ſed magis iſta Dei eſt.</Unicode></TextEquiv></TextLine><TextLine id="r0_l032"><Coords points="617,956 601,952 494,949 398,944 357,944 259,938 181,937 93,933 1,933 1,973 38,973 48,967 106,967 294,972 360,976 472,979 492,981 617,981"/><TextEquiv index="1"><Unicode>go diuinus cum ſis, O maxime Regum,</Unicode></TextEquiv></TextLine><TextLine id="r0_l033"><Coords points="565,985 554,984 206,970 90,969 90,1000 128,1002 195,1002 258,1004 430,1012 565,1012"/><TextEquiv index="1"><Unicode>Quis iam mortalis fingere te potuit?</Unicode></TextEquiv></TextLine><TextLine id="r0_l034"><Coords points="626,1016 579,1017 477,1015 456,1013 392,1012 258,1005 195,1003 128,1003 109,1001 46,1000 46,1034 162,1034 320,1041 355,1041 434,1046 626,1051"/><TextEquiv index="1"><Unicode>Ipſa tamen talem potuit te fingere Virtus,</Unicode></TextEquiv></TextLine><TextLine id="r0_l035"><Coords points="942,1012 942,1049 1007,1049 1007,1012"/><TextEquiv index="1"><Unicode></Unicode></TextEquiv></TextLine><TextLine id="r0_l036"><Coords points="635,1052 434,1047 355,1042 320,1042 162,1035 84,1035 84,1079 131,1079 134,1076 258,1079 269,1074 318,1074 337,1076 426,1079 635,1079"/><TextEquiv index="1"><Unicode>Qualem animus poſſit cernere, nonocul</Unicode></TextEquiv></TextLine><TextLine id="r0_l037"><Coords points="909,1052 909,1108 957,1108 957,1052"/><TextEquiv index="1"><Unicode></Unicode></TextEquiv></TextLine><TextLine id="r0_l038"><Coords points="424,1079 325,1077 325,1107 390,1110 424,1110"/><TextEquiv index="1"><Unicode>Philippo.</Unicode></TextEquiv></TextLine><TextLine id="r0_l039"><Coords points="482,1110 390,1111 339,1108 284,1107 266,1104 257,1096 55,1096 55,1128 155,1131 235,1137 284,1138 323,1141 482,1141"/><TextEquiv index="1"><Unicode>Idem ſis licet omnibus ſuperbus,</Unicode></TextEquiv></TextLine><TextLine id="r0_l040"><Coords points="911,1110 911,1178 969,1178 969,1110"/><TextEquiv index="1"><Unicode></Unicode></TextEquiv></TextLine><TextLine id="r0_l041"><Coords points="476,1146 467,1145 344,1143 306,1140 235,1138 192,1134 130,1131 51,1131 51,1162 59,1163 137,1164 374,1176 476,1177"/><TextEquiv index="1"><Unicode>Et magna tamen eſſe comitate</Unicode></TextEquiv></TextLine><TextLine id="r0_l042"><Coords points="426,1178 279,1173 137,1165 51,1165 51,1195 53,1196 155,1197 194,1201 426,1201"/><TextEquiv index="1"><Unicode>Interdum cupias mihi videri.</Unicode></TextEquiv></TextLine><TextLine id="r0_l043"><Coords points="530,1207 525,1206 493,1205 483,1211 477,1212 409,1211 334,1207 250,1205 180,1201 155,1198 1,1197 1,1238 130,1239 185,1244 530,1244"/><TextEquiv index="1"><Unicode>Sicur defugiam tuum frequentem</Unicode></TextEquiv></TextLine><TextLine id="r0_l044"><Coords points="971,1236 971,1201 912,1201 912,1237 929,1237"/><TextEquiv index="1"><Unicode></Unicode></TextEquiv></TextLine><TextLine id="r0_l045"><Coords points="959,1237 913,1238 913,1262 959,1262"/><TextEquiv index="1"><Unicode>M</Unicode></TextEquiv></TextLine><TextLine id="r0_l046"><Coords points="966,1263 912,1263 903,1261 898,1257 750,1257 750,1298 843,1297 852,1304 966,1304"/><TextEquiv index="1"><Unicode>Con-</Unicode></TextEquiv></TextLine><TextLine id="r0_l047"><Coords points="946,1307 946,1342 1034,1342 1034,1307"/><TextEquiv index="1"><Unicode>.</Unicode></TextEquiv></TextLine><TextLine id="r0_l048"><Coords points="802,1307 802,1330 853,1330 853,1307"/><TextEquiv index="1"><Unicode></Unicode></TextEquiv></TextLine><TextLine id="r0_l049"><Coords points="1273,1372 1273,1392 1432,1392 1432,1372"/><TextEquiv index="1"><Unicode></Unicode></TextEquiv></TextLine></TextRegion></Page></PcGts>