1434 1418
356 27 601 62 BOCCHII.
36 60 758 120 le autem; Quid agis ſtulta, an nocturna voluptas
37 96 577 146 Eſſe tibi prorſus nulla videtur, ait?
283 139 528 172 De Philippo & Laced
37 163 659 209 Ofortitudinem inclitam Lacedemonum
37 195 638 241 Qui cum Philippus inſolenter admodum
37 226 500 267 Per literas minatus eſſer, omnia
37 261 561 312 Quæcumque conarentuipſi, ſedul
75 299 626 340 Se prohibiturum: quæſierunt, num mori
37 323 543 370 Seprohibiturus eſſet eiammſedulo:
280 372 605 410 De Carol V. Imperatoræ
37 395 479 439 Rei militaris plurimis ſcientia;
37 427 527 475 Inuictapluribus animi præſtantia;
37 465 571 506 Auctoritas pleriſque: raris omnium
37 496 454 536 Petita votis contigit felicitas.
36 529 646 577 Quin fingula hæc præſtare vix paucis licet.
37 565 630 608 Quæ cuncta ſumma, Cæſare in vno Carols
36 595 578 642 Extare iam vident vel ij, qui nil vident.
65 633 566 678 Iamq; ipſe Momus id fateri cogitur,
64 666 765 719 Mirantur autem multi ego hauquaquam. quid hoet
37 698 672 750 Nempe omnia adſunt illaabunde quem penes
37 728 582 779 Eſtvera Virtus, marimævna, & optima.
233 775 592 814 Franeico I. alliatum Regi.
37 798 641 849 Dum tu Fortunæ cedit, Rex inclite, Virtus;
93 836 539 872 Victricem ſubigit cedere vitta ſibi.
48 867 664 917 Quid duce te faciet victrir; ſi victa triumphat
91 903 644 946 Non hominis virtus, ſed magis iſta Dei eſt.
36 933 617 981 go diuinus cum ſis, O maxime Regum,
90 969 565 1012 Quis iam mortalis fingere te potuit?
46 1000 626 1051 Ipſa tamen talem potuit te fingere Virtus,
84 1035 635 1079 Qualem animus poſſit cernere, nonocul
325 1077 424 1110 Philippo.
55 1096 482 1141 Idem ſis licet omnibus ſuperbus,
51 1131 476 1177 Et magna tamen eſſe comitate
50 1165 426 1201 Interdum cupias mihi videri.
50 1197 530 1244 Sicur defugiam tuum frequentem
750 1256 835 1298 Con-
