<?xml version="1.0" encoding="UTF-8" standalone="no"?><PcGts xmlns="http://schema.primaresearch.org/PAGE/gts/pagecontent/2019-07-15" xmlns:xsi="http://www.w3.org/2001/XMLSchema-instance" xsi:schemaLocation="http://schema.primaresearch.org/PAGE/gts/pagecontent/2019-07-15 http://schema.primaresearch.org/PAGE/gts/pagecontent/2019-07-15/pagecontent.xsd"><Metadata><Creator/><Created>2022-04-11T14:05:22</Created><LastChange>1970-01-01T00:00:00</LastChange><Comments/></Metadata><Page imageFilename="0474.png" imageHeight="1331" imageWidth="979"><TextRegion id="r1" orientation="0.0" type="paragraph"><Coords points="1,1 977,1 977,1329 1,1329"/><TextLine id="l1"><Coords points="426,36 426,61 688,61 688,36"/><TextEquiv><Unicode/></TextEquiv><TextEquiv index="1"><Unicode>ACHILLIS</Unicode></TextEquiv></TextLine><TextLine id="l2"><Coords points="693,77 279,77 253,79 173,77 173,113 316,113 574,110 676,110 682,113 693,113"/><TextEquiv><Unicode/></TextEquiv><TextEquiv index="1"><Unicode>Congreſſum rogitas, Philippe, dicam.</Unicode></TextEquiv></TextLine><TextLine id="l3"><Coords points="422,145 621,144 621,111 317,113 222,116 175,115 175,147 385,147"/><TextEquiv><Unicode/></TextEquiv><TextEquiv index="1"><Unicode>Suſpecta eſt mihi comitas ſuperbi.</Unicode></TextEquiv></TextLine><TextLine id="l4"><Coords points="392,146 392,169 651,169 651,146"/><TextEquiv><Unicode/></TextEquiv><TextEquiv index="1"><Unicode>Ad Andr. Alciatum.</Unicode></TextEquiv></TextLine><TextLine id="l5"><Coords points="211,213 614,210 643,208 811,211 811,179 160,179 160,215 207,215"/><TextEquiv><Unicode/></TextEquiv><TextEquiv index="1"><Unicode>Quà ratione homines rerum caperentur amore</Unicode></TextEquiv></TextLine><TextLine id="l6"><Coords points="753,242 753,211 643,209 614,211 211,214 207,216 207,245 420,245"/><TextEquiv><Unicode/></TextEquiv><TextEquiv index="1"><Unicode>Pulerarum, quondam magnus Ariſtoteles</Unicode></TextEquiv></TextLine><TextLine id="l7"><Coords points="472,277 762,275 762,243 648,243 594,245 421,245 393,247 231,247 172,245 172,277 218,277 243,279 421,279"/><TextEquiv><Unicode/></TextEquiv><TextEquiv index="1"><Unicode>Forte rogatus; ea eſt cæcorum quæſtio dixit:</Unicode></TextEquiv></TextLine><TextLine id="l8"><Coords points="600,309 763,310 763,276 472,278 421,280 312,281 205,278 205,312 450,312"/><TextEquiv><Unicode/></TextEquiv><TextEquiv index="1"><Unicode>Et bene, namq; oculi ſunt in amore duces.</Unicode></TextEquiv></TextLine><TextLine id="l9"><Coords points="613,342 703,343 703,312 173,312 173,345 410,345"/><TextEquiv><Unicode/></TextEquiv><TextEquiv index="1"><Unicode>Ergo tuæ cur tam capiar virtutis amore</Unicode></TextEquiv></TextLine><TextLine id="l10"><Coords points="277,379 410,379 589,376 741,377 741,344 488,344 318,347 240,346 207,347 207,381 275,381"/><TextEquiv><Unicode/></TextEquiv><TextEquiv index="1"><Unicode>Qui quærat poſthac, hic mihi cæcus erit.</Unicode></TextEquiv></TextLine><TextLine id="l11"><Coords points="292,377 292,409 727,409 727,377"/><TextEquiv><Unicode/></TextEquiv><TextEquiv index="1"><Unicode>Virtutis haud vna atq; opum æſtimatio.</Unicode></TextEquiv></TextLine><TextLine id="l12"><Coords points="172,409 172,441 839,441 839,409"/><TextEquiv><Unicode/></TextEquiv><TextEquiv index="1"><Unicode>Diuitiæ, &amp; Virtus, veluti duo pondera haberentut</Unicode></TextEquiv></TextLine><TextLine id="l13"><Coords points="507,474 757,475 757,443 522,442 302,445 207,444 207,476 466,476"/><TextEquiv><Unicode/></TextEquiv><TextEquiv index="1"><Unicode>In trutinâ, quorum vnum eſt alio grauius.</Unicode></TextEquiv></TextLine><TextLine id="l14"><Coords points="781,479 774,476 507,475 466,477 242,478 173,475 173,507 781,507"/><TextEquiv><Unicode/></TextEquiv><TextEquiv index="1"><Unicode>Diuitias etenim cum pendit Opinio pluris,</Unicode></TextEquiv></TextLine><TextLine id="l15"><Coords points="682,541 682,509 492,509 407,511 207,509 207,542 579,542"/><TextEquiv><Unicode/></TextEquiv><TextEquiv index="1"><Unicode>Virtutem inſipiens eeuat illa magis.</Unicode></TextEquiv></TextLine><TextLine id="l16"><Coords points="811,543 801,542 580,542 401,544 227,544 174,542 174,575 811,575"/><TextEquiv><Unicode/></TextEquiv><TextEquiv index="1"><Unicode>At ſapiens ratio Virtutem qu magis almam,</Unicode></TextEquiv></TextLine><TextLine id="l17"><Coords points="661,576 445,576 388,578 206,576 206,608 661,608"/><TextEquiv><Unicode/></TextEquiv><TextEquiv index="1"><Unicode>Tanto Diuitias æſtimat ipſa minus.</Unicode></TextEquiv></TextLine><TextLine id="l18"><Coords points="744,641 744,609 613,611 376,611 337,609 307,610 307,642 541,642"/><TextEquiv><Unicode/></TextEquiv><TextEquiv index="1"><Unicode>Nulli nocebis: commodabis omnbus.</Unicode></TextEquiv></TextLine><TextLine id="l19"><Coords points="787,642 542,642 321,644 279,643 267,637 203,636 154,632 154,677 412,677 580,675 716,675 787,677"/><TextEquiv><Unicode/></TextEquiv><TextEquiv index="1"><Unicode>Magna animi virtus, nunquam ſi læſeris, à quo</Unicode></TextEquiv></TextLine><TextLine id="l20"><Coords points="738,677 413,677 197,679 174,678 174,709 738,709"/><TextEquiv><Unicode/></TextEquiv><TextEquiv index="1"><Unicode>Læſus es. at maior i læſus ſponte remittas:</Unicode></TextEquiv></TextLine><TextLine id="l21"><Coords points="154,750 243,750 253,743 269,742 291,742 311,744 719,744 719,710 208,711 154,709"/><TextEquiv><Unicode/></TextEquiv><TextEquiv index="1"><Unicode>Maxima, fi parcas cui poſſis ipſe nocere.</Unicode></TextEquiv></TextLine><TextLine id="l22"><Coords points="311,743 311,777 741,777 741,743"/><TextEquiv><Unicode/></TextEquiv><TextEquiv index="1"><Unicode>Non eſt amicus hic, qui amare deſinit.</Unicode></TextEquiv></TextLine><TextLine id="l23"><Coords points="837,779 813,778 809,774 800,774 790,777 352,776 283,777 257,776 252,774 154,773 154,807 157,806 201,806 273,810 837,810"/><TextEquiv><Unicode/></TextEquiv><TextEquiv index="1"><Unicode>Neſcio cuius id eſt verbum Sapientis iniquum;</Unicode></TextEquiv></TextLine><TextLine id="l24"><Coords points="840,813 759,811 580,810 206,810 206,842 840,843"/><TextEquiv><Unicode/></TextEquiv><TextEquiv index="1"><Unicode>Tanquam oſurus ama. Quin ego amare velim</Unicode></TextEquiv></TextLine><TextLine id="l25"><Coords points="873,844 172,843 172,873 195,875 873,876"/><TextEquiv><Unicode/></TextEquiv><TextEquiv index="1"><Unicode>Vt nunquam oſurus. nam quæ vera aut bona tandem</Unicode></TextEquiv></TextLine><TextLine id="l26"><Coords points="701,877 552,878 428,876 268,877 192,875 192,908 701,909"/><TextEquiv><Unicode/></TextEquiv><TextEquiv index="1"><Unicode>In vitâ reliqua eſt, dic mihi, amicitia?</Unicode></TextEquiv></TextLine><TextLine id="l27"><Coords points="936,909 734,909 705,911 172,909 172,941 387,941 423,943 794,943 813,941 847,941 872,943 936,943"/><TextEquiv><Unicode/></TextEquiv><TextEquiv index="1"><Unicode>Si quiſquam olim ita amic amet, vt fieri ipſum inimicum</Unicode></TextEquiv></TextLine><TextLine id="l28"><Coords points="899,970 880,970 867,974 849,974 839,976 748,978 434,978 209,976 189,974 157,974 154,973 153,1009 192,1010 196,1008 438,1010 899,1010"/><TextEquiv><Unicode/></TextEquiv><TextEquiv index="1"><Unicode>Quin ego non, tanquam, ſed nunquam oſurus amabo:</Unicode></TextEquiv></TextLine><TextLine id="l29"><Coords points="814,976 814,943 636,945 422,943 203,943 203,974 209,975 434,977 748,977"/><TextEquiv><Unicode/></TextEquiv><TextEquiv index="1"><Unicode>Poſſe putet? Virtusne iſta rogo, an vitium eſt?</Unicode></TextEquiv></TextLine><TextLine id="l30"><Coords points="640,1012 629,1011 204,1009 204,1044 640,1044"/><TextEquiv><Unicode/></TextEquiv><TextEquiv index="1"><Unicode>Vera ſibi conftat ſemper amicitia.</Unicode></TextEquiv></TextLine><TextLine id="l31"><Coords points="576,1045 435,1045 435,1076 576,1076"/><TextEquiv><Unicode/></TextEquiv><TextEquiv index="1"><Unicode>Mal parta.</Unicode></TextEquiv></TextLine><TextLine id="l32"><Coords points="639,1075 581,1077 408,1077 375,1076 371,1074 168,1074 168,1106 344,1109 639,1109"/><TextEquiv><Unicode/></TextEquiv><TextEquiv index="1"><Unicode>Perduntur bene parta ſæpe; ſemper</Unicode></TextEquiv></TextLine><TextLine id="l33"><Coords points="673,1111 168,1109 168,1142 673,1142"/><TextEquiv><Unicode/></TextEquiv><TextEquiv index="1"><Unicode>Perduntur male parta, &amp; auctot ipſen.</Unicode></TextEquiv></TextLine><TextLine id="l34"><Coords points="427,1145 427,1177 577,1177 577,1145"/><TextEquiv><Unicode/></TextEquiv><TextEquiv index="1"><Unicode>Quadratum.</Unicode></TextEquiv></TextLine><TextLine id="l35"><Coords points="653,1209 653,1174 614,1176 497,1176 445,1178 392,1178 382,1174 171,1174 171,1203 270,1205 297,1207 351,1207 418,1210 469,1210"/><TextEquiv><Unicode/></TextEquiv><TextEquiv index="1"><Unicode>Heroi merito ſedes quadrata dicatur.</Unicode></TextEquiv></TextLine><TextLine id="l36"><Coords points="688,1210 418,1211 351,1208 203,1207 203,1244 688,1244"/><TextEquiv><Unicode/></TextEquiv><TextEquiv index="1"><Unicode>Rectus enim ſemper conſtititille ſibi.</Unicode></TextEquiv></TextLine><TextLine id="l37"><Coords points="868,1239 868,1281 977,1281 977,1239"/><TextEquiv><Unicode/></TextEquiv><TextEquiv index="1"><Unicode>ge</Unicode></TextEquiv></TextLine><TextEquiv><Unicode/></TextEquiv></TextRegion></Page></PcGts>