979 1331
426 36 688 61 ACHILLIS
179 45 232 72 446
173 77 693 113 Congreſſum rogitas, Philippe, dicam.
175 111 621 147 Suſpecta eſt mihi comitas ſuperbi.
392 146 651 169 Ad Andr. Alciatum.
160 179 811 215 Quà ratione homines rerum caperentur amore
207 209 753 245 Pulerarum, quondam magnus Ariſtoteles
172 243 762 279 Forte rogatus; ea eſt cæcorum quæſtio dixit:
205 276 763 312 Et bene, namq; oculi ſunt in amore duces.
173 312 703 345 Ergo tuæ cur tam capiar virtutis amore
207 344 741 381 Qui quærat poſthac, hic mihi cæcus erit.
292 377 727 409 Virtutis haud vna atq; opum æſtimatio.
172 409 839 441 Diuitiæ, & Virtus, veluti duo pondera haberentut
207 442 757 476 In trutinâ, quorum vnum eſt alio grauius.
173 475 781 507 Diuitias etenim cum pendit Opinio pluris,
207 509 682 542 Virtutem inſipiens eeuat illa magis.
174 542 811 575 At ſapiens ratio Virtutem qu magis almam,
206 576 661 608 Tanto Diuitias æſtimat ipſa minus.
307 609 744 642 Nulli nocebis: commodabis omnbus.
1 630 787 677 Magna animi virtus, nunquam ſi læſeris, à quo
174 677 738 709 Læſus es. at maior i læſus ſponte remittas:
56 709 719 773 Maxima, fi parcas cui poſſis ipſe nocere.
311 743 741 777 Non eſt amicus hic, qui amare deſinit.
54 774 837 810 Neſcio cuius id eſt verbum Sapientis iniquum;
206 810 840 843 Tanquam oſurus ama. Quin ego amare velim
172 843 873 876 Vt nunquam oſurus. nam quæ vera aut bona tandem
192 875 701 909 In vitâ reliqua eſt, dic mihi, amicitia?
172 909 936 943 Si quiſquam olim ita amic amet, vt fieri ipſum inimicum
44 940 899 1010 Quin ego non, tanquam, ſed nunquam oſurus amabo:
203 943 814 977 Poſſe putet? Virtusne iſta rogo, an vitium eſt?
204 1009 640 1044 Vera ſibi conftat ſemper amicitia.
435 1045 576 1076 Mal parta.
168 1074 639 1109 Perduntur bene parta ſæpe; ſemper
168 1109 673 1142 Perduntur male parta, & auctot ipſen.
427 1145 577 1177 Quadratum.
171 1174 653 1210 Heroi merito ſedes quadrata dicatur.
203 1207 688 1244 Rectus enim ſemper conſtititille ſibi.
868 1239 977 1281 ge
