989 1347
425 35 691 65 ACILLIS
177 78 763 116 Nec tibi profuerunt ridenti cornua fronte,
210 113 717 150 Barbaq; Phœbea lampade ſplendidior.
179 145 877 181 Non illa aſtriferum referens tua nebris Olympum,
209 180 714 217 Non calamis ſeptem fiſtala diſparibus.
177 211 838 250 Non dextrâ geſtaſſe pedum, quo cuncta gubernat,
211 248 819 282 Nempe tuum eſt mundi totius imperium.
176 281 724 318 Ergo, ſi tantum Numen, tu cedis Amori,
211 315 756 351 Ecquis erit noſtrum cedere quem pigeat?
177 347 749 377 Victore à ſummo vinci, victoria ſumma eſt:
212 382 717 414 Teſtis naturæ es maximus ipſe parens.
394 431 555 453 De Anterote.
173 473 678 510 Olim Cupidinem editum Venus dedit
176 508 698 542 Blandis alendum Gratijs. mater dolens
178 543 673 580 Quod nulla earum diligentiâ puer,
177 574 736 612 Ipſa vt volebat, creſceret, mox Delphicum
181 610 631 646 Oraculum conſuluit: mde rettulit
178 647 668 685 Hæc verbi reſponſi, Agq gignier
167 683 660 719 Neceſſe prorſus eſſe: ſic enim fore vt
179 717 746 751 Certatim vterque ad vſque magnitudinem
167 750 769 777 Concreſeeret iuſtam. Proinde cum Dea
178 784 711 818 Hunc procreaſſet, educandum & Gratijs
177 915 808 950 In corde amantis naſcitur quidem ipſe amor:
177 952 740 980 Non creſcit is tamen, ni ametur inuicem
291 999 702 1030 Amor laborem fert, eum admiratio.
176 1040 691 1075 Pallada miraris ceruo inſediſſe fugaci,
211 1072 783 1110 Quem ſequitur duplex, adſequiturq; canis.
179 1106 832 1141 Thaumaſtus petit hinc, acris Camaterus & illine,
215 1142 739 1175 Admirator hic eſt; improbus ille Labor.
182 1175 758 1208 Diſcendo mirum parit admiratio amorem.
218 1207 741 1243 Quid non improbitas dua laboris agit?
895 1247 987 1286 Sm
