1421 1431
332 1 576 36 BOCCHII.
234 41 662 77 mper ſuorum cura habendaregibus.
30 74 791 125 Semper A& regum comes eſt. hos namq; ſuorum
30 114 606 148 Indefeſſa omni tempore cura tenet.
31 148 608 181 Inde pio Eneæ prudens & fidus Achates
31 181 596 215 Coram ſemper adeſt conſilio, auxilio.
201 217 655 249 Io. Baptiſtæ Egnatio. Gloria Crocodilus.
31 244 592 283 Nota Paretonij Crocodilus, bellua Nili,
31 282 643 317 Sectantes refugit, qui fugitant ſequitur.
30 316 670 350 Vfu etiam ille caret linguæ morbisq; leuandis,
31 343 596 383 Vtile corporcis, ſuaueq; ſtercus habet.
31 375 647 421 Sic vera inſtantes ſpernit, ſpernentibus inſtat
94 417 603 450 Gloria: quin maior ſpreta redire ſolet.
31 450 696 491 Nil opus eſt linguâ, celebris cum fama loquatur,
91 484 547 515 Et virtus merces ſit ſibi pulcra ſatis.
31 508 719 554 Præcipuam vtilitatem adfert quoque gloria; tollit
91 551 649 584 Multa animi vitia, atque inuidiam ſuperat.
31 583 661 616 Contra, vana illa eſt popularis, quæ Crocodili
88 617 498 652 Fucatur ſuaui ſtercore gloriola.
222 650 617 684 De Spe Aſcani Sfprtia.
54 682 623 717 Spes facit ambiguâ Typhim ſulcare triremi
88 717 591 750 Hquora, & inſanis tradere vela Notis.
31 749 590 783 Spes facit Eleum curſorem carcere pulſo,
79 784 546 817 Ad metam rapido ſollicitare gradu.
49 816 647 851 Spes facit incerto peditem ſe exponere Marti,
80 851 582 882 Et conclamatam ſæpe redire animam.
31 882 674 921 Mille quoque adflictum curis ſpes hactenus vna
80 916 651 950 Erigit, atque animo me iubet eſſe bono.
44 948 664 985 Quam tui in eximiâ illâ habeo bonitata, tuaq;
79 984 532 1017 Iuſtitiâ, ac verâ nob.litate ſitam.
43 1012 719 1049 Nam mihi qui poſſuut, nolunt prodeſſe, volunt qui
78 1049 599 1082 Non poſſunt. tu vis vnus, & ipſe potes.
40 1079 768 1116 FIora Auguſta igitur, nunquam interitura, bonorums
77 1112 717 1148 Tu caput, & medium eſt; mox quoque finis eris.
276 1151 521 1181 Pro maximo arneſio.
34 1178 711 1214 Monſtrorum Alcides domittor. Iouis inclita proles
697 1208 821 1251 Cir
