971 1320
368 14 644 50 ACHILLIS
117 43 177 67 5o
169 60 758 103 Circinum agens, Orbem perficit eximium
126 92 772 143 Magnus Atlas librum retinens circumſpicit aſtra
170 128 679 177 Quæ quondam Alcidæ fulſerat auxilio.
138 161 641 205 Diuni heroes ambo, cœleſtibus ambo
172 194 709 240 Imperitant aſtris. hic videt, alter agit.
140 224 777 276 Quæris vter porior? potuit qui vincere monſtra;
174 260 690 306 Et ſe qui potuit vincere, monſtra poteſt.
139 290 765 336 Verus hic Alcides ſolidâ eſt qu mente, animoq
172 330 646 372 Impauido, iuſtus, propoſitiq; renax.
308 368 700 399 Areana continebi, & calumnlm.
124 406 611 454 Legebat olim miſſam Epiſtolam ſibi
144 439 689 480 Amatre Alexander Macedo, quæ plurima
145 476 577 513 Arana contiuebat, & calumns
144 503 697 548 In Antipatrum; vnàq; cum Rege, vt ſolet,
142 545 699 585 Hepheſtion legebat: hunc autem neque
147 573 700 618 Legere vetuit. at lectâ epiſtolâ annulum
79 607 588 650 Repente ſignatorium e digito ſuo
78 640 699 686 Detraxit, atque ori eius adpreſſit, monens
149 671 715 710 Gſtu hoc, tacenda arcana. Diſcant poſteri
147 707 652 744 Fiduciæ exemplum de amico nobile,
44 736 647 775 Tum humanitatis ſingularis: qui licet
42 774 623 821 Inuiſum haberet Antipatrum, latius
150 806 666 850 Spargi tamen non paſſus eſt calumnias.
362 848 549 879 Iacobo Caſonio.
135 884 805 926 Gratia quam florum breuis eſt, præcepsq; rapina:
180 920 667 957 Et dum pubeſcunt conſenuere roſæ;
34 948 762 993 Tam nobis breuis eſt ætas, præcepsq; iuuenta:
184 988 660 1025 Et dum pubeſcunt conſenuere genæ.
32 1020 820 1090 rgo age, dum potis es, præſentibus vtere: me cras
185 1053 680 1092 Exſpectes. ſi is diſcere, diſce hodie.
138 1083 748 1120 Sed male doctorum prudens à ſentibus aſpris
187 1121 709 1155 Ne lædare prius, quàm doceare, caue.
139 1152 667 1187 Sentibus hamatis turpis lætatur aſellus
27 1174 61 1205 I
178 1185 684 1216 .Hinc merito Craſſus riſerat ille ſenex.
27 1206 60 1246 i
819 1224 935 1259 . Bat.
