<?xml version="1.0" encoding="UTF-8" standalone="no"?><PcGts xmlns="http://schema.primaresearch.org/PAGE/gts/pagecontent/2019-07-15" xmlns:xsi="http://www.w3.org/2001/XMLSchema-instance" xsi:schemaLocation="http://schema.primaresearch.org/PAGE/gts/pagecontent/2019-07-15 http://schema.primaresearch.org/PAGE/gts/pagecontent/2019-07-15/pagecontent.xsd"><Metadata><Creator/><Created>2022-04-11T14:07:11</Created><LastChange>1970-01-01T00:00:00</LastChange><Comments/></Metadata><Page imageFilename="0478.png" imageHeight="1320" imageWidth="971"><TextRegion id="r1" orientation="0.0" type="paragraph"><Coords points="1,1 969,1 969,1318 1,1318"/><TextLine id="l1"><Coords points="368,14 368,50 644,50 644,14"/><TextEquiv><Unicode/></TextEquiv><TextEquiv index="1"><Unicode>ACHILLIS</Unicode></TextEquiv></TextLine><TextLine id="l2"><Coords points="440,99 510,98 575,94 758,91 758,60 476,60 356,65 293,65 250,67 245,70 238,71 169,73 169,103 359,103"/><TextEquiv><Unicode/></TextEquiv><TextEquiv index="1"><Unicode>Circinum agens, Orbem perficit eximium</Unicode></TextEquiv></TextLine><TextLine id="l3"><Coords points="244,140 327,136 560,128 735,126 746,132 772,132 772,92 700,92 620,95 575,95 510,99 440,100 314,106 262,107 241,110 204,112 126,112 126,143 217,143"/><TextEquiv><Unicode/></TextEquiv><TextEquiv index="1"><Unicode>Magnus Atlas librum retinens circumſpicit aſtra</Unicode></TextEquiv></TextLine><TextLine id="l4"><Coords points="232,174 247,173 292,172 381,167 520,162 679,160 679,128 480,131 244,141 217,144 170,146 170,177 229,177"/><TextEquiv><Unicode/></TextEquiv><TextEquiv index="1"><Unicode>Quæ quondam Alcidæ fulſerat auxilio.</Unicode></TextEquiv></TextLine><TextLine id="l5"><Coords points="323,202 485,198 555,194 641,193 641,161 489,164 247,174 232,175 227,180 222,182 177,182 138,179 138,205 285,205"/><TextEquiv><Unicode/></TextEquiv><TextEquiv index="1"><Unicode>Diuni heroes ambo, cœleſtibus ambo</Unicode></TextEquiv></TextLine><TextLine id="l6"><Coords points="264,238 344,236 410,232 496,231 620,227 676,227 688,225 705,225 709,224 709,194 555,195 485,199 323,203 172,212 172,240 245,240"/><TextEquiv><Unicode/></TextEquiv><TextEquiv index="1"><Unicode>Imperitant aſtris. hic videt, alter agit.</Unicode></TextEquiv></TextLine><TextLine id="l7"><Coords points="220,273 413,267 429,265 519,264 542,262 609,261 701,257 739,258 749,265 777,265 777,224 710,224 705,226 688,226 676,228 620,228 496,232 410,233 344,237 264,239 202,243 140,244 140,276 182,276"/><TextEquiv><Unicode/></TextEquiv><TextEquiv index="1"><Unicode>Quæris vter porior? potuit qui vincere monſtra;</Unicode></TextEquiv></TextLine><TextLine id="l8"><Coords points="288,303 369,300 611,295 690,292 690,260 639,260 609,262 542,263 519,265 429,266 413,268 243,273 183,276 180,279 174,281 174,306 255,306"/><TextEquiv><Unicode/></TextEquiv><TextEquiv index="1"><Unicode>Et ſe qui potuit vincere, monſtra poteſt.</Unicode></TextEquiv></TextLine><TextLine id="l9"><Coords points="379,333 684,326 704,326 715,332 765,332 765,290 742,290 730,293 680,293 651,295 520,298 466,298 312,303 224,309 139,309 139,336 319,336"/><TextEquiv><Unicode/></TextEquiv><TextEquiv index="1"><Unicode>Verus hic Alcides ſolidâ eſt qu mente, animoq</Unicode></TextEquiv></TextLine><TextLine id="l10"><Coords points="464,367 646,364 646,330 537,330 506,332 379,334 320,336 243,341 172,342 172,372 347,372"/><TextEquiv><Unicode/></TextEquiv><TextEquiv index="1"><Unicode>Impauido, iuſtus, propoſitiq; renax.</Unicode></TextEquiv></TextLine><TextLine id="l11"><Coords points="308,368 308,399 700,399 700,368"/><TextEquiv><Unicode/></TextEquiv><TextEquiv index="1"><Unicode>Areana continebi, &amp; calumnlm.</Unicode></TextEquiv></TextLine><TextLine id="l12"><Coords points="233,451 303,447 338,447 375,444 417,444 445,442 494,442 611,438 611,406 446,406 264,414 249,414 245,412 210,414 145,414 124,412 124,454 212,454"/><TextEquiv><Unicode/></TextEquiv><TextEquiv index="1"><Unicode>Legebat olim miſſam Epiſtolam ſibi</Unicode></TextEquiv></TextLine><TextLine id="l13"><Coords points="383,477 538,473 634,473 642,477 685,477 689,476 689,439 596,439 494,443 375,445 338,448 303,448 233,452 204,456 144,458 144,480 331,480"/><TextEquiv><Unicode/></TextEquiv><TextEquiv index="1"><Unicode>Amatre Alexander Macedo, quæ plurima</Unicode></TextEquiv></TextLine><TextLine id="l14"><Coords points="366,511 405,511 577,505 577,476 444,476 286,482 212,488 145,489 145,513 340,513"/><TextEquiv><Unicode/></TextEquiv><TextEquiv index="1"><Unicode>Arana contiuebat, &amp; calumns</Unicode></TextEquiv></TextLine><TextLine id="l15"><Coords points="316,546 445,542 549,541 609,538 697,538 697,503 632,503 626,505 604,506 522,507 440,511 366,512 201,520 144,520 144,548 297,548"/><TextEquiv><Unicode/></TextEquiv><TextEquiv index="1"><Unicode>In Antipatrum; vnàq; cum Rege, vt ſolet,</Unicode></TextEquiv></TextLine><TextLine id="l16"><Coords points="258,582 317,581 401,576 488,575 514,573 699,573 699,545 381,545 316,547 211,553 142,554 142,585 222,585"/><TextEquiv><Unicode/></TextEquiv><TextEquiv index="1"><Unicode>Hepheſtion legebat: hunc autem neque</Unicode></TextEquiv></TextLine><TextLine id="l17"><Coords points="302,613 570,606 651,606 662,612 700,612 700,574 567,573 514,574 488,576 401,577 317,582 258,583 222,586 190,586 164,588 147,587 147,618 232,618"/><TextEquiv><Unicode/></TextEquiv><TextEquiv index="1"><Unicode>Legere vetuit. at lectâ epiſtolâ annulum</Unicode></TextEquiv></TextLine><TextLine id="l18"><Coords points="408,643 476,643 523,640 588,639 588,608 570,607 521,609 471,609 414,612 302,614 233,618 224,620 191,621 152,621 116,619 113,619 112,649 246,650"/><TextEquiv><Unicode/></TextEquiv><TextEquiv index="1"><Unicode>Repente ſignatorium e digito ſuo</Unicode></TextEquiv></TextLine><TextLine id="l19"><Coords points="113,683 141,683 285,682 306,680 365,679 415,676 498,675 532,672 623,672 660,670 699,670 699,640 552,640 476,644 378,645 199,653 113,652"/><TextEquiv><Unicode/></TextEquiv><TextEquiv index="1"><Unicode>Detraxit, atque ori eius adpreſſit, monens</Unicode></TextEquiv></TextLine><TextLine id="l20"><Coords points="454,708 572,706 641,706 659,709 715,709 715,671 532,673 498,676 415,677 253,684 213,683 149,684 149,710 421,710"/><TextEquiv><Unicode/></TextEquiv><TextEquiv index="1"><Unicode>Gſtu hoc, tacenda arcana. Diſcant poſteri</Unicode></TextEquiv></TextLine><TextLine id="l21"><Coords points="474,741 652,739 652,709 641,707 503,708 325,714 288,714 208,718 167,717 147,718 147,744 402,744"/><TextEquiv><Unicode/></TextEquiv><TextEquiv index="1"><Unicode>Fiduciæ exemplum de amico nobile,</Unicode></TextEquiv></TextLine><TextLine id="l22"><Coords points="593,772 647,772 647,740 474,742 368,746 285,747 236,750 154,751 113,749 113,775 486,775"/><TextEquiv><Unicode/></TextEquiv><TextEquiv index="1"><Unicode>Tum humanitatis ſingularis: qui licet</Unicode></TextEquiv></TextLine><TextLine id="l23"><Coords points="113,815 180,817 283,812 445,809 458,807 623,805 623,774 540,774 441,777 387,777 155,785 113,783"/><TextEquiv><Unicode/></TextEquiv><TextEquiv index="1"><Unicode>Inuiſum haberet Antipatrum, latius</Unicode></TextEquiv></TextLine><TextLine id="l24"><Coords points="342,848 359,847 437,845 666,845 666,806 458,808 445,810 319,812 180,818 150,818 150,850 337,850"/><TextEquiv><Unicode/></TextEquiv><TextEquiv index="1"><Unicode>Spargi tamen non paſſus eſt calumnias.</Unicode></TextEquiv></TextLine><TextLine id="l25"><Coords points="362,848 362,879 549,879 549,848"/><TextEquiv><Unicode/></TextEquiv><TextEquiv index="1"><Unicode>Iacobo Caſonio.</Unicode></TextEquiv></TextLine><TextLine id="l26"><Coords points="367,922 568,921 618,919 724,922 729,924 805,925 805,884 497,884 352,887 318,887 308,884 248,888 168,888 135,886 135,926 283,926"/><TextEquiv><Unicode/></TextEquiv><TextEquiv index="1"><Unicode>Gratia quam florum breuis eſt, præcepsq; rapina:</Unicode></TextEquiv></TextLine><TextLine id="l27"><Coords points="393,955 488,955 538,953 667,952 667,921 618,920 568,922 367,923 283,927 180,929 180,957 359,957"/><TextEquiv><Unicode/></TextEquiv><TextEquiv index="1"><Unicode>Et dum pubeſcunt conſenuere roſæ;</Unicode></TextEquiv></TextLine><TextLine id="l28"><Coords points="376,989 456,989 642,985 717,985 727,992 762,992 762,948 731,948 727,951 720,953 393,956 293,959 260,962 142,962 125,960 121,958 115,951 113,950 113,993 265,993"/><TextEquiv><Unicode/></TextEquiv><TextEquiv index="1"><Unicode>Tam nobis breuis eſt ætas, præcepsq; iuuenta:</Unicode></TextEquiv></TextLine><TextLine id="l29"><Coords points="493,1020 660,1018 660,988 376,990 238,995 184,995 184,1025 299,1025"/><TextEquiv><Unicode/></TextEquiv><TextEquiv index="1"><Unicode>Et dum pubeſcunt conſenuere genæ.</Unicode></TextEquiv></TextLine><TextLine id="l30"><Coords points="113,1070 117,1070 122,1065 129,1062 222,1062 351,1056 408,1056 508,1054 534,1052 626,1051 722,1052 731,1057 820,1057 820,1020 493,1021 360,1025 300,1025 237,1029 136,1028 125,1026 117,1020 113,1019"/><TextEquiv><Unicode/></TextEquiv><TextEquiv index="1"><Unicode>rgo age, dum potis es, præſentibus vtere: me cras</Unicode></TextEquiv></TextLine><TextLine id="l31"><Coords points="331,1089 393,1089 558,1085 680,1085 680,1053 534,1053 508,1055 351,1057 255,1062 185,1063 185,1092 289,1092"/><TextEquiv><Unicode/></TextEquiv><TextEquiv index="1"><Unicode>Exſpectes. ſi is diſcere, diſce hodie.</Unicode></TextEquiv></TextLine><TextLine id="l32"><Coords points="560,1118 748,1119 748,1083 720,1083 717,1085 705,1086 558,1086 393,1090 331,1090 238,1095 138,1094 138,1120 496,1120"/><TextEquiv><Unicode/></TextEquiv><TextEquiv index="1"><Unicode>Sed male doctorum prudens à ſentibus aſpris</Unicode></TextEquiv></TextLine><TextLine id="l33"><Coords points="481,1152 559,1151 676,1151 697,1154 709,1154 709,1121 463,1121 254,1127 218,1126 187,1127 187,1155 422,1155"/><TextEquiv><Unicode/></TextEquiv><TextEquiv index="1"><Unicode>Ne lædare prius, quàm doceare, caue.</Unicode></TextEquiv></TextLine><TextLine id="l34"><Coords points="573,1184 667,1184 667,1152 481,1153 457,1155 350,1156 281,1159 139,1159 139,1187 481,1187"/><TextEquiv><Unicode/></TextEquiv><TextEquiv index="1"><Unicode>Sentibus hamatis turpis lætatur aſellus</Unicode></TextEquiv></TextLine><TextLine id="l35"><Coords points="684,1185 573,1185 481,1188 381,1188 241,1192 178,1191 178,1216 684,1216"/><TextEquiv><Unicode/></TextEquiv><TextEquiv index="1"><Unicode>.Hinc merito Craſſus riſerat ille ſenex.</Unicode></TextEquiv></TextLine><TextLine id="l36"><Coords points="819,1224 819,1259 935,1259 935,1224"/><TextEquiv><Unicode/></TextEquiv><TextEquiv index="1"><Unicode>. Bat.</Unicode></TextEquiv></TextLine><TextEquiv><Unicode/></TextEquiv></TextRegion></Page></PcGts>