999 1326
467 19 669 44 L.ARI
107 16 235 67 42
227 62 616 97 vidiſſet vrbes, plurimorumq;
231 98 645 129 Acta hominum variosq; mores.
117 124 574 164 Inde optime ipſius Sapientiæ
102 152 731 200 Vſum parentem & Mnemoſynen ferunt:
231 196 687 230 am longa quid non præſtat omni
227 232 568 265 Experientia maior arte?
446 266 578 288 Iano Vitali.
195 296 782 330 Vt Cato pro centum Ciceroni millibus vnus,
231 330 832 363 Vtq; Plato Antimacho omnium ad inſtar erat.
198 363 809 396 Scribo, Epicurus ait, non multis, at tibi amico,
232 396 826 429 Namq; theatrum ingens alter vtrique ſumus.
196 428 866 468 Vnum pro populo, pro vno populum fore dixit
232 461 737 495 Quondam Abderites Phyſicus ille ſibi.
199 495 769 528 Sic mihi lectores pauciſatis; eſt ſatis vnus;
231 528 771 562 Ac ne diſſimulem ſat quoque nullus erit;
77 550 858 599 Dum modo Iane velis mihi tudoctiſime adeſſe,
231 595 845 629 Ipſe theatrum ingens, ipſe Cato, ipſe Plato es.
194 627 928 663 Quin, vt Democrito, populus pro vno eſt mihi, & ipſe
231 663 685 697 Vnus pro toto ſufficies populo.
396 696 697 729 De poëmatis Iani Pannonij.
196 730 773 763 Pannonius dulci Ianus dum carmine nuper
231 763 804 793 Saxa, feras, volucres, & nemora alta trahit:
195 796 774 830 Mratus Titan ait; aut non occidit vnquam
230 830 697 864 Orpheus, aut alium Calliopea tulit.
782 900 871 918 O
262 899 884 937 A A RI NAM I.
401 961 755 992 AdAltenerium Auogarum.
64 990 99 1020 d
202 999 823 1033 VDIVI& doluiipſe tuoperſæpe dolore
183 1031 838 1065 Nam mihi cum caris fortunam ſemper amicis
181 1066 806 1100 Communem duxi; quos tu mea dulcis es inter
188 1100 727 1132 Cura, Alteneti: tua noſtro ſemper imago
185 1131 876 1167 Atque animo, atque imis habitat iucunda medullis.
187 1164 707 1201 Vnde, tuæ caſu vxoris perculſus acerbo,
184 1196 880 1237 Natorum ſtudia, atque isommoda multa domusqs
860 1232 962 1260 Totius
164 1281 200 1307 A
