1412 1418
255 10 583 49 BONAMICI.
786 20 829 45 45
2 46 572 87 Totius tacito defleui pectore mecum,
4 87 765 123 Quem mihi nunc reuocat carmen miſerabileluctu
4 122 669 155 Miſſum ad me, nuperq; mihi medicina dolenti
5 156 662 190 Adfuit. hæc præſto tibi erit medicina dolenti;
28 189 568 222 Si modò ſanari cupias, morboq; leuari;
10 222 631 255 Nec præbere velis crucianti alimenta labori.
3 256 701 290 Si quid forte optes aliquem rogitare, neque illud
3 289 782 326 Summis principibus conceſſum vnquam admoneare;
1 323 607 357 Idne petas? turpem vel ſi patiare repulſam
46 357 701 391 Indignere petens? non arbitror eſſet iniquum
48 391 687 424 Hoc etenim. Nam Pontificis quod prouida cura
47 424 665 457 Noluerit ſummis Patribus permittier, hoc quis
46 459 641 491 Audeat impetrare? aut quis tum iure quietus
46 491 675 524 Reiectus noſtrûm? Lex hæc eſt omnibus æqua
46 523 748 557 Principio, & ſtatuit pater hanc hominumq; Deûmq;.
46 558 678 592 Priuatim cuiquam nihil eſſe in morte remiſſum.
46 591 627 626 Magnorum regum vxores periere ducumq;:
45 626 590 657 Ante diem multis nati cecidere, cadentq;
44 657 717 692 Ante diem; vt fatorum ordo atque arcana tulere
46 691 616 725 Cuique Dei ſtabili ſortes dueuntur ab vrna.
45 725 649 759 Non exorabis prece quas pretiove redemptas.
45 759 650 787 Vt folia arboribus, nobis ita vita: cadunt hæc
44 792 686 826 Sponte, arent hæc, hæc vi ſummâ diſſipat Eurus.
45 825 692 857 Conditio hæc eadem miſeris mortalibus apta eſt.
44 858 771 894 Et quandoque doles, hominem tum te eſſe memento;
44 893 641 927 Hoc eſt, ſubiectum ſorti, imperioq; Deorum,
43 925 663 959 Et madidi tenuem compacti pulueris vmbram,
46 960 643 993 Quo nihil enixa eſt tellus intrmius vnquam:
45 992 652 1026 Tum ſubito faſtus pones, animosq; ſuperbos,
44 1025 595 1060 Parebisq; Deim & naturæ egibus æquis:
45 1056 746 1094 Et quæcumque volent, ſcelus hoc, te nolle, putabis
46 1091 666 1128 Et diſces te velle, quod accidit, vt tua fert ſors:
46 1126 562 1161 Quo vitæ varijs in tempeſtatibus actus.
45 1159 666 1196 Arte regens teneas portum hac tutiſſimus vnâ,
45 1193 663 1235 Neſcopulis medijs; miſer merſere ſub vndis.
748 1220 826 1268 i
501 1228 579 1265 Ft
