1010 1322
467 16 682 41 LALARI
199 59 777 97 Quod ſi te tantum coniux dum vixit amauit,
200 94 789 130 Quantum te certe ſemper dum vixit amauit,
201 126 845 160 Forte Deûm iuſſu pallentibus extet ab vmbris;
200 159 803 195 Ipſa tuum adſpiciens mœrorem, mœreat ipſa,
200 195 784 228 Et te à perpetuis lacrimis traducat ad vnam
200 227 800 262 Natorum curam; viuendi vt noſcere rectam
203 260 850 293 Adſueſcant primum rationem; deirde latentes
204 294 785 327 Naturæ primas tentent euoluere cauſſas:
202 327 732 361 Vt ſe abducentes paulatim carcere cæco,
206 358 857 393 Omnia Dijs tribuenda putent, præponere rebus
205 393 834 427 Omnibus hos diſcant; diſcant his ſacra parare
202 426 776 459 Pectoribus puris, facibus q; ardentis amoris.
205 459 719 493 Sin hoc non pofſint, Legum ciuilia iura
205 492 763 525 Percipiat animis; his curæ publica ſit res:
204 525 831 559 Aut præcepta domus teneant præclara tuendæ,
204 559 813 592 Et tecum exemplo patruus bonus excitet illos
206 592 769 626 Iulius, ingenio nulli & probitate ſecundus.
208 626 803 659 Nec nihil interea magni doctrina Tryphonis
206 659 822 693 Profuerit, ſibi quem Aonio nutriuit in antro,
207 692 802 727 Diuinum inſpirans animum crinitus Apollo;
208 727 738 752 Et Sadoleti liber aureus, aurea fundens
208 758 839 794 Flumina: quæ teneris ſi quis puer ebibat annis,
210 794 774 826 In terris viuet cœlo digniſſimus, olim
210 826 840 853 Sedibus æternum acturus melioribus æuum
210 859 771 887 In manibus ftudio ardenti verſetur ab illis.
209 893 757 927 Et doceatur acu varias depingere formas,
209 927 703 960 Deq; colo celerideducere pollice fila,
211 961 819 993 Et tenuem Lucina meæexercere Mineruam;
208 993 816 1026 Adq; pudicitiam tenero formetur ab vngue.
209 1026 775 1061 Hæc tua ſi tecum coniux & pluta loquatur,
210 1059 812 1094 Quæ tibi ſubijciet ſapientia, nonne probares?
210 1093 878 1127 Perq; tuum caput, & per coniugium inuiolatum,
211 1126 689 1157 Iurares poſito facturum talia fletu?
209 1158 765 1194 Vir age, quæ mulier ſi diceret, effice per te:
209 1190 806 1230 Mcum longa dies lacrimas abſtergat inanes,
901 1226 986 1254 Præri-
