1416 1414
3 14 736 60 Præripe conilio, & annorum percipe fructum:
87 58 660 93 Et nil proficiens lacrimis luctuq; perenni,
81 91 685 122 Luſani duc eſe dolendo augete dolorem.
81 126 698 156 Natorum ſit cuta dolor. conuertere mentem
86 156 675 190 Huc decet, hi luctus tibi, femineiq; vlulatus
83 190 640 228 Docte Alteneri, permitte & cetera Diuis;
5 219 720 273 Qui multo qum nos melius curantq; reguntq;
87 255 750 289 Omnia: neeceſſant vllo vnquam tempore nobis
59 288 734 322 Conſulere; ineertæ ac miſerati incommoda vitæ
88 322 678 357 Occultâ ratione iuuant. nos ſæpe querentes,
88 354 671 395 Sæpe pater, natis quod prodeſt ſuaſit; at illi
87 387 770 425 Detrectant aliquem propter plerumque laborem:
89 421 717 456 Sic nos facta Deûm ſtulte reprehendimus ægri,
85 457 623 492 In nobis maior quaſi ſit ſapientia rerum.
89 489 678 524 Artificis ſi docta manus quod finxit in ære,
90 522 633 561 Aut ebore egregium, ſe ſe miratur in illo,
68 550 802 591 IIlud amat, transfert quo vult, permutat & vt vult.
91 592 709 625 Hoc, niſi deliret, quis damnet? Nos opus ergo
92 621 664 662 Si ſapiens natura ſuum, aut mundi melioris
90 655 671 695 Ille opifex terris hinc auferat, eſt vbi ſemper
90 688 677 727 Luctus edax, vigiles curæ, triſtisq; ſenectus,
92 717 771 760 Morborum & genus omne, iræ inſidiæq; dolemus?
92 753 731 790 Non ita nos monuere virorum illa inclita proles,
93 788 661 829 In mortem qui olim pro libertate ruebant;
95 823 770 863 Nec quicœleſtûm numerum impleuere Deorum,
95 852 815 896 Cum quibus eſt nobis nomen commune, nec inde
96 880 945 932 Quidquam præterea hos animos quidam velut æſt us
95 920 763 963 Hinc procul& longe ſecum abripuere procellæ.
99 954 727 992 Tantum ſtultitia atque ignauia pigra malorum
102 988 636 1022 Inuexit, tenebris inuoluens omnia ditis.
104 1017 705 1061 Priſca fides quas ſola potet do pectore noſtro
102 1051 746 1093 Diſcutere humanis prohibens onfidere rebus,
103 1083 713 1129 Quarum decipimur ſemper fallacibus vmbris;
105 1112 951 1162 Qu bona ſunt, mala; que mala ſunt bona noſtra putames.
106 1150 675 1197 Vt ſæpe aduerſo concurrunt flamine venti
822 1161 960 1204 Hine
566 1184 654 1215 Ff 4
922 1195 963 1223 s
