1003 1331
456 18 657 47 LAEARI
185 58 883 99 Hinc dolor, hinc pauor, hinc ſpes, exultantiaq; inter
186 96 726 135 Gaudia ſollicitas agitant noctesq; diesq;
185 131 714 171 Mortales ſi qui tantum mortalia curant.
188 163 700 198 Nonne fuit ſatius cœleſtia templa tueri
186 196 855 235 Sæpe animo, & noſtras illic ſpes ponere? quas non
184 229 809 263 Fortuna, aut hominum potis eſt iniuria, nec vis
186 263 841 295 Vlla mouere loco, aut tenues diſpergee in auras.
185 298 750 332 Hoc etenim ſolum pacto traducere vitam
185 330 729 361 Lætam & felicem, mox & ſuccedere cœlo
186 364 819 402 Quimus, ab his vacui paulo quæ diximus ante.
186 397 730 434 His ego fomentis potui ſuperare dolorem
187 429 909 461 Communem; hæc mihi ſunt curarum dulce leuamen;
186 463 749 500 His pugno aduerſus victor tela omnia cæcæ
185 496 834 531 Fortunæ, auſpicio tamen auxilioq; Deorum-
186 529 926 567 Ergo, quam mihimet quondam, tibi nunc medicinam
185 563 837 596 Præſentem admoueo, nullo de monte petendam,
187 596 855 634 Sed quæ, Alteneri, noſtra intra pectora nata eſt.
184 630 905 668 Tu quoque prompto animo, prius huc Dijs rite vocatis
183 665 780 696 Vtere. nam mentis ſubit labor effluit omnis
184 699 740 733 Irritus, & vitæ reddes te, Auogare, beatæ,
185 731 844 766 Cum Muſis ſemper Phœboq; Helicona colentem:
185 766 843 799 Cuius opes mihi ſæpe legens, huc carmina mittes,
184 799 782 826 Vt dulci hoc liceat terere otia noſtra labore:
183 831 830 868 Namq; pari Euganeæ viſent te munere Nymphæ.
412 868 628 900 Carolo S.
184 898 789 933 Cum tua percurrens curſu vada ſalſa ſecundo,
183 934 766 967 Adpulit ad parui Iouis incunabula puppis,
183 967 725 1000 Quid tibi viſa ſitus facies terræq; marisq;,
184 1001 840 1034 Quid cœlum ſtudijs Muſarum ardentibus aptum?
184 1033 845 1066 Inde vbi te inſignem ſceptro excepere frequentes,
185 1067 805 1100 Atque domum celebri comitatu turba reduxit,
185 1100 824 1133 Quæ tibi mens, quæ tum cura occurſauerit vltr,
181 1133 792 1158 Scire velim: num ſis hæc tecum verba locutus:
180 1165 823 1199 Hæc eſt Creta ſouis quondam fidiſſima cuſtos:
173 1197 732 1235 Hæc ſunt illius quondam iuſtiſſima regna
857 1235 958 1262 Vmbris
