1419 1429
282 8 587 49 BONAMICI.
5 53 686 93 Vmbris qui meruit dare iura ſilentibus: hæe eſt
10 93 742 126 Terra antiqua eæ patriæ, tam multa miniſtrans.
5 118 612 159 Hins ego præceptis impleui pectora doctis,
6 160 633 198 Muſurum puer audiui dum ſæpe canentem:
6 193 575 227 Muſurum, Muſis quo nemo carior, ipſis
5 227 595 260 Vocibus Italiam docuit reſonare Pelaſgis.
5 258 634 295 Sum ferus, hie niſi ſim recti, pietatis & æqui
4 294 601 326 Obſeruator, & huc reuocem Minoia iura,
2 328 636 362 Quà licet: hoc & propoſito ſim fixus in vno,
50 361 712 395 Ni bona quæ poſſim Cretenſibus omnia curem.
49 395 720 428 Hæc tecum ipſe, hisq; & multo te plura locutum
48 429 664 463 Eſſe reor; tacito dum corde arcana volutas,
51 462 666 496 Quæque Academiæ ſcrutata eſt, quæque Lycæi
49 496 654 529 Docta cohors; & quæ diuino numine vates
48 529 687 563 Adflati cecinere; Deus cum ſanguine noſtrum
47 563 613 596 Eluit & ſcelus, & cœleſti in ſede locauit
48 595 655 630 Dignum ita te imperio Cretæ præſtabit, erisq;
48 628 671 663 Ciuibus Adriacis, nec non Cretenſibus, & Dijs
48 663 682 697 Et carus tibi. nam cunctis benefacta probantur.
50 697 708 730 Noſſe etiam cupio loca quæ iam inuiſeris: an te
1 730 623 763 Ambages Labyrinthi & inextricabilis error
50 764 627 796 Ceperit, atque Idæ luſtraueris ardua montis
2 796 714 836 Dictamnum carpens & olentem cedron, ab vdo
52 831 595 863 Miratus paſſim manantes vertice fontes:
53 864 623 898 An tibi librorum veterm pretioſa ſupellex
48 897 645 928 Parta ſit, Attalicæ vere auteferenda, nec auro
50 929 730 965 Nquanda, ingenijs quando hæc inuenta colendis:
49 963 746 998 Num quod opus, quod Praxitelis, vel docta Myronis
49 998 613 1025 Finxerit, educens viuentes dextera vultus,
50 1032 708 1065 Inuentum? aut ſi forte ali ornamenta locorum,
51 1064 689 1100 Quæ Muſæa vocant, Muſarum ex nomine Graij,
1 1097 614 1132 Qualia Medoaci ad ripam fundauimus ipſi
52 1131 633 1166 Vicinam triplici Pataui ſub mœnibus vrbis,
52 1167 590 1200 Et non inuitas Muſas huc ſæpe vocamus.
55 1194 694 1235 Talibus ornari & tacito quafi murmure poſſunt.
736 1228 972 1285 Deniq:
439 1232 566 1267 Ff5
