1008 1324
496 1 719 25 LAARI
215 1 262 33 45
220 43 908 77 Denique quis rerum ſtatus omnium amioe mearum
220 76 844 110 Nunc tuus, ex teipſo Bonamicus ſcire laboro.
334 111 850 143 Matthao Dandulo, ad regem Gallorum à Ve-
521 147 670 177 netis Legato.
157 177 815 210 Dandule, qui magnis patriæ de rebus agendis
154 209 914 244 Miſſus ad egregium es poſt plurima ſecula regem
221 244 788 278 Sero ad te ſcribo, non quo mihi ceſſerit vlla
223 276 901 311 Cura tui ex animo: quippe es mihi ſemper in ore
222 310 793 345 Inq; oculis ſemper gero te, geſſiq;, geramq;
221 344 798 377 Dum viuam; noſtræ veteris ic poſtulat vſus
222 377 758 402 Dulcis amicitiæ. ſed te dum diſtinet alto
224 409 880 444 Congreſſus cum Rege, & prima negotia, dumq;
224 442 870 475 Hoſpes es ignotos inter; dum mille recurſant
225 477 833 511 Curatum, ne ingrata atque importuna veniret
223 510 826 544 Littera pertimui. nunc cum præclara parentis
222 544 723 578 Et tua te virtus cœloq; æquarit, & ipſi
224 577 664 611 Ingenti carum regi totiq; cohorti
224 610 782 646 Reddiderit, multo tibi me iucundius illa
226 644 785 678 Omnia conabor, quæ ſcribere poſſe putaui
224 675 827 711 Effari, quæ nunc, niſi quod te forte moratur,
225 711 899 746 Accipe. Contendant ſunt qui magis eſſe beatum
224 743 821 777 Te mod& Gallorum viuentem in diuite terrâ,
227 777 802 806 Gens vbi non fallax, non vlli obnoxia curæ,
77 771 116 807 l
224 809 888 844 Hoſpitijs Iocuples, vbi fontes, flumina, montes,
74 807 115 855 d
223 844 833 875 Aruaq;, nec minimum cedentia vina Falerno:
222 875 753 913 Eſt vbi nobilium comitatus regius auro,
224 909 780 944 Et veſte inſignis, qualem nec Perſidis ora,
70 912 111 946 I
154 942 781 977 Nec diues vidit Syrius, nec diſcolor Indus.
68 946 109 986 i
224 977 868 1009 Iam Re ipſe animo ante alios clariſſimus omnes
224 1010 763 1046 Pellæo iuuene, aut ſublimi Cæſare digna
226 1045 854 1079 Concipiens, largq; effundens munera dexâ:
225 1077 846 1114 Qui, quo quæq; loco ſita ſunt, & quæ poftura
225 1110 855 1147 Terrarum; & cœli, quæ cuique potentia regno,
224 1141 743 1182 Et belli pacisq; artes, quæ virgine natus
224 1174 713 1211 Edocet, ætherijs nos inſertura beati,
