1423 1444
315 10 600 38 BONAMOI.
63 54 698 91 Et tenet, & doctas Muſas colit; & Philadelpho
64 89 551 123 Egregiâ laudem delibat Bibliothecâ.
64 124 762 157 Macte animo, Rex magne, Deûm certiſſima proles;
64 157 663 190 Imperium Superi & diuina incepta ſecundet.
63 190 826 223 Te quoque nuns facit illuſtrem magis atque habitandam
66 223 664 258 Quamuis prole irſim per te ſis Gallia felix,
64 257 639 290 Italiæ decus Hippolytus, qui pectore ſacro
65 290 600 324 Virtute æternas flores decerpit ab omni
65 323 641 356 Præſtantesq; viros paſſis complectitur vlnis
67 357 685 391 Dona ferens, Latij antiquo digniſſima more.
67 391 705 425 Quid dicam, quæ nota tibi tot millia, quæque
66 424 726 457 Audire eſt operæpretium, oblectantq; videndo,
66 457 685 490 Multarum quibus & patitur ſapientia rerum:
66 491 674 526 Quæ ſi cuncta velim percurrere, longior eſſem
66 524 786 560 Quam par eſt, proprium nec haberet Epiſtola nomen.
68 558 658 585 Nos etiam his ita te felicem ducimus, vt non
68 591 650 624 Vxoris memor excludas de pectore curam,
67 625 629 660 Quæ te ſuſpirat lacrimans noctesq; diesq;:
65 659 593 691 Vxoris, quâ nee melior nec ſanctior vlla
66 689 741 718 Dotibus Adriacam exornat muliebribus vrbem
66 725 614 758 Vt grauis occurrat tibi mater ſæpius annis
66 758 639 792 Infelix mater, quæ te ſic quærit, vi vndam
69 792 632 820 Cerua ſiti ardenti fauces ſiccata, cadente
68 826 665 853 Nec Sole, aut curam nati exoriente remittit.
67 859 659 892 Harum eommorus iufto, Matthæe, dolore
66 892 552 924 Abſentisq; tui luctu, & deſiderio, ſit
66 925 647 959 Ipa licet tanto fforens nunc Gallia cultu.
67 956 693 992 Non tute ad reditum ſubitò aceingers, vbi ipi
66 992 649 1025 Et patriæ & regi ſat feceris?O ego tecum
68 1026 612 1058 ſtiuo quàm ſæpe die ſermone retexens
69 1056 768 1091 Omnia, quæ magno in rege admiranda, rogab
67 1091 713 1125 Videris, audieris ve, tuum cu ſæpe per hortum
70 1124 645 1158 Spargemus flores, & frigida vina bibemus;
70 1157 708 1192 Aut auram foribus ſimul accipiemus apertis,
70 1188 741 1226 ulcem auram, quæ ad nos curret pernicibus lis;
