1007 1321
412 6 701 36 LAARI
186 14 236 41 460
188 50 774 85 Aut ex Medoaco ſurgens, aut ex Aquilone
189 85 726 119 Et gratas magis efficiet de rege loquelas
189 119 690 144 Interea bonus & doctus Daneſius iſtic
188 151 705 186 Eſt ſi forte, meis verbis ſaluere iubeto:
187 185 826 219 Inq; vicem fratres, perquam bene conuenientes
190 219 775 253 Cum raro ſtudijs florens Baptiſta Rodolpho,
187 252 757 286 Nobiſcum tradunt ſeſe tibi; iamq; videre
186 287 760 319 E Celtis cupiunt nitid cute te redeuntem,
189 319 788 352 Amplectiq; ſimul, ſimul oſcula dulcia ferre.
190 353 722 386 Ac ne res Italas ignores: frugibus annus
187 386 803 417 Felix & Baccho eſt; nec plurima bacca oliuetis,
190 417 771 452 Nec deſunt pratis herbæ. nunc ruſtica pubes
190 452 783 487 Læta aduentante eſt plenâ iam meſſe, paratq;
189 485 691 519 Primitias animo Cereri, patriq; Lyæo,
188 518 798 552 Et Floræ, dedit & doctis quæ nomen Athenis.
358 563 746 591 De Lucia à Sole, ante eius obitum.
189 601 788 640 Dum ſolus recreor, nocturnaq; frlgora capto,
223 637 712 670 Ecce mihi à tergo Sol nouus exoritur.
191 668 795 706 Diſpeream, niſi tunc me totum ardere putani,
219 704 760 742 Et mediâ clarum nocte videre diem
186 737 783 773 Altera lux, nouaa lux, Solis qui lumina vinis,
221 771 667 804 O oculis vtinam ſæpe oriare meis
187 802 778 841 Nam ſine te denſis nox omnia plena tenebris
218 839 697 873 Occupat, & tecum naſcitur ipſe dies.
74 852 113 895 I
186 869 842 909 Phœbe, tuas inhibe, Sole hoc lucente, quadrigas,
220 903 835 941 Ne te homines Solis nomen inane putent.
184 935 730 971 Forſan & è Superûm pulfo te ſede iubebit
218 971 757 1005 Iupiter hunc alto pandere ab axe diem:
185 1005 729 1040 Aut cert terras hunc te luſtrare ſecundo,
218 1037 653 1073 Vt ſit ab æthereâ purior arce dies.
182 1071 665 1101 Ni potius cœli rector Iunone relictâ,
215 1106 778 1136 Hanc amet, hanc fociam malit habere tori.
184 1135 791 1173 Sic Pataui vrbs mœrens raptâ ſibi luce dolbit,
217 1171 704 1213 Et minor in ſuperis Sol erit ipſe lotis.
921 1226 966 1252 Ad
