1414 1411
284 17 571 46 BONAMICL
788 31 834 56 46t
263 61 681 96 Ad Bedictum Rmbermm.
3 94 764 134 Dum Venetam ſecreta animo, Rhamberte, volutas,
52 129 695 163 Quæ molem imperii tantam terrâque marique
899 139 945 180 l
53 162 715 197 Suſtentant, Patrumque decus maioribus augent,
51 197 714 229 Dumque tuum nomen longos extendis in annos,
51 230 667 262 Regibus exptomens doctis hæc omnia chartis;
51 264 645 296 Me mea rura tenent, ſemper gratiſſima rura,
52 297 698 331 Sed tunc grata magis, quoties ver fundit odores,
52 330 609 363 Temporaque arrident cœlo diffuſa ſereno.
50 364 609 397 Hic ego dum curas aueo deponere amaras
49 397 629 431 Reddere meq; mihi, vitam præſtare beatam
48 431 724 464 Quid queat, aduerti; modo quis procul vrbe relicâ
48 464 704 497 Rura colat, ſtudiiſque animum delectet amœnis.
48 497 641 531 Cur ita crediderim, nifi quid te detinet, audi,
46 531 582 563 Errabam vacuus, deprefſæ collibus altis,
48 564 605 598 Quâ ſe ſubiiciunt valles, ac orida circum
45 597 659 631 Prata rigant, liquidis fontes ſalientibus vndis;
44 631 629 656 Ecce mihi auditus ſublatus ad athera cantus
45 663 645 693 Paſtoris tremulâ recubantis molliter vmbrâ,
45 698 649 731 Cui reſpondebant cantanti hæc concaua ſaxa:
43 731 654 766 Quid daturà Diuis melius mortalibus ægris,
42 764 661 799 Quam bona quæ pariunt paſſim lætiſſima rura?
41 798 657 831 Hic hominum primi vitam incoluere beatam,
41 831 717 864 Cum placidam nondum turbarent prælia pacem,
40 865 640 898 Nec caderent miſræ crudeli cæde phalanges.
38 899 634 924 Huc etiam Diui deſcendere non dubitabant,
36 931 635 966 Horrida nec puduit ſeſe demittere in antra,
36 966 624 998 Incertoque gradunitidos errare per agros,
36 998 616 1033 Atque humiles alto terras præponere cœlo.
37 1031 636 1064 Nec mirum; vultu læto cum dia voluptas
37 1061 700 1099 Suppeditet nobis bona gaudia tempore in omni;
37 1097 631 1125 Cum variis tellus redimitur floribus, & cm
35 1129 740 1165 Arboribus virides redeunt per brachia frondes,
33 1161 728 1199 Atque auium dulees cantus nemora auia complest.
35 1197 636 1233 Qmſpeetae iuuat flauentibus aruit
757 1225 965 1295 vm-
976 1310 1201 1361 r
1201 1348 1319 1376 v
