<?xml version="1.0" encoding="UTF-8" standalone="no"?><PcGts xmlns="http://schema.primaresearch.org/PAGE/gts/pagecontent/2019-07-15" xmlns:xsi="http://www.w3.org/2001/XMLSchema-instance" xsi:schemaLocation="http://schema.primaresearch.org/PAGE/gts/pagecontent/2019-07-15 http://schema.primaresearch.org/PAGE/gts/pagecontent/2019-07-15/pagecontent.xsd"><Metadata><Creator/><Created>2022-04-11T14:11:41</Created><LastChange>1970-01-01T00:00:00</LastChange><Comments/></Metadata><Page imageFilename="0489.png" imageHeight="1411" imageWidth="1414"><TextRegion id="r1" orientation="0.0" type="paragraph"><Coords points="1,1 1412,1 1412,1409 1,1409"/><TextLine id="l1"><Coords points="284,17 284,46 571,46 571,17"/><TextEquiv><Unicode/></TextEquiv><TextEquiv index="1"><Unicode>BONAMICL</Unicode></TextEquiv></TextLine><TextLine id="l2"><Coords points="681,61 263,61 263,94 383,93 569,96 681,96"/><TextEquiv><Unicode/></TextEquiv><TextEquiv index="1"><Unicode>Ad Bedictum Rmbermm.</Unicode></TextEquiv></TextLine><TextLine id="l3"><Coords points="764,95 746,94 694,94 685,98 383,94 39,94 39,129 44,128 86,127 406,127 764,134"/><TextEquiv><Unicode/></TextEquiv><TextEquiv index="1"><Unicode>Dum Venetam ſecreta animo, Rhamberte, volutas,</Unicode></TextEquiv></TextLine><TextLine id="l4"><Coords points="695,134 604,131 514,131 464,129 52,129 52,162 416,161 473,163 695,163"/><TextEquiv><Unicode/></TextEquiv><TextEquiv index="1"><Unicode>Quæ molem imperii tantam terrâque marique</Unicode></TextEquiv></TextLine><TextLine id="l5"><Coords points="715,166 701,165 615,166 416,162 53,163 53,194 63,195 421,195 562,197 715,197"/><TextEquiv><Unicode/></TextEquiv><TextEquiv index="1"><Unicode>Suſtentant, Patrumque decus maioribus augent,</Unicode></TextEquiv></TextLine><TextLine id="l6"><Coords points="714,201 669,201 649,199 561,197 51,197 51,228 58,229 714,229"/><TextEquiv><Unicode/></TextEquiv><TextEquiv index="1"><Unicode>Dumque tuum nomen longos extendis in annos,</Unicode></TextEquiv></TextLine><TextLine id="l7"><Coords points="667,233 660,232 496,230 51,230 51,262 667,262"/><TextEquiv><Unicode/></TextEquiv><TextEquiv index="1"><Unicode>Regibus exptomens doctis hæc omnia chartis;</Unicode></TextEquiv></TextLine><TextLine id="l8"><Coords points="645,266 570,264 51,264 51,295 645,296"/><TextEquiv><Unicode/></TextEquiv><TextEquiv index="1"><Unicode>Me mea rura tenent, ſemper gratiſſima rura,</Unicode></TextEquiv></TextLine><TextLine id="l9"><Coords points="698,299 618,299 547,297 52,297 52,328 163,331 341,331 416,329 488,329 539,331 698,331"/><TextEquiv><Unicode/></TextEquiv><TextEquiv index="1"><Unicode>Sed tunc grata magis, quoties ver fundit odores,</Unicode></TextEquiv></TextLine><TextLine id="l10"><Coords points="609,332 416,330 341,332 223,331 163,332 120,330 52,330 52,362 65,363 609,363"/><TextEquiv><Unicode/></TextEquiv><TextEquiv index="1"><Unicode>Temporaque arrident cœlo diffuſa ſereno.</Unicode></TextEquiv></TextLine><TextLine id="l11"><Coords points="609,365 50,364 50,396 609,397"/><TextEquiv><Unicode/></TextEquiv><TextEquiv index="1"><Unicode>Hic ego dum curas aueo deponere amaras</Unicode></TextEquiv></TextLine><TextLine id="l12"><Coords points="629,399 340,397 49,397 49,429 63,430 629,431"/><TextEquiv><Unicode/></TextEquiv><TextEquiv index="1"><Unicode>Reddere meq; mihi, vitam præſtare beatam</Unicode></TextEquiv></TextLine><TextLine id="l13"><Coords points="724,431 48,431 48,464 724,464"/><TextEquiv><Unicode/></TextEquiv><TextEquiv index="1"><Unicode>Quid queat, aduerti; modo quis procul vrbe relicâ</Unicode></TextEquiv></TextLine><TextLine id="l14"><Coords points="704,467 688,466 613,466 559,464 48,465 48,496 704,497"/><TextEquiv><Unicode/></TextEquiv><TextEquiv index="1"><Unicode>Rura colat, ſtudiiſque animum delectet amœnis.</Unicode></TextEquiv></TextLine><TextLine id="l15"><Coords points="641,499 48,497 48,529 176,531 641,531"/><TextEquiv><Unicode/></TextEquiv><TextEquiv index="1"><Unicode>Cur ita crediderim, nifi quid te detinet, audi,</Unicode></TextEquiv></TextLine><TextLine id="l16"><Coords points="582,532 46,531 46,563 582,563"/><TextEquiv><Unicode/></TextEquiv><TextEquiv index="1"><Unicode>Errabam vacuus, deprefſæ collibus altis,</Unicode></TextEquiv></TextLine><TextLine id="l17"><Coords points="605,597 605,565 412,564 208,566 48,564 48,597 284,598"/><TextEquiv><Unicode/></TextEquiv><TextEquiv index="1"><Unicode>Quâ ſe ſubiiciunt valles, ac orida circum</Unicode></TextEquiv></TextLine><TextLine id="l18"><Coords points="659,597 284,599 45,598 45,630 63,631 659,631"/><TextEquiv><Unicode/></TextEquiv><TextEquiv index="1"><Unicode>Prata rigant, liquidis fontes ſalientibus vndis;</Unicode></TextEquiv></TextLine><TextLine id="l19"><Coords points="629,631 246,633 44,631 44,656 629,656"/><TextEquiv><Unicode/></TextEquiv><TextEquiv index="1"><Unicode>Ecce mihi auditus ſublatus ad athera cantus</Unicode></TextEquiv></TextLine><TextLine id="l20"><Coords points="45,663 45,693 645,693 645,663"/><TextEquiv><Unicode/></TextEquiv><TextEquiv index="1"><Unicode>Paſtoris tremulâ recubantis molliter vmbrâ,</Unicode></TextEquiv></TextLine><TextLine id="l21"><Coords points="649,730 649,699 45,698 45,731 630,731"/><TextEquiv><Unicode/></TextEquiv><TextEquiv index="1"><Unicode>Cui reſpondebant cantanti hæc concaua ſaxa:</Unicode></TextEquiv></TextLine><TextLine id="l22"><Coords points="649,764 654,763 654,731 204,731 114,733 43,732 43,765 139,766"/><TextEquiv><Unicode/></TextEquiv><TextEquiv index="1"><Unicode>Quid daturà Diuis melius mortalibus ægris,</Unicode></TextEquiv></TextLine><TextLine id="l23"><Coords points="661,797 661,764 618,766 416,765 139,767 42,766 42,799 358,799"/><TextEquiv><Unicode/></TextEquiv><TextEquiv index="1"><Unicode>Quam bona quæ pariunt paſſim lætiſſima rura?</Unicode></TextEquiv></TextLine><TextLine id="l24"><Coords points="657,830 657,798 358,800 139,799 41,800 41,831 645,831"/><TextEquiv><Unicode/></TextEquiv><TextEquiv index="1"><Unicode>Hic hominum primi vitam incoluere beatam,</Unicode></TextEquiv></TextLine><TextLine id="l25"><Coords points="717,831 556,831 464,833 41,832 41,864 717,864"/><TextEquiv><Unicode/></TextEquiv><TextEquiv index="1"><Unicode>Cum placidam nondum turbarent prælia pacem,</Unicode></TextEquiv></TextLine><TextLine id="l26"><Coords points="640,865 147,867 40,866 40,898 640,898"/><TextEquiv><Unicode/></TextEquiv><TextEquiv index="1"><Unicode>Nec caderent miſræ crudeli cæde phalanges.</Unicode></TextEquiv></TextLine><TextLine id="l27"><Coords points="634,899 38,899 38,924 634,924"/><TextEquiv><Unicode/></TextEquiv><TextEquiv index="1"><Unicode>Huc etiam Diui deſcendere non dubitabant,</Unicode></TextEquiv></TextLine><TextLine id="l28"><Coords points="36,931 36,966 635,966 635,931"/><TextEquiv><Unicode/></TextEquiv><TextEquiv index="1"><Unicode>Horrida nec puduit ſeſe demittere in antra,</Unicode></TextEquiv></TextLine><TextLine id="l29"><Coords points="624,997 624,966 36,966 36,998 602,998"/><TextEquiv><Unicode/></TextEquiv><TextEquiv index="1"><Unicode>Incertoque gradunitidos errare per agros,</Unicode></TextEquiv></TextLine><TextLine id="l30"><Coords points="508,1031 616,1030 616,998 535,1000 91,999 36,1000 36,1031 278,1031 468,1033"/><TextEquiv><Unicode/></TextEquiv><TextEquiv index="1"><Unicode>Atque humiles alto terras præponere cœlo.</Unicode></TextEquiv></TextLine><TextLine id="l31"><Coords points="610,1062 636,1062 636,1031 508,1032 468,1034 278,1032 37,1032 37,1064 586,1064"/><TextEquiv><Unicode/></TextEquiv><TextEquiv index="1"><Unicode>Nec mirum; vultu læto cum dia voluptas</Unicode></TextEquiv></TextLine><TextLine id="l32"><Coords points="567,1096 695,1096 700,1098 700,1061 663,1061 656,1063 610,1063 586,1065 454,1067 37,1065 37,1097 489,1099"/><TextEquiv><Unicode/></TextEquiv><TextEquiv index="1"><Unicode>Suppeditet nobis bona gaudia tempore in omni;</Unicode></TextEquiv></TextLine><TextLine id="l33"><Coords points="631,1097 567,1097 489,1100 37,1098 37,1125 631,1125"/><TextEquiv><Unicode/></TextEquiv><TextEquiv index="1"><Unicode>Cum variis tellus redimitur floribus, &amp; cm</Unicode></TextEquiv></TextLine><TextLine id="l34"><Coords points="620,1162 732,1160 740,1156 740,1129 647,1129 473,1133 255,1133 207,1131 35,1132 35,1164 183,1163 243,1165 571,1165"/><TextEquiv><Unicode/></TextEquiv><TextEquiv index="1"><Unicode>Arboribus virides redeunt per brachia frondes,</Unicode></TextEquiv></TextLine><TextLine id="l35"><Coords points="728,1161 620,1163 530,1167 315,1167 183,1164 33,1165 33,1195 285,1199 728,1199"/><TextEquiv><Unicode/></TextEquiv><TextEquiv index="1"><Unicode>Atque auium dulees cantus nemora auia complest.</Unicode></TextEquiv></TextLine><TextLine id="l36"><Coords points="636,1199 285,1200 152,1197 35,1197 35,1233 636,1233"/><TextEquiv><Unicode/></TextEquiv><TextEquiv index="1"><Unicode>Qmſpeetae iuuat flauentibus aruit</Unicode></TextEquiv></TextLine><TextLine id="l37"><Coords points="836,1225 757,1225 757,1266 836,1265"/><TextEquiv><Unicode/></TextEquiv><TextEquiv index="1"><Unicode>vm-</Unicode></TextEquiv></TextLine><TextEquiv><Unicode/></TextEquiv></TextRegion></Page></PcGts>