1410 1400
241 12 580 44 BONAMICI.
20 62 585 96 Præiput vero conuiuia ponere in vmbrâ,
20 96 616 132 Cum canis arentes rumpit latratibus agros,
39 130 606 164 Quà tenues ſpargit riuos argenteus animis,
19 163 599 196 Securiſque animis ſomnos inſtillat inertes.
72 195 692 229 Has ego paſtoris voces poſtquam auribus hau
37 229 645 263 Rhamberte, atq; animum ſenſi lætarier intus,
39 263 645 288 Commoda dum ruris meditatur cuncta beati.
39 295 706 330 Tunc mecum aut felix nuſquam, vitæ genus vllum,
19 330 624 364 Quo ſe mortales iactant, aut hoc erit vnum.
41 363 578 397 Quod ſi vis diuina anmi bona rure beato
31 396 624 423 His etiam addiderit, nihil eſt felicius illo
22 428 666 465 Quæ poſſunt homines cœli ad ſublimia templa
22 463 592 496 Erigere, & famâ tandem donare perenni;
19 496 657 529 Aſſidue veterum tractant dum ſcripta virorum,
23 529 608 562 Sollicitas mœſto pellunt quæ pectore curas,
39 563 587 596 Et virtute nihil demonſtrant pulcrius eſſe:
22 596 594 629 Quæ poſtquam elegit, eæcâ caligine denſæ
39 630 545 662 Diffugiunt nubesradiis pulſæ rationis.
40 661 619 695 Felices, quibus hunc vitæ decurrere curſum
42 696 602 725 Numina amica ſinuntlillis non anxia cura
24 730 606 763 Deprimitin terras diuinæ ſumina mentis,
43 763 630 791 Sed veluti in ſummo ſublati vertice montis,
23 796 642 833 Quem teneat tranquilla quies atq; otia læta;
43 829 558 862 Deſpectare queant alios erroribus altis
40 862 587 895 Implicitos rectæq; viæ deflectere curſum.
25 895 605 929 O Diuûm munus rarum Sapientia, quantis
39 928 586 961 In tenebris ſine lue ſuâ vita ipfa vacillatl
42 961 661 996 Quin etiam rerum cauſſas ſcrutantur & omnes
40 995 622 1029 Diſiciunt mundi partes: quos aurea curſus
29 1026 661 1063 Sidera conficiant: num ſempiterna manebumt,
42 1058 714 1096 An potius tenebris aliquando immerſa iacebunt:
24 1092 666 1129 Quâ cauſa maris vnda tumet, rerumq; tenetur
24 1125 640 1160 m medio ſuſpenſa graui cum pondere tellus.
39 1159 627 1192 Has artes docto moderantur carmine Muſæ,
28 1193 657 1228 ura quibus ſecreta placent colleſq; bti,
666 1221 839 1261 Concinert
