1018 1328
513 5 728 30 LAARI
213 16 265 43 464
217 45 885 84 Concinere adſuetæ frondenti Heliconis in vmbra.
202 82 746 115 Hæ ſi cui variis ornabunt tepora ſertis,
217 115 747 144 Non illi in vità Fortunæ tela nocebunt,
215 146 802 184 Et vaga contempto volitabit fama ſepulcrol
217 179 886 219 Quod ſi vnquam optati huc tulerit me dextera fati,
218 214 844 251 Secernens populo ac tranquillâ in ſede locabit:
217 250 827 284 Diſpeream ſi quid magis oblectare meum cor
215 283 840 312 Poſſit, & ad ſedes ſummorum attollere Diuum;
216 315 826 350 Non mihi ſi quis opes dederit quas Africa latis
213 350 898 384 Fertilis effudit campis, quaſque India gemmas.
214 381 809 415 At vero imprimis cuperem tot gaudia tecum
216 414 873 448 Percipere, & tecum ſpacium conſumere vitæ,
216 447 811 484 Quod ſupereſt, cum ſis vitâ mihi carior ipsà.
365 480 885 518 Matthao Dandulo ad P. Mſ. Venetis
558 519 642 549 Legato.
218 547 835 583 Gallia bis quondam, nunc te clariſſima Roma
215 581 851 617 Legatum caput orbis habet, quam leniter amnis
217 615 773 648 Cæruleus Thuſcis interfluit ortus in oris,
214 646 903 684 Hinc atque hinc humiles ſurgunt vbi vertice colles;
214 681 827 717 Frondentes ſeptem colles, ſeu frigus ab Arcto
213 715 868 749 Vrgeat, haud hyemis dubitant ſuperare vigorem,
213 749 772 782 Seu ſol æſtiuas emittat in ætheta flammas,
213 782 743 816 Seſe non ceſſant aurâ recreare ſalubri,
212 815 784 850 Vndique conuictos priſci quo ſæpe Quirites
213 848 818 882 Duxere æternos Capitolia ad alta triumphos;
213 881 843 914 Omnibus implentes virtutis honoribus orbem.
211 915 739 949 Hic tali & tanta cum ſis orator in vrbe,
209 949 763 982 Et vacat à curis patriæ, & teris otia ſolus,
212 980 978 1017 Num venit in mentem tibi quod mihi? Namq; ego ſæp
212 1015 817 1050 Hæc mecum: O ſi quis tali qui primus in vrbe
207 1050 899 1083 Antiquæ Romæ imperio mentemque, animumque
208 1083 853 1118 Conciperet dignum peperit quod plurima virtus
207 1116 838 1148 Et præceps dedit hæe jeadem in contraria verſa:
207 1148 793 1182 His omni monitus virtutem ex parte vocaret
206 1181 819 1219 Trarum Romam. Aeptem ſe attollere colles
923 1208 987 1239 Isci-
