1418 1407
292 6 590 40 BONAMICI.
70 48 683 84 Inciperent:ſeſe & diffundere nomen in orbem
70 84 611 117 Romanum populi leges & iura volentes
68 117 788 152 Acciperent Romæ, vt quondam.nunc optima quæque
68 150 665 183 More iacent noſtro ſi quid laudabile. ſunt qui
68 184 750 217 Iure putant ſimulatum id totum, alioque relatum.
70 217 777 250 Hinc odium hinc magnæ nata eſt contemptio Romæ.
71 251 663 285 Quid ſi ſe regere imperium cœleſte putarent,
70 284 622 318 Vt regit, atque Deo curæ commiſſa fideli?
69 318 666 353 Fallere quem nemo poſſit, qui reddere coget
56 352 693 385 Quemque ſuæ, primæ repetens ab origine vitæ,
55 385 639 418 Et dicti & facti rationem; quæ quis & intus
67 419 702 451 Condiderit tacitus, depromere cuncta iubebit:
69 452 691 488 Quem mirabuntur candenti in nube ſedentem
60 486 709 520 Matres atque viri, & variæ longo ordine gentes,
67 519 673 553 Terribilemque oculis & maieſtate verendum;
67 552 675 588 Nnne putas aliâ ſubito tunc mente futurum?
53 585 706 620 Nonne ſuos, ſua quæ non ſunt, partitus in vſus
65 620 773 655 RiteDeum atque homines placaret? nonne repente
66 654 626 686 Mutaret totum vitæ genusille, Patrumque
67 687 675 718 Sanctorum indueret mores, felicior omni
66 719 705 755 Principe, principibus cunctis venerabilis? t nos
66 753 674 788 Cum ſeruis noſtris aliquid mandamus, ita illi
53 788 617 822 Parerent dicto ſenioris; at arma iacerent
66 820 619 854 Subiecta illius pedibus Mauortia, plusque
54 854 661 888 Nutu proficeret, quàm Cæſar Carolus armis.
69 887 661 921 O tum quæ facies vrbis, quæ ſurgere templa
53 918 757 954 Dandule, conſpiceres, hominum qui cœtus in vrbe
65 952 698 991 Quamſimilis noſtrs Polo, Pietaſque Pudorque
65 987 688 1022 Europæ arque Aſiæ partes manaret in omnes.
67 1019 706 1054 Fuſa Dei hunc propter ſupremâà luce benigni,
67 1052 640 1089 Fœcundo plueret tum gratia ſemine tertis,
68 1085 616 1121 Hunc ego, mortalis vitæ compage ſoluta,
68 1116 740 1158 Quam tamen vt licet hic exegerit ipſe beatam.
65 1151 641 1187 Cœleſtum ſublatum alis ſuper alta volare
71 1183 709 1221 Sidea crediderim, & numero ſucedere Diuum
777 1207 851 1254 ia-
