1015 1327
505 15 734 41 LALARI
213 20 264 51 466
217 54 870 94 ſuros homines, cui vota & ſacra quotannis
219 92 815 126 Ntas ſuſciperet mirata hæc poſtera. Sed non
221 126 774 158 Hæc animo miſeri fatis agitamus iniquis,
218 160 799 186 Aduerſis aut Diis non credimus, ore tot olim
220 191 796 227 Quæ cecinere Patres, Deus eſt effatus & ipſe:
219 226 841 258 Tantum importauit res hæc priuata malorum;
219 258 804 285 Tantas Blanditiæ, mundi effudere tenebras.
199 292 754 325 Hæc ſæpe vt dixi mecum; quæ ne patiare
147 324 733 358 Efferri rogito: ſola hæc tantum tibi ſoli
219 359 846 391 Scripta, aut cum magno duces communia Polo;
152 391 870 425 Quem docuit puerum quondam demiſſus ab alto
157 424 753 456 Spiritus, inſeuitq; pio ſub pectore motus
218 457 702 490 Diuinos animi, & cœleſtia ſola tueri
217 489 825 524 Donauit; nobis conceſſum hoc tempore veræ
216 523 781 556 Exemplum ſolidævuututis. nonne ego felix
220 556 801 582 Sim ſi forte altâ reſidentem in ſede viderem?
166 589 859 625 Nam reor hunc veri ſi quid mens augurat eſſe
156 623 752 660 lum, reftituat claræ qui mœnia Romæ.
340 681 753 712 Ad Peginaldum Polum cardinalem.
218 723 818 759 Oalto qui cuncta animo circumſpicis, & quæ
217 756 871 790 Recta & curua vides, fugis hæc, legis illa: nec vlla
214 789 759 825 Vis potis eſt animum recto deducere: ſi tu
215 821 823 856 Forte probas, Lybiæ domitor quæ ſæpe ſolebat
76 832 122 873 I
215 855 834 888 Dicere, & egregio de pectore fundere in auras:
213 886 827 926 Eſſe vnum hoc nobis omni ratione modoque
221 921 851 959 Optandum & conandum acri aſſiduoq; labore,
213 953 838 990 Vt ſimus primum, dcinde vt videamur honore
213 986 804 1026 Digni, tum nobis poſtremaq; & vltima cura,
216 1020 953 1061 Quod tamen eſt hominum primum pleniſque ſed ægris,
212 1053 836 1092 Iple honor. anteferas Romanis Pole triumphis
215 1085 809 1125 Quod tua te virtus in cœlo ponit, & aſtris:
215 1119 848 1159 Quod te mortales omnes, iuueneſque ſer e que
215 1152 745 1191 Optabant ſacris præfcctum rebus, & eſle
211 1182 780 1223 tantum paſlorem ouum,. i palua iat
905 1229 985 1255 Mon
