1414 1409
806 1 934 48 4
305 9 590 35 BONAMICI
82 52 641 88 Monſtrares, dulcique impleres vberalacte
83 87 643 115 Et, ſi non vllis nimium mens læua fuiſſet,
83 119 660 147 Paſtor eras, ſed te Deus ad maiora reſeruat
82 152 650 180 Fortaſſis momenta. nihil nos nouimus: ille
85 186 676 213 Omnia: & æterno moderatur cuncta tenore.
85 221 656 253 Interea longo quondam quæ nota labore,
84 252 706 286 Prælucente Deo, tibi ſunt, pater optime, ſacris
84 286 619 312 Eruta de libris, noli occultare, ſed auras
87 319 751 353 Profer in ætherias; volitent ſine pectora circum.
86 353 745 386 Et doceant Chriſti cultum: qui miſſus ab alto eſt
86 386 638 420 .there, vt in cœli clarâ nos ſede locaret,
86 419 802 454 Dumq; hoc, dumque illud laudant diuerſa ſequentes,
87 454 692 487 Inq; ſuum errantes errorem ducere tentant
89 487 700 520 Quiſque viæ ignaros, certâ vix lege tenemus
87 520 683 553 Illius præcepta, ferent quæ ad ſidera cœli.
87 552 736 587 Qui potes, huc fer opem; populo ſuccure labanti:
83 586 690 619 Da lucem tenebris, caligineq; hinc procul actâ
84 620 712 652 Veram oſtende viam, ſoli tibi quæ patet, & iam
86 654 647 687 Olim trita tuis pedibus veſtigia ſeruat.
84 686 677 720 Fac tonet eloquiis, fac fulminet illa tibi vni
83 719 711 752 Vis conceſſa, Deus quoties ſummus rapit, & te
86 753 635 786 Ad ſua conuertit. te talia munera poſcit
86 786 666 818 Et Deus, & noſtri magna inconſtantia ſæcli.
85 816 752 852 Adgredere; & noſtros pater optime dirige greſſus:
85 852 605 887 Qui tanto ſtudio ſacros euoluere libros
85 885 663 919 Apuero es ſolitus, puroſq; haurire liquores.
83 919 632 950 Fontibus, irrigui manantibus æthere cæl.
84 952 657 985 Hæc erit vna Deo gratiſſima victima cunctis
84 984 746 1019 Egregibus: nec te hane pigeat mactare cruenti
85 1017 676 1050 Succinctum de more popæ. tibi Tertius olim
84 1050 708 1080 Hæc eadem iuſſit Paullus i iam ifa capeſſe,
84 1081 761 1117 Aut potius cœptum percurre, & perfice munus.
76 1114 694 1149 Sic tibi propitus faueat Deus vſque, tuamque
84 1150 634 1177 In terris vitam ſeruet ſine labe decoram,
83 1181 671 1218 In ſedes tua te ccipiens poſt fata beatas.
509 1218 604 1249 G;
1287 1320 1412 1339 e
