1429 1432
286 4 601 32 ONAMICI.
49 46 632 81 Explicat & vernis ſinuantia carbaſa ventis.
49 81 679 116 Quod ſi plena auris nunc pandit vela ſecundis,
46 114 682 149 Et latum trabe nauta cauâ deſcendit in æquor;
49 147 616 180 Sibilia dat paſtor ſeptem deducta cicutis;
49 179 686 214 Si raucum niueus nemoroſa ad flumina cycnus
48 214 716 246 Concinit, Halcyones fundunt perlittora catus,
46 247 608 281 Attica populeos inter Philomela receſfus
47 279 705 314 Obſtrepit, & volucres ſuſpendit in arboe nidos;
44 314 568 348 Ipſæ etiam paſtæ flores aluearia circum
46 344 670 382 Taurigenæ meditantur opus cæleſte volucres;
46 381 632 414 Omnia ſi repetunt grato intermiſſa labore,
42 415 634 449 Feftinantqe ſuis. percurrere munera curis:
46 448 648 482 Cur vati non turpe, decus Giberte, ſaluſque
45 480 745 513 Nominis Auſoni, hoc non tempore dcere carmen?
42 515 761 549 Et tibi qualemcunque ſuam exercere Camœnam?
43 548 653 583 Qu facis, vt cuncti poſſint tibi ludere verſus.
43 582 700 615 Hunc igitur noſtris percurrere vocibus altæ
43 614 700 649 Conualles, ſiluæq; omnes, fonteſque lacſque
45 647 814 681 Gibertum, atque iterum Gibertum, auræque ſonabunt.
212 683 654 718 Ad Diegum Hurtadum Mendo am.
42 714 597 748 Villa ſuburbano dum me delectat agello,
43 748 705 784 Hinc Pataui egregiam ſtudiis, & mœnibus vrbem,
44 782 682 821 Amplo & circuitu, & fluuiis, cœloque ſalubri,
42 816 551 849 Illinc cæruleo ſurgentes leniter arcu
41 849 649 883 Palladis, & Bacchi ambiguo certamine colles
42 882 725 915 Cernentem Euganeos, ſubiectaque collibus arua,
42 915 682 950 Læta Ceres alto quæ ſæpe adſpectat Olympo,
41 948 710 982 Inde per excelſas Apes conuerſus ad Arcton,
43 982 712 1018 Dum miror tarde voluentem plauſtra Booten,
43 1016 596 1049 Et tot diuerſis lucentes partibus ignes,
45 1037 845 1084 Cepheaque, ardentemq; canem,ardentemque coronam,
43 1081 712 1116 Pleiadas, Hyadaſque, auroque Oriona micantem.
43 1113 688 1148 Milleque præterea naſcentum, mille cadentum
44 1148 582 1183 Stellarum motus, ſeu cum Sol exit Eoo
46 1179 685 1218 Oceano, Heſperias ſeu cum ſe condit in vndas:
748 1209 842 1244 Pau-
