1009 1323
428 18 633 43 LALARI
122 13 228 59 m
125 59 714 96 Paulatimq; feror ſublimior, arteq; doct
120 96 794 130 Quis ſit, & hæc certâ qui temperat omnia lege,
112 129 802 162 Contemplor: licet ante alios ſit pectore Cæſar,
111 157 729 196 Et bello inſignis, teneatq; patentia regna;
122 196 728 232 Ipſe tui tamen ingentis tum Cæſaris arma,
180 229 748 262 Regnaq; contemno, curſu peritura fugaci:
180 261 792 296 Tum me felicem, tum me reor eſſe beatum.
180 292 852 326 Cui datur hæc, miſera procul ambitione, tueri,
180 327 747 360 Non ego diſpoſitis trans altas euehor Alpes
179 360 774 394 Feſſus equis, per ſaxa, & depreſſas ccn ales,
177 395 781 427 Fluminaq; & rupes per mille pericula carpens,
178 427 707 460 Dum dicto citius cupio mandata referre,
176 460 722 494 Triſte iuuentutis ſolamen, triſte ſenectæ:
177 494 836 528 Atq; pedum, atq; alui linquo, renumq; dolores.
176 527 839 559 Non claſſem amiſſam Libycis in fluctibus, & rem,
177 561 778 596 Quæ bene non geſta eſt, cogor lugere, nec ima
175 594 762 627 Ingentem verſo curarum in pectore molem,
178 628 681 660 Imperij vt late fines producere poſſim:
178 661 764 695 Qui nulli tibi ſunt, animus niſi finiat æquus.
176 694 748 727 Nullius inſidias timeo, nec perdita cæcum,
175 726 685 762 Oblitumq; mei rapit aſſentatio, non ſpe
173 761 755 796 Deludor vana. non quenquam deniq; fallo.
171 794 725 829 Sed Calcignani modd aprico colle ſub alti
172 827 695 861 Ilice pallentes hederas, oleaſq; virentes,
171 861 684 896 Et vineta inter vario certamine dulces
170 894 750 929 Excipiens cantus dextrâ, læuaq; volucrum.
170 927 751 954 Nunc ad Medoaci doctæ ſuh mœnibus vrbis
166 961 821 989 Flumina, nunc Pataui ædium in interiore receſſu
169 995 767 1030 Scurus mecum meditor, ſi promere poſſim,
170 1027 765 1062 Quæ valeant prodeſſe olim mortalibus ægris:
166 1062 729 1093 Vt potiora petant, per me potiora videntes.
165 1093 730 1129 Quam tibi ſi mentem, priſcâ de ſtirpe Diege
168 1126 696 1155 Cœleſtes doderint, hæc vt cæleſtia cures,
167 1159 752 1195 Cui tanta eſt fortunæ copia, tanta bonorum
160 1188 691 1238 ibtorum,ingenij multò ſolertia maior:
840 1234 951 1267 Cuius
