1418 1414
277 6 618 33 BONAMICI.
792 14 835 40 47
57 50 699 86 Cuius luce ingens cireumſpicis omnia, quæ ſunt
56 85 708 118 Quaque in re vel agenda, vel acri indagine mentis
57 118 717 153 Concipienda, in vtram libeat tibi te dare partem;
31 150 661 184 Quæ de tam ſacro manarent pectore in omnes
53 184 623 218 Terrarum tractus? tua clara Hiſpania bello,
50 217 615 251 Conſilioque potens, dotâ ſed clarior arte,
52 251 586 284 Vno te quantum ſe ſe actatet alumno,
50 283 650 317 Et ſublime tuum ferret ſuper æthera nomen?
50 318 622 351 Ipſe autem in terris ſimilis Diis, ardua cœli,
47 352 602 385 Ardua terrarum celeri per inane volatu
47 384 664 419 Emenſus. primâ & repetens ab origine cauſſas,
46 419 664 451 Hic ageres Diis cum ipſis immortalibus æuum.
50 452 743 486 Sed tamen & diuini animi ſunt munera, quæ nune
46 486 685 518 Exerces, vigilans in publica commoda, magni vt
45 517 646 552 Cæſaris arma queant noſtris e finibus hoſtem
45 552 690 586 Pellere communem: pro quo te ſæpe loquentem
44 586 633 620 Mirantur Venetipatres:tua dicta Senatus
46 616 659 652 Obſeruat grauis ille, imoque in coide reponit.
44 652 649 685 Frumenti per te magnus conuectus in vrbem
45 684 741 720 Hadriacau numerus, famis expaueſcere vultum
42 718 645 751 Horribilem vetuit. tu multos mittis ad altum
43 751 719 782 Scriptores Atho, huc veterum monimenta viroru
45 787 636 819 Comportaturos. tu multis pectora placas
44 817 667 852 Cæſaris;, & per te ſuſcepti à Cæſare multi.
42 851 536 886 Naturæ ignoraſſe vias, & ſidera cœli,
40 886 607 920 Inuentasque artes fœcundi ad littora Nili,
41 918 677 952 Cum refluit, totoque caput iam condidit alueo,
39 952 674 985 Non noeuit uiquamnocuit tranſmittere fins
42 984 594 1016 Iuſtitiæ ignarum vitæ, rationis, & artis.
41 1017 689 1050 Nec minus in nobis cum fluctuat, obfnit, iræ
38 1049 543 1081 Veſanæ ceſſiſſe, & ſuccubuiſſe furenti:
34 1081 627 1119 Aut ſi quem cepit potantem pocula Circes,
40 1116 755 1152 Subdola, blanda hominum labes, atque eſca volupts:
36 1150 637 1187 Denique pro patriâ fugiſſe pericula habendi
36 1184 712 1220 Plus æquo, & ſeſe expleuiſſe cupidine tantum,
751 1206 832 1243 Eſſ
518 1222 617 1252 G
872 1255 965 1284 It
960 1282 1025 1308 ,
