1013 1324
450 3 694 35 LAARI
186 53 856 88 Et ſua vitare, atque hominum contemnere cœtus.
193 88 843 117 Contra olim multum,ac veteres feciſſe videmus,
193 121 840 157 Qurum nunc omnes fruimur virtutibus, & quæ
191 154 772 187 Nunc ſunt, illorum nobis pepetere labores,
193 189 786 224 Quorum vita dedit hanc nobis viuere vitam.
190 222 777 255 Hæc vrbes regere, hæc populos ſeruare beatos
191 256 814 289 Sola poteſt, dare confilium, & ſuccurrere amicis.
192 290 779 323 Hac vagus Alcides, hac attigit ignea templa
189 324 790 357 Liber, & in cœlum raptus poſt fata Quirinus,
189 358 773 390 Innumerique alii;præclara negotia quorum
191 390 684 423 Otia iuuerunt aliorum Lapſus abalto
190 421 927 457 Virginis in gremium pater ipſe hominumq; deumque
189 456 858 489 nduit humanam faciem, moribundaque membra:
187 489 830 515 Tantus amor noſtri, miſerans inoommoda noſtra
189 522 755 556 Ille ipſe immenſi ſator, & regnator Olympi
190 556 750 590 Multa tulit noſtro, ſubeundo mille labores
191 590 869 624 Nomine, ſudaurtque, alſitque, famemque, ſitimque.
189 624 805 657 Senſit: & extremo crudelem tempore mortem,
187 658 809 687 Crudelem, nobis vitam tamen inde ferentem,
186 691 720 726 Perpeſſus, clauſi portas reſerauit Olympi:
186 726 718 759 Taliaque edocuit nos exercere nepotes;
189 758 792 790 Curemus cunci vt mortalia commoda. quare
189 792 796 826 O genus egregium, qui ſanguine clarus Ibero,
187 825 888 859 Virtute haud minor es, cum ſis ad vtrumque paratus:
185 858 868 893 Et ſit ſumma quidem, & pulcerrima laus in vtroque.
184 892 763 926 I,genium ſequere, & Naturæ cede monenti:
182 926 752 960 Ducet enim, quo pauci aſpirauere priorum.
183 960 812 994 Nos ſimili monitu, quâ cœpimus, ibimus, atque
182 993 759 1026 In cœlum munire viam pergemus, & aſtra:
182 1026 781 1060 Simodà Calliope præſtantibus annuat auſis.
392 1063 644 1087 Ad donatum Rullum.
181 1094 749 1129 Quid tibi vis, Donate, meæ pars altera vitæ?
182 1128 760 1161 Quieum partiri curas, & viuere mallem,
183 1160 785 1194 Qum bene dotatâ, caſtaque vxore videre
176 1195 732 1231 ufeeptos pattem circum colldere natos.
884 1230 968 1257 Ia
