1413 1432
263 9 606 36 BONAM ICC.
44 54 655 89 Iamtua fortunas induſtria nauiter amplas
43 89 577 123 Attulit, arridens & ſors patrique tibique
44 123 633 158 Mile iugis oleæ vobis, armentaque læta,
44 156 667 192 Aruaque frumentis æptiſſima, mille gregesque
43 190 615 224 Fertilis Appuliæ latis paſcuntur in agris:
43 224 636 258 Epermutandis non parua pecunia nummis
45 257 708 290 Creſcit, & auget opes: requies tamen vlla laborum
43 291 700 324 Non eſt parta tibi. modo mens vaga cogitat ire
42 323 820 357 Vrbem ad Seirenum, modo Roma, atq; huc modo, & illue.
42 358 622 389 Seu nix alba tegat terras, ſeu Seirius ardens
39 391 611 425 Excoquat, in varias diſcindis pectora curas.
40 425 638 459 Ecquid,in his Donate magis ſentite beatum
41 457 709 491 Te potes?an ne animi potius concreſeere morbos?
40 491 727 526 Qui, ceu turbatis mare fluctibus, æſtuat ingens
38 525 651 559 Imo in corde labor, cæcaque cupidine ſemr
39 557 728 593 Nos agitat, portuque arcet: tum ruus in altuam
39 592 738 625 Arripit, in portum cum duceret aura propinquum.
40 625 598 661 Quod ſi Pactolus fuluo tibi defuat auro,
38 659 601 691 Non animi tantas poſfis ſedare procellas:
37 691 566 724 Illius ventos niſi more Ithacenſis lyſſi
38 725 611 756 Vtribus incluſos teneas, nec vincla reſoluat
36 758 603 793 Ex ſociis quiſquam, ſed amic pace ligatus
36 793 532 826 Reginæ ſenſus rationi pareat omnis.
35 824 652 859 Hoc tibi Socraticæ poterunt præſtare tabellæ:
34 859 612 893 In quibus e cœlo ſe quondam lapſa ſereno
35 892 623 924 Cordidit, humanos viſens Sapientia cœtus:
35 925 702 959 Non aurum non mille greges, non iugera mille:
38 958 685 994 Quæ ſi nulla ferant intommoda:dic mihi, quæſo,
34 993 773 1027 His ſine qu? minor e?vel qui cum his maior? vt extra
42 1026 661 1057 Te circumpoſitis nihilo maiorvc, minorve es.
34 1059 617 1094 Non ſecus ac cutuoclitellas ſi quis aſello
34 1090 681 1127 Ex auro, frenumrex auro, atque inftrata ſuperba
33 1125 611 1161 Iniiciat, talem nnqua mutarit aſellum:
32 1158 600 1194 Diuitiis nobis ſic eueniſſe putandum eſt.
33 1192 675 1229 Ni tibi, Aaphæum Bernardum propter acoruos
750 1218 836 1246 Num-
