1026 1344
443 28 681 52 LAARI
198 39 248 62 4
200 69 801 103 Nummorum. docto libeat præferre Tryphoni.
200 103 768 138 Quam ſtuliè facimus: ſi conducenda, vel ipſi
201 137 885 171 Eſt tibi emenda domus, non exteriora putabis
186 171 730 204 Adſpexiſſe ſatis; ſtudio circumſpicis acri,
199 198 854 237 Intro adiens, cellas, thalamos, granaria, quotque
200 237 921 272 Commoda ſint, quæ ſint incommoda, ſed tamen, & Dii,
199 271 752 305 Purpura ſola facit, ſolum diadema beatos,
201 305 835 339 Et nummi, poſitique per horrea longa medimni.
200 337 792 371 Noſtra ita iudicio vulgi cæcoque, leuique
199 371 808 403 Libramus; lance & ſtolidi nil pendimus æquà.
202 404 797 437 Quod ſi intromiſſo, illorum tibi cernere detur
199 437 798 469 Irasque inſidiasque atraque cupidine motus,
199 469 878 502 Inter ſpemque metumque & acutos corde dolores,
201 503 714 535 Ah miſeri, dicas, retro & veſtigia vertas,
201 535 819 569 Improuiſum aſp calces ceu vepribus anguem
203 570 842 603 Sibila torquentem collo, & fera bella minantem:
202 603 746 636 Continuoque petes viridis ſpineta Lycæi,
203 635 770 670 Si ſapis, & recti tibi vis, & conſulere audes
199 669 790 704 Vnde roſæ, violæque, & candida lilia ſurgunt,
201 696 868 736 Ver vbi perpetuum, & Lephyris ſpirantibus aura
201 736 723 762 Diuinos effert fœcundo ſemime fructus:
201 770 841 804 Aut Academiæ, & platani quæcunque ſub vmbr
200 803 727 832 Felices animæ cecinerunt, diſcere tentes.
196 836 840 869 O ego quem vellem, ingenii vt tua vena benigna
200 869 777 902 Muſarum in latis flueret nitidiſſima campis,
201 902 744 934 Omni ſorde procul:non his areſcere curis
200 935 777 971 Iam ſineres Donate diu, qui iam mihi plures
199 968 755 1004 Exoptatus abes menſes, quàm me tolerare
199 1002 884 1037 Poſſe putem. Iam te liquidis, iam corniger vndis
187 1036 758 1071 Medoacus, nigram leni qui flumine terram
201 1069 791 1105 Irrigat, & Pataui vocat ad ſua munera Muſas,
201 1103 761 1138 Iam Calcignani colles, fontesque videntur
200 1135 857 1170 Aduentum expectare tuum:tibi nectere Nymphæ
202 1169 765 1203 Euganeæ vario properant ex flore coronas:
198 1200 977 1239 Nosque tuum in reditum pinguem cum matre iuuencum
899 1240 978 1263 Taſci-
25 1321 59 1341 æ
