1014 1322
368 1 674 30 LAARI
184 12 267 37 46
186 42 778 82 Quove vel immanes potuiſſet flectere ſenſus;
184 77 874 116 Vultumque alloquiumque? ſenis non dulcior ore
185 111 743 145 Sermo olim Pylii redolens manare ſolebat
186 145 693 181 Hyblæos flores. his te Torquate dolere
185 178 824 213 Arbitror, & quis non doluit? quis funera magni
187 212 797 240 Non cecinit vatum Bembi? te maxime Paulle
185 245 784 279 Pontificum, Bembo lacrymas fudiſſe ſepulto
187 278 815 311 Commemorant; adeO patrum interiiſſe putabas
187 312 844 345 Summorum lumen, quorum caput infula ſacrum
188 347 860 379 Oſtro imbuta tegit, tibi quos pater optime magno
186 379 702 412 Iudicio cunctis quæſitos vndique terris
185 412 721 445 Legiſti, noſtri & venturivt credituræui
188 445 825 478 Ornamenta. quis ex animo non lugeat imd,
180 478 713 512 Mngenti & longo virtus vbi parta labore
188 510 869 539 Occidit?humanis donum rarum ab Ioue rebus
186 545 846 578 Talia deplorasmittam vt quam plurima tecum
187 578 830 613 For taſſis, Torquate, tuamque hoc flore iuuentam
189 612 751 644 Orbatam, & multis tali ſine patre relictam
188 647 770 679 Caſibus, hos tantos cari genitoris amores
187 678 808 713 Laudarem, iuſtoſque pio ſub pectore queftus;
189 713 719 746 Si redeat ſanguis caſſo iam luce parenti,
184 745 813 781 Aut hominum ſi quis Stygias non iret ad vndas.
186 779 814 813 Nune vero cum Mæonides, quem dulcibus ipſæ
186 813 704 847 Ambroſiæ ſuccis, & largi nectaris vndis
185 844 800 875 Muſæ aluere fibi, clarum cm, Mantua, nomen
185 880 744 912 Ille tuum vates, opus immor tale ſororum
187 913 847 947 Occiderint: coes his cum Thuſcæ gloria linguæ
186 947 847 976 Cuius in ore, nouo dum carmine cantat amorem,
184 979 756 1014 Ipſe inſedit Amor dulsi face molliter ignes
185 1013 767 1047 Inſpirans, dulces que ſerens in pectora curas,
184 1047 758 1080 Interdum rapitur ſublimis in æthera pennis
185 1080 751 1114 Ingenii caput & fulgentibus intulit aſtris.
184 1113 808 1140 Et tamen is cum olim vitali exceſſerit aura,
187 1146 820 1182 Non Torquate decet te nunc lugere parentem.
58 1175 770 1238 ors eteim nulli parcit, nec flenda ſenecta
890 1215 977 1242 Debi-
