<?xml version="1.0" encoding="UTF-8" standalone="no"?><PcGts xmlns="http://schema.primaresearch.org/PAGE/gts/pagecontent/2019-07-15" xmlns:xsi="http://www.w3.org/2001/XMLSchema-instance" xsi:schemaLocation="http://schema.primaresearch.org/PAGE/gts/pagecontent/2019-07-15 http://schema.primaresearch.org/PAGE/gts/pagecontent/2019-07-15/pagecontent.xsd"><Metadata><Creator/><Created>2022-04-11T14:18:31</Created><LastChange>1970-01-01T00:00:00</LastChange><Comments/></Metadata><Page imageFilename="0504.png" imageHeight="1322" imageWidth="1014"><TextRegion id="r1" orientation="0.0" type="paragraph"><Coords points="1,1 1012,1 1012,1320 1,1320"/><TextLine id="l1"><Coords points="368,1 368,30 674,30 674,1"/><TextEquiv><Unicode/></TextEquiv><TextEquiv index="1"><Unicode>LAARI</Unicode></TextEquiv></TextLine><TextLine id="l2"><Coords points="374,79 473,78 661,78 732,76 778,77 778,42 296,42 289,44 186,44 186,82 278,82"/><TextEquiv><Unicode/></TextEquiv><TextEquiv index="1"><Unicode>Quove vel immanes potuiſſet flectere ſenſus;</Unicode></TextEquiv></TextLine><TextLine id="l3"><Coords points="874,77 473,79 374,80 278,83 184,83 184,115 309,115 328,113 367,112 807,110 817,116 874,116"/><TextEquiv><Unicode/></TextEquiv><TextEquiv index="1"><Unicode>Vultumque alloquiumque? ſenis non dulcior ore</Unicode></TextEquiv></TextLine><TextLine id="l4"><Coords points="743,144 743,111 367,113 328,114 309,116 185,116 185,145 599,145"/><TextEquiv><Unicode/></TextEquiv><TextEquiv index="1"><Unicode>Sermo olim Pylii redolens manare ſolebat</Unicode></TextEquiv></TextLine><TextLine id="l5"><Coords points="316,179 693,177 693,145 463,145 288,149 186,148 186,181 278,181"/><TextEquiv><Unicode/></TextEquiv><TextEquiv index="1"><Unicode>Hyblæos flores. his te Torquate dolere</Unicode></TextEquiv></TextLine><TextLine id="l6"><Coords points="444,211 824,211 824,178 316,180 235,183 185,183 185,213 399,213"/><TextEquiv><Unicode/></TextEquiv><TextEquiv index="1"><Unicode>Arbitror, &amp; quis non doluit? quis funera magni</Unicode></TextEquiv></TextLine><TextLine id="l7"><Coords points="797,212 444,212 343,215 187,215 187,240 797,240"/><TextEquiv><Unicode/></TextEquiv><TextEquiv index="1"><Unicode>Non cecinit vatum Bembi? te maxime Paulle</Unicode></TextEquiv></TextLine><TextLine id="l8"><Coords points="784,277 784,245 373,246 300,248 185,248 185,279 548,279"/><TextEquiv><Unicode/></TextEquiv><TextEquiv index="1"><Unicode>Pontificum, Bembo lacrymas fudiſſe ſepulto</Unicode></TextEquiv></TextLine><TextLine id="l9"><Coords points="815,278 398,281 187,280 187,311 815,311"/><TextEquiv><Unicode/></TextEquiv><TextEquiv index="1"><Unicode>Commemorant; adeO patrum interiiſſe putabas</Unicode></TextEquiv></TextLine><TextLine id="l10"><Coords points="844,344 844,312 217,315 187,314 187,345 815,345"/><TextEquiv><Unicode/></TextEquiv><TextEquiv index="1"><Unicode>Summorum lumen, quorum caput infula ſacrum</Unicode></TextEquiv></TextLine><TextLine id="l11"><Coords points="188,347 188,379 860,379 860,347"/><TextEquiv><Unicode/></TextEquiv><TextEquiv index="1"><Unicode>Oſtro imbuta tegit, tibi quos pater optime magno</Unicode></TextEquiv></TextLine><TextLine id="l12"><Coords points="186,379 186,412 702,412 702,379"/><TextEquiv><Unicode/></TextEquiv><TextEquiv index="1"><Unicode>Iudicio cunctis quæſitos vndique terris</Unicode></TextEquiv></TextLine><TextLine id="l13"><Coords points="720,444 721,412 344,412 271,414 185,413 185,445 410,445"/><TextEquiv><Unicode/></TextEquiv><TextEquiv index="1"><Unicode>Legiſti, noſtri &amp; venturivt credituræui</Unicode></TextEquiv></TextLine><TextLine id="l14"><Coords points="782,445 411,445 308,446 270,448 188,448 188,478 782,478"/><TextEquiv><Unicode/></TextEquiv><TextEquiv index="1"><Unicode>Ornamenta. quis ex animo non lugeat imd,</Unicode></TextEquiv></TextLine><TextLine id="l15"><Coords points="713,511 713,478 436,478 180,480 180,512 421,512"/><TextEquiv><Unicode/></TextEquiv><TextEquiv index="1"><Unicode>Mngenti &amp; longo virtus vbi parta labore</Unicode></TextEquiv></TextLine><TextLine id="l16"><Coords points="819,510 764,510 725,512 283,512 188,514 188,539 819,539"/><TextEquiv><Unicode/></TextEquiv><TextEquiv index="1"><Unicode>Occidit?humanis donum rarum ab Ioue rebus</Unicode></TextEquiv></TextLine><TextLine id="l17"><Coords points="186,545 186,578 284,578 291,576 317,576 336,578 846,578 846,545"/><TextEquiv><Unicode/></TextEquiv><TextEquiv index="1"><Unicode>Talia deplorasmittam vt quam plurima tecum</Unicode></TextEquiv></TextLine><TextLine id="l18"><Coords points="830,579 285,578 280,580 265,581 187,579 187,612 799,611 830,613"/><TextEquiv><Unicode/></TextEquiv><TextEquiv index="1"><Unicode>For taſſis, Torquate, tuamque hoc flore iuuentam</Unicode></TextEquiv></TextLine><TextLine id="l19"><Coords points="751,612 189,613 189,644 751,644"/><TextEquiv><Unicode/></TextEquiv><TextEquiv index="1"><Unicode>Orbatam, &amp; multis tali ſine patre relictam</Unicode></TextEquiv></TextLine><TextLine id="l20"><Coords points="770,678 770,647 188,647 188,679 747,679"/><TextEquiv><Unicode/></TextEquiv><TextEquiv index="1"><Unicode>Caſibus, hos tantos cari genitoris amores</Unicode></TextEquiv></TextLine><TextLine id="l21"><Coords points="808,678 747,680 187,680 187,712 201,713 808,713"/><TextEquiv><Unicode/></TextEquiv><TextEquiv index="1"><Unicode>Laudarem, iuſtoſque pio ſub pectore queftus;</Unicode></TextEquiv></TextLine><TextLine id="l22"><Coords points="719,745 719,714 189,713 189,746 706,746"/><TextEquiv><Unicode/></TextEquiv><TextEquiv index="1"><Unicode>Si redeat ſanguis caſſo iam luce parenti,</Unicode></TextEquiv></TextLine><TextLine id="l23"><Coords points="690,779 813,779 813,745 629,748 184,747 184,778 455,779 502,781 590,781"/><TextEquiv><Unicode/></TextEquiv><TextEquiv index="1"><Unicode>Aut hominum ſi quis Stygias non iret ad vndas.</Unicode></TextEquiv></TextLine><TextLine id="l24"><Coords points="814,780 502,782 455,780 186,779 186,812 814,813"/><TextEquiv><Unicode/></TextEquiv><TextEquiv index="1"><Unicode>Nune vero cum Mæonides, quem dulcibus ipſæ</Unicode></TextEquiv></TextLine><TextLine id="l25"><Coords points="704,814 580,815 472,813 186,813 186,844 255,846 411,845 460,847 704,847"/><TextEquiv><Unicode/></TextEquiv><TextEquiv index="1"><Unicode>Ambroſiæ ſuccis, &amp; largi nectaris vndis</Unicode></TextEquiv></TextLine><TextLine id="l26"><Coords points="800,844 771,844 762,847 718,848 608,847 460,848 411,846 255,847 185,845 185,875 800,875"/><TextEquiv><Unicode/></TextEquiv><TextEquiv index="1"><Unicode>Muſæ aluere fibi, clarum cm, Mantua, nomen</Unicode></TextEquiv></TextLine><TextLine id="l27"><Coords points="185,880 185,912 744,912 744,880"/><TextEquiv><Unicode/></TextEquiv><TextEquiv index="1"><Unicode>Ille tuum vates, opus immor tale ſororum</Unicode></TextEquiv></TextLine><TextLine id="l28"><Coords points="187,913 187,947 847,947 847,913"/><TextEquiv><Unicode/></TextEquiv><TextEquiv index="1"><Unicode>Occiderint: coes his cum Thuſcæ gloria linguæ</Unicode></TextEquiv></TextLine><TextLine id="l29"><Coords points="186,947 186,976 847,976 847,947"/><TextEquiv><Unicode/></TextEquiv><TextEquiv index="1"><Unicode>Cuius in ore, nouo dum carmine cantat amorem,</Unicode></TextEquiv></TextLine><TextLine id="l30"><Coords points="756,981 556,983 453,982 356,979 184,979 184,1012 313,1012 421,1014 756,1014"/><TextEquiv><Unicode/></TextEquiv><TextEquiv index="1"><Unicode>Ipſe inſedit Amor dulsi face molliter ignes</Unicode></TextEquiv></TextLine><TextLine id="l31"><Coords points="767,1015 523,1016 313,1013 185,1013 185,1046 251,1045 436,1047 767,1047"/><TextEquiv><Unicode/></TextEquiv><TextEquiv index="1"><Unicode>Inſpirans, dulces que ſerens in pectora curas,</Unicode></TextEquiv></TextLine><TextLine id="l32"><Coords points="758,1049 465,1049 435,1047 184,1047 184,1079 758,1080"/><TextEquiv><Unicode/></TextEquiv><TextEquiv index="1"><Unicode>Interdum rapitur ſublimis in æthera pennis</Unicode></TextEquiv></TextLine><TextLine id="l33"><Coords points="751,1081 581,1083 449,1082 403,1080 185,1080 185,1110 188,1111 295,1112 337,1114 751,1114"/><TextEquiv><Unicode/></TextEquiv><TextEquiv index="1"><Unicode>Ingenii caput &amp; fulgentibus intulit aſtris.</Unicode></TextEquiv></TextLine><TextLine id="l34"><Coords points="779,1114 485,1116 337,1115 295,1113 184,1113 184,1140 780,1140"/><TextEquiv><Unicode/></TextEquiv><TextEquiv index="1"><Unicode>Et tamen is cum olim vitali exceſſerit aura,</Unicode></TextEquiv></TextLine><TextLine id="l35"><Coords points="820,1149 502,1149 343,1146 187,1146 187,1174 202,1175 311,1179 455,1181 820,1182"/><TextEquiv><Unicode/></TextEquiv><TextEquiv index="1"><Unicode>Non Torquate decet te nunc lugere parentem.</Unicode></TextEquiv></TextLine><TextLine id="l36"><Coords points="180,1215 236,1216 317,1220 437,1221 484,1223 770,1222 770,1182 719,1182 669,1184 455,1182 311,1180 201,1175 180,1174"/><TextEquiv><Unicode/></TextEquiv><TextEquiv index="1"><Unicode>ors eteim nulli parcit, nec flenda ſenecta</Unicode></TextEquiv></TextLine><TextLine id="l37"><Coords points="890,1215 890,1242 977,1242 977,1215"/><TextEquiv><Unicode/></TextEquiv><TextEquiv index="1"><Unicode>Debi-</Unicode></TextEquiv></TextLine><TextEquiv><Unicode/></TextEquiv></TextRegion></Page></PcGts>