1402 1426
280 25 595 51 BONAMICI.
794 34 928 62 4
64 64 560 102 Debita, quæ vitæ ſeris irrepſerit annis,
56 101 646 135 Perpetuo vitæ poſt commoda multa tenore;
70 135 657 168 Vt Bembo Torquate pai eueniſſe videmus,
69 169 715 203 Cui natura dedit patriam, qua Phœbus vtrunque
53 203 683 236 Oceanum aſpiciers, ſeu cum ſe flectit ad Vrſas,
58 237 681 270 Seu redit à nobis fugiens, nil pulcrius vſquam
66 270 643 297 Aut maius circm videt, aut iliuftrius orbe,
67 304 634 338 In toto egregio Bembæ de ſanguine gentis.
53 338 599 371 Hic patris primum ſtudio, curaque fideli,
54 369 673 403 Et Thuſcæ & Latiæ prima incunabula linguæ,
65 404 691 438 Mox tenerum effingens docuit Ferraria pectus
66 438 704 472 Omnia, quæ quondam doctis celebrauit Athenis
52 472 631 505 Imteger, impatiens ſceleris, virtutis amator,
64 505 662 539 Et dulcis morum & vitæ emendator acerbus,
62 539 645 573 Et diuûm cultor ſanctiſſimus: omnibus vnus
52 571 622 607 Ex Græcis ipſo ſapiens ab Apolline dictus.
52 606 629 633 Inde animo ardenti Siculas traiecit in oras,
65 639 663 674 Græcorum liquidos cupiens haurire liquores.
64 672 759 707 Nec mora, cùm ſubito Græce audiuere loquentem
46 706 676 741 Muſurisque ſenex. ſimul & ſtudioſa iuuentus.
38 741 604 774 Ntnæi vidit rediens incendia montis,
44 773 630 809 Eruptoſque ignes, exeſaque ſaxa vomentis;
48 808 622 841 Deſcripſitq; ſuo iuueniliter ordine totum.
38 841 643 875 Quo decus Europæ docti cecinere futurum,
46 875 663 908 Et mirata ſenem primas Europa ferentem eſt.
49 908 658 941 Multa tibi in medio conſulto nota relinquo;
41 941 609 975 Cunctis vtcarus, cunctis iucundus amicis,
46 974 710 1009 Principibusque viris placuit, dulcis que iuuentæ.
47 1008 665 1042 tatem extremos vitæ vt perduxit ad annos,
44 1041 676 1076 Inualidus nunquam, ſemper virtute verendus;
56 1074 665 1108 Numina quæ rarò concedunt munera nobis.
49 1107 700 1142 tq; eſſet nihil in terris accedere quod iam
45 1140 672 1175 Poſſe videretur; magnus quo tempore Paullus
47 1174 655 1208 Tertius amiſſos Romæ inſtaurabat honores,
52 1204 730 1236 electus numeram in Patrum. Teſancte vocabat
710 1236 956 1280 TeDeus
