1013 1327
417 13 822 38 LAARIBONAMICI.
227 56 817 90 Te Deus in cœlum confectum ætate, beatum
228 90 854 124 Inter cælicolas quondam æternumq; futurum.
229 124 899 158 Salue Bembe. valeque; Deumque precare benignus
230 156 917 190 Ille tuo vt Torquato adſit, mentemque animumque
230 191 779 223 Dirigat in melius, virtutis præmia quærat,
228 223 802 257 Ad laudem egregiam tua per veſtigia currat,
227 257 837 289 Deponat lacrymas, ingrataque funera:nam tu
228 291 791 323 Viuis, in æternum & viues:ſuprema tuliſti
231 325 832 357 Omnia quin etiam vera & germana propago
227 356 901 390 Ille heros Medicum Coſmus Dux maximus, huius
229 389 799 417 Dux ſæcli, Italiæ iuſtiſſimus vnus, & vnus,
229 422 717 456 Vnus qui priſcæ ſolo virtutis honore,
228 456 836 488 Ante alios cupiat virtutem extollere in altum,
228 489 861 523 Marmoreo vt decoret curat te Bembe ſepulcro,
226 522 811 556 Solenni elatum pomp, exequiisque ſolutis;
227 556 817 590 Et lapide ex Pario priſcos æquantis honores
227 590 794 617 Artificis cum docta manus te duxerit, inter
226 622 844 657 Apparat, vt ponat Thuſcæ tria lumina linguæ
227 657 848 692 Viſendum, celebtique loco, celebrique decore
227 690 770 724 Artis, quâ Michaël ſe ſe ſuper euehit aſtra
226 723 792 759 Angelus, & vultus, ſpirantiaque ora figutat.
228 757 788 790 Vt faciat quoties iter hac, te Bembe ſalutet
226 790 806 824 Ingeniis gens clara fluit quà vitreus Arnus,
226 820 880 853 Florentem & mediam ſtudiis interſecat vrbem.
227 857 768 890 Optari an poterat quicquam felicius vlli,
226 890 793 925 Aut mirabilius poſt ſæcula longa priorum,
226 923 737 957 Quàm tali à tali donari principe laude
227 956 838 993 Nil mihi credetuo poterat Torquate parenti
225 990 791 1024 In vitâ melius, nihil hie contingere maius
224 1022 801 1057 Poſt mortem poterant verſis incurrere fatis
224 1057 872 1091 Multa tamen, longæ quæ ſunt incommoda vitæ,
225 1091 767 1124 Qualia multa tulit fortunæ cæca poteſtas.
225 1124 882 1157 Vt patrem hac liceat quoque dicere parte beatum
226 1157 751 1192 Cuius tu rerum, tanti tu nominis heres,
220 1188 739 1231 t famæ ingentis. quam ſi virtute tuei
951 1228 1000 1251 Au
