1421 1416
245 13 622 41 IACOBIBONFADII.
58 60 656 94 Aut augere velis, merito nihil amplius optes.
57 94 672 128 Pell agedum procul hine à te lugubria: nosq
59 128 721 161 Laudemus, tu vero etiam hunc imitare parentem
59 162 709 195 Vt clarus viuas, longumque extentus in æuum,
57 195 674 229 Dignus vt hoc viuas, dignus moriare parente.
251 230 555 259 Memoriæ eiuſdem Bembi.
58 260 579 296 Has fagos intet celſas adſurgit in auras,
95 295 633 329 Et late gelidam pinus obumbrat aquam:
60 328 701 363 Hic vbi montivagæ Nymphæ Satyriq; bicornes,
95 363 599 396 Dicunt ad certos ruſtica verba modos:
58 396 630 429 Et fugit æſtiuos ſoles imbresque ſitimque,
96 430 631 464 Herbosa ponens membra Viator humo:
61 464 593 496 Hic ego rugoſis incido carmina truneis,
97 496 579 530 Sæpe Viatori, ſæpe canenda Deis.
60 530 613 564 Alcon quæ luſit paſtorum maximus olim,
97 564 673 597 Dum læto ad Tiberim gramine paſcit oues:
59 598 657 630 Alcon, uganæis, Alcon memorandus in oris
100 631 697 665 Hæc nemora, has ſiluas dum mea muſa colet.
58 664 715 698 Illi etiam faciam, & paterâ hac libabo quotannis,
95 699 588 733 Conſidens propter flumina Meduaci.
158 769 750 807 IACOBI BONFADII
290 819 613 843 VERONENSIS.
40 863 741 922 IOENIA ccm Saloi, & Benaci littera linquo:
118 895 739 931 VDextra iter ingreſſum per opaca, & florida rura
57 930 662 963 Me breuis, & facile accliuis via ducit apricum
59 965 642 998 In collem, Cerei placitum, patrique Lyæo,
59 998 642 1031 Et placitum altrici ſemper frondentis oliuæ.
42 1030 631 1064 Planities iacet in ſummo cultiſſima: primo
60 1063 718 1097 Huius in ingieſlu oppidulum eſt. Salaminius olim
58 1097 605 1129 Fadius egreſſus patriâ, Patauique ſecutus
57 1129 636 1162 Fundatorem vrbis, poſuiſſe in littore ſedem
58 1162 673 1195 Dicitur: at que plagæ mox acri incenſus amore
60 1196 652 1240 Hunc optaſe iocum gaa;quam dius auito
725 1226 836 1256 Thet
