1034 1323
522 12 718 40 IACOBI
234 20 339 47 48o
236 54 854 85 Theſauro ſecum extulerat:tum nomine abillo
185 89 816 125 Garanum dixiſſe propinquas collibus arces,
236 122 966 159 Claraque magnanimûm ſtabant monimenta virorum.
236 155 900 190 Sed rerum abſumptrix, retroque abſtruſa vetuſtas
236 189 904 223 Obruta in obſcuris ſecum omnia condidit vmbris.
233 222 879 260 Hinc aciem proculin campos, terrasque iacentes;
233 256 862 292 Lataque Benaci protendere in æquora poſſum.
234 291 739 327 Vicini montes Boreæ de parte; reducit
233 323 843 360 Et quà Sol radios, quque altas abdit in vndas,
233 358 764 392 Circunſtant: facies ſpectanti celſa theatri
232 389 854 424 Formam offert. ſæpe indigenæ videre ſedentem
228 423 893 453 Pana Deum Arcadiæ, calamos cum inflaret in altis
226 457 831 493 Rupibus: & Nymphas per ſibila læta vocaret;
232 490 844 526 Nymphas, quæ plexis redimitæ tempora ſertis,
229 525 856 559 Paſtorum locaſola petunt, ſiluasque pererrant,
218 558 797 594 Omnia complentes luſu, dulciq; cachinno:
233 592 780 629 Naiades quibus aſſultant de rupibus imis,
222 625 899 661 Solem vbi ad Heſperium præpingui e valle volutus
223 659 876 695 Flectit iter rapido, atque ſonanti flumine Cliſis:
222 694 883 729 Quem dulces aurarum animæ comitantur, & alis
232 728 838 761 Per placidum leuibus volitantes aëra circum.
236 761 773 795 Omnem diuinis miſcent afflatibus oram:
219 795 740 823 Dilecta ora mihi, Itallæ ridentis ocelle,
234 829 783 862 Naturæ lætantis opus, ſancta ora Deorum,
234 862 833 898 Quàm lætus gelidos fontes flexusque tuarum
229 894 860 931 Lympharum, Tempeque ſoli, cœlumque teuiſo:
237 927 964 963 Quamque libens vix ipſe mihi credo æquoris vuda
234 962 829 997 Tyrrheni, & Calabrûm ſaltus liquiſſe niuales,
233 995 815 1030 Inq; tuo incolumis gremio reſidere virenti.
62 1010 123 1056 ij
227 1029 780 1065 Salue altrix antiqua, boni ſaluete receſſus,
220 1063 740 1098 Et gaudete: Geniq; loci tu candide, fidi
231 1095 853 1131 Vosq; Lares placidi veſtro cum numine amico
221 1129 844 1164 Eſte mili, & noſtrum tandem lenite laborem.
220 1161 866 1198 Te ver & moneo, &, quantum me diligis Alcon
236 1198 820 1237 Oro, care Alconquamquam tua rura reliqui
952 1233 1024 1265 In-
54 1250 223 1291 l
