1396 1418
281 1 597 24 BONFADII.
31 40 615 79 nuitus pattmque ſui mens ægra requirit:
53 77 734 111 Ne mihi commemores Atheſim, neu tecta venuſtæ
52 111 640 145 Alta Coloniolæ:iuuat hic conſumere totum
50 145 585 177 Sextilem, & dulces iuuiſere ſæpe ſodales,
51 178 633 214 Qi lateri noſtro ſeſe agglomerare ſolebant
36 212 610 245 Oſim, cùm primis colludebamus in annis.
50 246 661 280 Horum in complexu vis priici emergit amoris,
49 280 673 313 Vt ſatis æquo animo non me diuellere poſſim.
50 312 650 348 Sed cm ſe primum decreſcens fregerit æſtas,
49 348 604 379 Ridebit placido cum Villia Doris in antio,
47 380 664 413 Me feret aurifluo vaga gurgite cyinba repoſtas
45 413 584 447 Flaminmi ad ſedes ripæ vlterioris in aruis.
45 447 616 480 Huc occurre mihi: ſimul ad tibi graa vireta
43 480 666 514 Formelli, & lætos Amathuntidis ibimus agros.
44 514 622 546 Rodulpho interea, qui ſe cæleſtibus æquans
43 546 676 582 Ditis, purpureo, atque ardenti in murice fulget,
43 581 814 616 Quemq; viam monſtrante æqui, magnum inclyta patrem
28 614 636 646 Roma solit, ſtatuam patiiis in montibus aras.
263 669 487 696 De villa Coloniola,
42 715 578 748 Eſt collis, geminas recto qui limite valles
77 748 676 781 Scindit, & hine Suauum proſpicit, hinc Latios.
27 782 615 814 Acceſſu in primo ſunt formoſiſſima Tempe,
74 816 512 847 Culta peregrinæ rura Coloniolæ.
39 847 591 881 Huc me Verona digreſſum duxerat Alcon,
70 882 585 916 Magnæ Alcon ſiluis cognits Heſperiæ:
38 914 635 949 Nympharum caſtos qui ſacra per otia fontes.
71 948 597 983 Veſtraque, Pierides, numina ſancta colit.
28 981 674 1014 Frondoſi hic nemoris dorſo dum forte vagarer,
68 1015 641 1048 Et leni omne nemus perſtreperet Lephro,
35 1047 632 1081 Ad corylos Phyllis contexens fragra ſedebat,
31 1081 611 1114 Perdito amore nimis Phyllis amata mihi
33 1114 585 1148 Talis in excultis viſa eſt Cytherea viretis,
64 1147 615 1178 Necteret in ſertum cum tibi Adoni roſas.
28 1181 576 1216 OSol, mihi Sol radiis fulgentibus orte:
727 1211 808 1237 Omi-
