1021 1318
360 16 844 66 IACOBIBONFADI.I.
199 32 263 58 482
230 68 748 106 Omihi felices inter habenda dies.
216 103 853 138 Nam quæ furtiuum olim abſcondebat amorem,
254 137 829 173 Quæque fugax ſemper, ſi buius imciderem,
205 171 812 202 Se ſe alio auertons, tacito pede reflectebat,
252 204 747 239 Lumina tum facilis torſit amica mihi.
218 239 794 272 Acceſſi atque errans, incertus corpore toto,
242 272 854 305 Protinus optatum proſilui in gremium.
200 305 759 337 Illi Amor anreolis ſpargebat floribus or;
254 338 719 372 Quos e maternis extuleiat calaths.
206 367 816 405 Hic mihivos coryli teſtes, tectæque latebræ
237 404 790 436 Dum capio miſtum ſuauiolum ambroſiâ,
202 437 865 470 Se ſe anima ipſa in labra eiecit; meque relicto.
251 470 705 503 Ad ſibi dilectam Phyllida tranſiliit
201 499 902 540 Illa vbi me aſpexit moribundum, amplexa fouere
184 536 752 569 Cæpit, ſuauiolum dulcius ingeminans.
206 570 882 604 Tum, mea dum inſueto perfundit labra liquore,
253 604 785 631 Ore fouens, ſenſim tranſiit ad me anima
217 637 833 665 Nunc viuo; & vita eſt multo mihi carior, in me
250 671 771 703 Cum memini, de quo venerit illa loco,
200 703 755 737 Salue o terra beata mihi, gratiſſima terra
249 737 663 768 Dis ſuperis; ſalue dia Coloniola.
202 770 874 797 Nomen fama tuum immortalibus in monimentis
252 804 706 832 Protendat; nec te deruat vlla dies.
199 837 798 870 Hæc lingua ante meis hærebit faucibus, ante
254 870 767 899 Hæc dextra attractis concidet articulis;
199 904 916 939 Quam memori ex animo, & noſtro de pectore migret
251 936 722 969 Sæpe vocanda mihi cara Coloniola.
199 970 861 1003 Et vos o Coryli, quarum ſub mollibus vmbris
249 1003 741 1035 Hæc inſperanti ſunt mihi nata bona,
196 1036 741 1070 Sitis felices:non veſtros Eurus honores,
247 1070 781 1103 Non æſtus, non vos frigida lædat hiems.
214 1101 825 1139 Ciim ſitiunt ſiluæ, veniant pede Naiades vdo,
232 1136 829 1168 Atque humore vagæ roſcido Hamadriads;
215 1167 838 1207 Vos & alant ſibi delitias, ſeu gramine molli,
231 1202 764 1242 Seu malint ramis ludere ab vmbriferis:
906 1239 995 1274 -
