1387 1419
160 1 836 33 IO. FHANCI. 423
44 42 629 77 Hhyllis amet Corylos:illas ſi Phyllis amabit,
83 77 612 109 Vna mihi Corylus maxima ſemper erit.
70 157 793 194 . RANCISCIpO NH i.
50 228 704 266 VT cruce pendentem natum conſpexit ab atrâ
71 263 750 307 VSpargere virgo ſaci fonte cruoris humum;
48 296 749 334 Heu quos ediderint lacrymarum lumina riuos,
82 329 616 370 Quſvc fatigarit pectora caſta dolor,
47 361 758 403 Lingua refeire nequit, calamus non ſcribere;ſenſu
97 397 574 430 Non valet, humana nec ratione capi.
1 429 674 465 Sacra manus referat, cœlo delapſa per auras
96 463 611 497 Cerneret vt domini funera aceiba ſui.
46 497 631 533 Virginis ingentes quæ commiſerata dolores
96 531 539 563 Officio mœrens aſtitit vſque pio.
26 562 789 604 Quæ triſtem ex oculis imbrem, vultque cadentem
94 596 637 633 Legit, & ad ſummi pertulit ora patris.
60 630 790 667 Dicite Cælicolum vos agmina candidanam vos
94 663 640 696 Aſſiduo hæc cantu commemorare iuuat.
48 696 753 732 Dicite vt immenſos fluctus, animique procellas
96 730 569 765 Clauſeiit anguſto virgo pudicaſinu.
62 762 757 801 Ingenuus net enim pudor vnguibus ora ſinebat
94 798 623 829 Mœſta, vel incomptas dilcerare comas:
62 830 658 866 Virgineum infeſtis pectus vel tundere palmis,
57 863 654 898 Tollere vel querulos ſidera ad alta ſonos.
51 898 545 933 Dicite vt in cari lethalia vulnera nati,
95 931 681 965 Inuiſamq; crucem luminæfixa tenens,
49 963 662 996 Hæc tacitoſecum verſarit pectore, apertis
96 997 583 1031 Attamen in triſti fronte relata notis:
62 1029 623 1059 Nate meæ vires, mea lux, dulciſſime nate,
97 1063 577 1097 Vnica vitæ ſpes præſidiumque meæ.
64 1097 659 1134 Quis mihi te eripuit, mortales inter vt omnes
98 1126 607 1163 Sim magis infælix, quæ mage læta fui?
61 1155 747 1207 Quod ſcelus aut vnquam commiſi crimen, vt eſſem
729 1186 917 1222 Vna
504 1192 640 1220 Hh a
