1021 1326
468 13 770 40 FRANCISCI
216 9 276 44 44
264 58 791 93 Vna tot aduerſis, tot cumulanda malis?
231 86 881 126 Heu quid commerui?niſi, cum puer aliger aſtris
264 126 760 159 Demiſſus pauidæ gaudia magna tulit,
230 158 767 186 Forte exultaui nimis, hæc vt viſcera ſenſi,
208 190 762 225 Excipere hoſpitio Numina tanta ſuo.
232 225 744 259 Heu quam diſſimiles luceslfelicior illa,
267 259 821 292 Hac nunquam illuxit triſtior vlla dies.
229 286 840 323 Non poterat de tam ſublimi culmine tantæ
265 326 693 359 Lætitiæ præceps eſſe ruina leuis.
231 358 924 390 Iam cecidi, & mecum mea iam ſpes concidit omnis,
266 392 805 424 Et miſera ærumnis omnibus vna premor.
232 424 780 457 Sola quid exanimi parcis mors impia? nato
265 457 849 490 Quid trahere extincto fata parentis amas?
236 491 796 519 At iuſtus dolor eſto meus, mea iuſta ruina;
266 524 759 558 At non nulla mihiculpa luenda fuit:
228 557 807 590 Quid ver meruiſti fons pietatis, & omnis
263 591 763 625 Iuſtitiæ, tu quem nulla notat macula?
233 624 820 659 Cuius inexhauſti corpus preſſere lbores,
263 659 865 693 Atque animæ nunquam eſt vlla relicta quies?
229 691 805 721 Nam curſum à teneris ſi vitæ exordiar annis,
264 724 757 760 Sirepetam ſortis principiumque tuæ,
226 758 797 793 Vix genitus caua ſaxa piis vagitibus imples,
261 792 731 824 Agreſti fultus mollia membra toro;
222 824 859 861 Fundere mox ſacrum te lux octaua cruorem,
258 859 799 892 Plorantemque videt vulnera acerba pati.
226 892 819 930 Impius hinc quærit dum te violare Tyrannus,
256 925 682 959 Infantem pattio cogit abire ſolo.
224 956 844 993 Ocia ſed nunquid puer, anne abſcondita priſcæ
256 991 788 1027 Diſſerere in templo dogmata legis amas?
223 1025 830 1060 Quid ſi maturos, quæram vt tranſegeris annos,
253 1060 723 1095 Adſpiciam ne vllâ forte quiete frui?
219 1092 857 1128 Eequid ſumma tuæ vitæ eſt niſi frigus, & æſtus,
251 1127 789 1162 Duraque pauperies, perpetuus que labor?
220 1156 920 1198 Nunquam quæ tua ſunt, aſiorum coimmoda ſemper,
249 1192 756 1227 Quæris& humana eſt vnica cura ſalus.
913 1234 988 1267 Etgo
