1409 1429
271 5 554 38 BONHOMI.
49 53 625 89 Ergo quid aſpicio crudelia vulnera paſſum?
84 89 606 122 Cur video indignâ lumina preſſa nece?
20 121 725 157 Infandum o hominum genus, ſcelerata propago,
82 155 558 189 Edere qui tantum ſuſtinuere nefas l
44 189 739 228 Perfida gens, regem quæ perdere, quæq; parentem,
19 222 631 256 Quæ ſeruatoremproh ſcelus auſa ſuum.
47 256 691 289 Ingrati hæc Solymi, ſunt præmia digna laborum,
85 289 572 322 Quos ipſum veſtri ferre coegit amor?
46 323 577 356 Redditur hæc illi pro donis gratia tantis,
84 356 619 389 Queis ſtuduit plena vos cumulare manul
19 388 521 429 Ergo cruci palmæ figi potuere, ſaluti
83 423 539 456 Quæ mitis ægros reſtituere modis?
19 447 666 495 Ergo pedes clauis transfoſſi immitibus, alti
54 490 548 523 Æquora qui ſicci tranſiliere maris?
19 516 694 559 Quid ſpinis caput intextum pungentibus, Orcum
54 558 630 591 Quod nutu valuit, quodque ciere polum?
42 590 662 624 Obſcuros quid cerno oculos taboque fluentes,
80 623 582 657 Quj Solis poterant vincere luce iubar?
42 655 707 690 Cur clauſum os cœleſte, animas quod iuſſit ab oris
75 691 543 723 Inſolitam Stygiis ſæpe redire viam?
40 716 716 756 Heu cur pectus hiat tranſactm cuſpide acutâ?
73 758 658 792 Sæuit in extinctum quæ violenta latus?
41 786 719 824 Ah rabies fera, iam exanimem lacerare;nec hoſtis
74 826 611 859 Sanguinis infandam pellere cæde ſitim.
39 853 680 893 Cætera fixerunt nati plantasque manusque
73 893 656 925 Vulnera; at hoc miſeræ corda parentis adit.
39 926 638 959 Hic olim in templo gladius fuit ille doloris
75 959 597 992 Veridico cecinit quem ſacer ore ſenex:
19 992 687 1026 Traiicere hæc medius qui viſcera debuit, vllum
72 1025 741 1052 Non adhibere tamen luctibus hiſce modum
38 1058 633 1091 His me ſæua poteſt mors vna exſoluere curis,
76 1083 713 1127 Sola tuæ haneanimam iungere nate poteſt.
39 1123 721 1158 Talia dum ſecum verſat, dum fluminis inſtar,
8 1159 579 1193 Pallentes vultus flebilis vnda rigat.
40 1191 664 1226 Voluere viſa acies, totasque effundere vires
732 1215 822 1261 I
