1413 1452
325 6 592 31 BONHOMI.
46 49 730 83 Duraquidem mihi, dum cariſſima pignora tollis
112 84 621 116 Dum nati innocuo tota cruore mades.
71 116 706 150 Hic ne virgo pias repetat miſeranda querelas,
105 151 648 184 Atque iterum ingenti victa dolore cadat.
75 183 813 217 Stringentem manibus, lambentemque ore cruorem
107 217 606 251 Abſtrahere infauſta vix potuere trabe.
73 251 774 285 Luctantemq; adnixi humeris, manbusq; frequentes
82 284 591 317 Aligerum attollunt officioſa cohors.
43 318 667 351 Solari certant afflictam & multa querentem,
77 351 655 386 Quæ poterant Libycæ flectere corda feræ.
62 384 822 425 Non periiſſe etenim narrant, quem luget ademptum
67 419 590 452 At vires mortis iam domuiſſe feras.
43 452 736 486 Vtque triumphator memorant penetrarit in imos
106 486 573 511 Mortali immunis conditione ſinus:
43 510 654 553 Carceribus iamque effractis ſpoliarit Auerni
105 552 615 585 Mille beatorum, regna ſuperba, choris.
43 585 733 620 Vtque aderit iam iam lux tertia, in æthera nullum
78 620 642 655 Quo magis illuſtrem vexit Apollo diem.
42 653 587 685 Felix, & niueo lux illa notanda lapillo,
108 687 635 720 Inſculpi æterno digna adamante dies:
78 720 713 756 Tabida quæ membra atque atro fædata cruore
66 756 517 790 Oſtendet pura candidiora niue.
42 787 716 822 Hæc erit illa dies, Dominus quam fecit, honoris
108 822 578 856 Vtque foret laudis, lætitiæque dies.
62 855 676 888 Luctibus illa modum ponet, finemque dolori:
105 890 638 922 Poſt illam venient omnia læta diem.
48 922 775 958 .Triſtis ad hæc paulum lacrymas, queſtusq; remittens
104 956 640 990 Mox iterum ad nati vulnera ſæua redit.
71 990 676 1024 Figit in illa acies, quæritque haurire liquorem
90 1022 732 1056 Luminibus, poſtquam non licet oie, ſacrum.
71 1058 696 1091 Atque immota manens oculis, & corpore toto
109 1090 692 1124 Oxe tenus iunctas tendit vtrasque manus.
75 1120 697 1157 Curarum hic triſtes voluuntur pectore fluctus
107 1153 690 1190 Virginis, atque nouo lumina rore fſuunt.
49 1185 696 1228 Qualis vbi amiſſo rectore per æquoris altum
761 1213 879 1258 a-
