<PcGts xmlns="http://schema.primaresearch.org/PAGE/gts/pagecontent/2017-07-15" xmlns:xsi="http://www.w3.org/2001/XMLSchema-instance" xsi:schemaLocation="http://schema.primaresearch.org/PAGE/gts/pagecontent/2017-07-15 http://schema.primaresearch.org/PAGE/gts/pagecontent/2017-07-15/pagecontent.xsd"><Metadata><Creator>User123</Creator><Created>2020-04-25T21:20:19</Created><LastChange>2020-04-25T21:20:19</LastChange></Metadata><Page imageFilename="0515.png" imageHeight="1452" imageWidth="1413"><TextRegion id="r0" type="paragraph"><Coords points="1,1 1411,1 1411,1450 1,1450"/><TextLine id="r0_l001"><Coords points="683,1 683,24 717,24 717,1"/><TextEquiv index="1"><Unicode></Unicode></TextEquiv></TextLine><TextLine id="r0_l002"><Coords points="325,6 325,31 592,31 592,6"/><TextEquiv index="1"><Unicode>BONHOMI.</Unicode></TextEquiv></TextLine><TextLine id="r0_l003"><Coords points="842,33 732,33 731,35 731,48 736,53 745,57 779,60 842,60"/><TextEquiv index="1"><Unicode>48s</Unicode></TextEquiv></TextLine><TextLine id="r0_l004"><Coords points="789,68 782,62 778,60 745,58 736,54 731,49 46,49 46,83 54,81 71,80 166,83 788,83"/><TextEquiv index="1"><Unicode>Duraquidem mihi, dum cariſſima pignora tollis</Unicode></TextEquiv></TextLine><TextLine id="r0_l005"><Coords points="621,85 535,86 452,84 112,84 112,116 621,116"/><TextEquiv index="1"><Unicode>Dum nati innocuo tota cruore mades.</Unicode></TextEquiv></TextLine><TextLine id="r0_l006"><Coords points="816,96 816,139 879,139 879,96"/><TextEquiv index="1"><Unicode></Unicode></TextEquiv></TextLine><TextLine id="r0_l007"><Coords points="706,116 668,116 661,118 71,116 71,150 706,150"/><TextEquiv index="1"><Unicode>Hic ne virgo pias repetat miſeranda querelas,</Unicode></TextEquiv></TextLine><TextLine id="r0_l008"><Coords points="941,110 893,110 890,112 887,117 885,143 886,161 941,161"/><TextEquiv index="1"><Unicode></Unicode></TextEquiv></TextLine><TextLine id="r0_l009"><Coords points="648,152 646,151 105,151 105,183 648,184"/><TextEquiv index="1"><Unicode>Atque iterum ingenti victa dolore cadat.</Unicode></TextEquiv></TextLine><TextLine id="r0_l010"><Coords points="945,204 946,162 910,162 910,205 942,205"/><TextEquiv index="1"><Unicode>M</Unicode></TextEquiv></TextLine><TextLine id="r0_l011"><Coords points="813,183 705,183 701,185 166,184 155,185 75,183 75,217 813,217"/><TextEquiv index="1"><Unicode>Stringentem manibus, lambentemque ore cruorem</Unicode></TextEquiv></TextLine><TextLine id="r0_l012"><Coords points="606,250 606,218 107,217 107,249 119,250 583,251"/><TextEquiv index="1"><Unicode>Abſtrahere infauſta vix potuere trabe.</Unicode></TextEquiv></TextLine><TextLine id="r0_l013"><Coords points="774,251 77,251 73,253 73,285 361,283 774,285"/><TextEquiv index="1"><Unicode>Luctantemq; adnixi humeris, manbusq; frequentes</Unicode></TextEquiv></TextLine><TextLine id="r0_l014"><Coords points="82,284 82,317 591,317 591,284"/><TextEquiv index="1"><Unicode>Aligerum attollunt officioſa cohors.</Unicode></TextEquiv></TextLine><TextLine id="r0_l015"><Coords points="667,318 1,318 2,351 667,351"/><TextEquiv index="1"><Unicode>Solari certant afflictam &amp; multa querentem,</Unicode></TextEquiv></TextLine><TextLine id="r0_l016"><Coords points="191,384 655,384 655,352 77,351 77,384 102,386"/><TextEquiv index="1"><Unicode>Quæ poterant Libycæ flectere corda feræ.</Unicode></TextEquiv></TextLine><TextLine id="r0_l017"><Coords points="907,372 907,393 939,393 939,372"/><TextEquiv index="1"><Unicode></Unicode></TextEquiv></TextLine><TextLine id="r0_l018"><Coords points="822,387 803,386 799,384 472,386 191,385 102,387 62,384 62,419 271,417 538,418 611,419 621,420 628,424 707,423 822,425"/><TextEquiv index="1"><Unicode>Non periiſſe etenim narrant, quem luget ademptum</Unicode></TextEquiv></TextLine><TextLine id="r0_l019"><Coords points="67,419 67,452 590,452 590,419"/><TextEquiv index="1"><Unicode>At vires mortis iam domuiſſe feras.</Unicode></TextEquiv></TextLine><TextLine id="r0_l020"><Coords points="903,422 903,479 934,479 934,422"/><TextEquiv index="1"><Unicode></Unicode></TextEquiv></TextLine><TextLine id="r0_l021"><Coords points="736,452 32,452 32,486 52,486 56,484 359,486 736,486"/><TextEquiv index="1"><Unicode>Vtque triumphator memorant penetrarit in imos</Unicode></TextEquiv></TextLine><TextLine id="r0_l022"><Coords points="106,486 106,511 573,511 573,486"/><TextEquiv index="1"><Unicode>Mortali immunis conditione ſinus:</Unicode></TextEquiv></TextLine><TextLine id="r0_l023"><Coords points="39,555 46,552 138,551 197,553 654,552 654,513 636,513 628,518 622,519 124,520 55,518 50,517 41,509 38,509 37,503 1,503 1,558 36,558"/><TextEquiv index="1"><Unicode>Carceribus iamque effractis ſpoliarit Auerni</Unicode></TextEquiv></TextLine><TextLine id="r0_l024"><Coords points="615,553 197,554 139,552 105,553 105,585 615,585"/><TextEquiv index="1"><Unicode>Mille beatorum, regna ſuperba, choris.</Unicode></TextEquiv></TextLine><TextLine id="r0_l025"><Coords points="733,585 527,586 470,588 174,587 119,588 29,585 29,620 537,620 625,618 733,620"/><TextEquiv index="1"><Unicode>Vtque aderit iam iam lux tertia, in æthera nullum</Unicode></TextEquiv></TextLine><TextLine id="r0_l026"><Coords points="642,620 78,620 78,655 137,655 178,653 486,654 534,652 642,655"/><TextEquiv index="1"><Unicode>Quo magis illuſtrem vexit Apollo diem.</Unicode></TextEquiv></TextLine><TextLine id="r0_l027"><Coords points="587,655 584,654 178,654 137,656 78,656 70,654 1,654 1,685 587,685"/><TextEquiv index="1"><Unicode>Felix, &amp; niueo lux illa notanda lapillo,</Unicode></TextEquiv></TextLine><TextLine id="r0_l028"><Coords points="907,680 907,732 969,732 969,680"/><TextEquiv index="1"><Unicode></Unicode></TextEquiv></TextLine><TextLine id="r0_l029"><Coords points="635,719 635,687 396,689 181,688 108,689 108,719 119,720 621,720"/><TextEquiv index="1"><Unicode>Inſculpi æterno digna adamante dies:</Unicode></TextEquiv></TextLine><TextLine id="r0_l030"><Coords points="713,720 503,721 411,723 140,722 118,720 78,720 78,756 83,754 412,756 564,754 568,756 713,756"/><TextEquiv index="1"><Unicode>Tabida quæ membra atque atro fædata cruore</Unicode></TextEquiv></TextLine><TextLine id="r0_l031"><Coords points="274,788 517,788 517,756 80,756 73,761 66,761 67,790 112,790"/><TextEquiv index="1"><Unicode>Oſtendet pura candidiora niue.</Unicode></TextEquiv></TextLine><TextLine id="r0_l032"><Coords points="716,787 556,787 522,789 435,790 274,789 112,791 20,790 9,791 2,797 2,822 716,822"/><TextEquiv index="1"><Unicode>Hæc erit illa dies, Dominus quam fecit, honoris</Unicode></TextEquiv></TextLine><TextLine id="r0_l033"><Coords points="491,854 578,854 578,822 351,824 213,823 174,824 108,822 108,854 112,855 441,856"/><TextEquiv index="1"><Unicode>Vtque foret laudis, lætitiæque dies.</Unicode></TextEquiv></TextLine><TextLine id="r0_l034"><Coords points="676,855 491,855 441,857 313,858 130,857 111,855 62,855 62,888 676,888"/><TextEquiv index="1"><Unicode>Luctibus illa modum ponet, finemque dolori:</Unicode></TextEquiv></TextLine><TextLine id="r0_l035"><Coords points="105,890 105,922 638,922 638,890"/><TextEquiv index="1"><Unicode>Poſt illam venient omnia læta diem.</Unicode></TextEquiv></TextLine><TextLine id="r0_l036"><Coords points="775,922 563,922 498,924 153,924 117,922 24,922 23,929 1,929 1,958 59,958 67,956 103,955 218,957 453,957 658,954 676,954 684,958 775,958"/><TextEquiv index="1"><Unicode>.Triſtis ad hæc paulum lacrymas, queſtusq; remittens</Unicode></TextEquiv></TextLine><TextLine id="r0_l037"><Coords points="640,987 640,956 453,958 218,958 104,956 104,990 517,990"/><TextEquiv index="1"><Unicode>Mox iterum ad nati vulnera ſæua redit.</Unicode></TextEquiv></TextLine><TextLine id="r0_l038"><Coords points="589,1022 614,1020 676,1020 676,990 347,992 71,990 71,1024 445,1024"/><TextEquiv index="1"><Unicode>Figit in illa acies, quæritque haurire liquorem</Unicode></TextEquiv></TextLine><TextLine id="r0_l039"><Coords points="637,1053 755,1053 765,1049 765,1024 764,1022 590,1022 544,1024 445,1025 178,1024 90,1026 90,1056 462,1056"/><TextEquiv index="1"><Unicode>Luminibus, poſtquam non licet oie, ſacrum.</Unicode></TextEquiv></TextLine><TextLine id="r0_l040"><Coords points="536,1089 571,1087 696,1086 696,1058 71,1059 71,1091 145,1091"/><TextEquiv index="1"><Unicode>Atque immota manens oculis, &amp; corpore toto</Unicode></TextEquiv></TextLine><TextLine id="r0_l041"><Coords points="504,1122 609,1118 692,1118 692,1090 145,1092 109,1091 109,1124 373,1124"/><TextEquiv index="1"><Unicode>Oxe tenus iunctas tendit vtrasque manus.</Unicode></TextEquiv></TextLine><TextLine id="r0_l042"><Coords points="551,1154 580,1152 697,1151 697,1120 558,1120 504,1123 373,1125 205,1124 123,1126 75,1124 75,1156 415,1157"/><TextEquiv index="1"><Unicode>Curarum hic triſtes voluuntur pectore fluctus</Unicode></TextEquiv></TextLine><TextLine id="r0_l043"><Coords points="518,1188 577,1185 690,1184 690,1153 580,1153 551,1155 415,1158 107,1158 107,1190 418,1190"/><TextEquiv index="1"><Unicode>Virginis, atque nouo lumina rore fſuunt.</Unicode></TextEquiv></TextLine><TextLine id="r0_l044"><Coords points="480,1225 522,1224 526,1223 533,1218 543,1217 583,1217 600,1221 705,1221 712,1215 723,1215 729,1212 729,1185 631,1185 486,1190 269,1192 122,1192 53,1189 45,1185 32,1185 32,1228 473,1228"/><TextEquiv index="1"><Unicode>Qualis vbi amiſſo rectore per æquoris altum</Unicode></TextEquiv></TextLine><TextLine id="r0_l045"><Coords points="724,1213 724,1258 950,1258 950,1213"/><TextEquiv index="1"><Unicode>a-</Unicode></TextEquiv></TextLine><TextLine id="r0_l046"><Coords points="541,1218 541,1249 641,1249 641,1218"/><TextEquiv index="1"><Unicode>Hh</Unicode></TextEquiv></TextLine><TextLine id="r0_l047"><Coords points="944,1286 821,1286 822,1312 944,1312"/><TextEquiv index="1"><Unicode></Unicode></TextEquiv></TextLine><TextLine id="r0_l048"><Coords points="834,1313 797,1312 797,1327 834,1327"/><TextEquiv index="1"><Unicode></Unicode></TextEquiv></TextLine></TextRegion></Page></PcGts>