1029 1330
419 19 824 44 LAARIBONAMICI.
229 62 818 96 Te Deus in cœlum confectum ætate, beatum
231 96 854 129 Inter cælicolas quondam æternumq; futurum.
231 129 901 164 Salue Bembe, valeque; Deumque precare benignus
232 162 918 197 Ille tuo vt Torquato adſit, mentemque animumque
232 197 781 229 Dirigat in melius, virtutis præmia quærat,
230 230 803 262 Ad laudem egregiam tua per veſtigia currat,
229 263 838 295 Deponat lacrymas, ingrataque funera: nam tu
230 297 792 329 Viuis, in æternum & viues:ſuprema tuliſti
232 331 833 363 Omnia quin etiam vera & germana propago
229 362 901 391 Ille heros Medicum Coſmus Dux maximus, huius
230 395 801 424 Dux ſæcli, Italiæ iuſtiſſimus vnus, & vnus,
230 427 718 462 Vnus qui priſcæ ſolo virtutis honore,
229 462 837 494 Ante alios cupiat virtutem extollere in altum,
228 495 861 528 Marmoreo vt decoret curat te Bembe ſepulcro,
226 528 811 562 Solenni elatum pomp, exequiisque ſolutis;
228 562 816 596 Et lapide ex Pario priſcos æquantis honores
227 595 794 623 Artificis cum docta manus te duxerit, inter
227 627 845 664 Apparat, vt ponat Thuſcæ tria lumina linguæ
227 662 848 697 Viſendum, celebrique loco, celebrique decore
227 695 770 730 Artis, quâ Michaël ſe ſe ſuper euehit aſtra
227 729 793 765 Angelus, & vultus, ſpirantiaque ora figurat.
229 763 788 796 Vt faciat quoties iter hac, te Bembe ſalutet
227 796 877 829 Ingeniis gens clara fluit quà vitreus Arnus,
227 825 879 859 Florentem & mediam ſtudis interecat vrbem.
228 863 763 896 Optari an poterat qicquam felicius vlli,
226 896 793 931 Aut mirabilius poſt ſæcula longa priorum,
226 929 737 963 Qum tali à tali donari principe laude?
227 961 837 997 Nil mihi credetuo poterat Torquate parenti
225 996 791 1031 In vitâ melius, nihil hie contingere maius
225 1028 801 1063 Poſt mortem poterant verſis incurrere fatis
224 1063 872 1096 Multa tamen, longæ quæ ſunt incommoda vitæ,
226 1097 767 1129 Quafia multa tulit fortunæ cæca poteſtas.
225 1129 882 1163 Vt patrem hac liceat quoque dicere parte beatum
226 1163 751 1197 Cuius tu rerum, tanti tu nominis heres,
223 1193 739 1236 Et famæ ingentis. quam ſi vitute tueri,
952 1236 1003 1259 Aus
