1403 1402
242 15 619 40 II.
785 17 901 58 4V
55 59 656 94 Aut augere velis, merito nihil amplius optes.
54 93 668 126 Pelle agedum procul hintA te lugubria: nosq;
55 126 718 159 Laudemus, tu vero etiam hunc imitare parentem;
56 160 706 193 Vt clarus viuas, longumque extentus in æuum,
55 194 671 228 Dignus vt hoc viuas, dignus moriare parente.
249 228 552 257 Memoriæ eiuſdem embi.
57 259 576 294 Has fagos inter celſas adſurgit in auras,
92 294 630 328 Et late gelidam pinus obumbrat aquam:
59 327 698 361 Hic vbi montivagæ Nymphæ Satyriq; bicornes,
80 361 596 394 Dicunt ad certos ruſtica verba modos:
59 394 627 427 Et fugit æſtiuos ſoles imbresque ſitimque,
95 428 628 462 Herbosa ponens membra Viator humo:
61 461 590 494 Hic ego rugoſis incido carmina truneis,
94 495 552 528 Sæpe Viatori, ſæpe canenda Deis.
59 528 609 562 Alcon quæ luſit paſtorum maximus olim,
94 561 670 595 Dum læto ad Tiberim gramine paſcit oues:
60 596 653 629 Alcon, Euganæis, Alcon memorandus in oris
98 629 694 663 Hæc nemora, has ſiluas dum mea muſa colet.
59 662 712 696 Illi etiam faciam, & paterâ hac libabo quotannis,
94 697 584 730 Conſidens propter flumina Meduaci.
155 768 746 805 IACOBI BONFADII
286 818 610 842 VERONENSIS.
62 861 738 897 IOENIA cùm Saloi, & Benaci littera linquo:
62 885 734 928 Vextra iter ingreſſum per opaca, & florida rura
58 929 658 963 Me breuis, & facile accliuis via ducit apricum
59 963 639 996 In collem, Cereti placitum, patrique Lyæo,
59 996 638 1028 Et placitum altrici ſemper frondentis oliuæ.
59 1028 627 1062 Planities iacet in ſummo cultiſſima: primo
59 1062 714 1096 Huius in ingreſſu oppidulum eſt. Salaminius olim
58 1095 601 1128 Fadius egreſſus patriâ, Patauique ſecutus
58 1127 632 1161 Fundatorem vrbis, poſuiſſe in littore ſedem
58 1160 669 1194 Dicitur:atque plagæ mox acri incenſus amore
59 1195 648 1236 Hunc optalle ocu gada;quam diuts auit
720 1225 831 1255 Tae
