1021 1329
523 21 718 50 IACOBI
237 63 854 95 Theſauro ſecum extulerat: tum nomine abillo
216 98 816 135 Gazanum dixiſſe propinquas collibus arces,
236 131 964 168 Claraque magnanimûm ſtabant monimenta virorum.
237 164 900 200 Sed rerum abſumptrix, retroque abſtruſa vetuſtas
237 198 904 232 Obruta in obſcuris ſecum omnia condidit vmbris.
234 232 879 268 Hinc aciem procul in campos, terrasque iacentes;
234 265 862 302 Lataque Benaci protendere in æxquora poſſum.
234 301 740 336 Vicini montes Boreæ de parte; reducit
233 333 843 370 Et quà Sol radios, quaque altas abdit in vndas,
234 367 764 402 Circunſtant: facies ſpectanti celſa theatri
232 399 854 434 Formam offert. ſæpe indigenæ videre ſedentem
228 433 893 462 Pana Deum Arcadiæ, calamos cum inflaret in altis
226 467 876 502 Rupibus:& Nymphas per ſibila lætavocaret;
232 500 894 535 Nymphas, quæ plexis redimitæ tempora ſertis,
230 534 856 568 Paſtorum locaſola petunt, ſiluasque pererrant,
218 568 797 603 Omnia complentes luſu, dulciq; cachinno:
233 602 780 638 Naiades quibus aſſultant de rupibus imis,
221 634 898 670 Solem vbi ad Heſperium præpingui e valle volutus
225 668 876 705 Flectit iter rapido, atque ſonanti flumine Cliſis:
222 703 883 739 Quem dulces aurarum animæ comitantur, & alis
233 737 838 770 Per placidum leuibus volitantes aëra circum.
236 770 773 805 Omnem diuinis miſcent afflatibus oram:
219 805 740 833 Dilecta ora mihi, Itallæ ridentis ocelle,
234 838 784 872 Naturæ lætantis opus, ſancta ora Deorum,
230 872 833 907 Quàm lætus gelidos fontes flexusque tuarum
229 904 861 940 Lympharum, Tempeque ſoli, cœlumque teuiſo:
237 937 954 973 Quamque libens vix ipſe mihi credo æquoris vndam
234 971 830 1007 Tyrrheni, & Calabrûm ſaltus liquiſſe niuales,
233 1005 815 1041 Inq; tuo incolumis gremio reſidere virenti,
228 1038 780 1074 Salue altrix antiqua, boni ſaluete receſſus,
220 1072 740 1106 Et gaudete: Geniq; loci tu candide, fidi
232 1104 853 1140 Vosq; Lares placidi veſtro cum numine amico
221 1138 844 1174 Eſte milii, & noſtrum tandem lenite laborem.
220 1170 867 1207 Te ver & moneo, &, quantum me diligis Alcon
237 1207 820 1246 Oro, care Acooqqaaquam tua rura reliqui
943 1235 1005 1266 In-
