1398 1385
792 1 930 25 402
56 27 621 66 nuitus partémque ſui mens ægra requirit:
56 65 741 98 Ne mihi coimmemores Atheſim, neu tecta venuſtæ
55 98 646 132 Alta Coloniolæ:iuuat hic conſumere totum
54 132 592 164 Saxtilem, & dulces inuiſere sæpe ſodales,
56 165 639 201 Qui lateri noſtro ſeſe agglomerare ſolebant
38 199 617 232 OIim, cum primis colludebamus in annis.
54 232 667 267 Horum in complexu vis priſci emergit amoris,
54 267 679 300 Vt ſatis æquo animo non me diuellere poſſim.
54 299 657 334 Sed cm ſe primum decreſcens fregerit æſtas,
54 335 612 367 Ridebit placido cum Villia Doris m antro,
51 367 670 400 Me feret auriluo vaga gurgie cymba repoſtas
49 400 591 434 Flaminii ad ſedes, ripæ vlterioris in aruis.
48 434 622 467 Huc occurre mihi: ſimul ad tibi gra a vireta
47 467 673 501 Formelli, & lætos Amathuntidis ibimus agros.
47 501 629 534 Rodulpho interea, qui ſe cæleſtibus æquans
47 534 682 569 Diis, purpureo, atque ardentiin murice fulget,
46 568 820 603 Quemq; viam monſtraute æqui, inagnum inclyta patrem
45 601 642 633 Roma colit, ſtatuam patiis in montibus aras.
271 656 494 683 De villa coloniola.
1 702 584 744 Eſt collis, geminas recto qui limite valles
82 735 683 768 Scindit, & hine Suauum proſpicit, hinc Latios.
1 767 622 801 Acoeſſu in primo ſunt formoſiſſima Tempe
78 803 519 835 Culta peregrinæ rura Coloniolæ.
42 834 598 868 Huc me Verona digreſſum duxerat Alcon,
75 869 592 903 Magnæ Alcon ſiluis cognitus Heſperiæ:
1 898 642 937 Nympharum caſtos qui ſacra per otia fontes.
76 935 604 969 Veſtraque, Pierides, numina ſancta colit.
1 968 682 1000 Frondoſi hic nemoris dorſo dum forte vagarer,
73 1002 684 1035 Et leni omne nemus perſtreperet Lephyro,
38 1034 640 1068 Ad corylos Phyllis contexens fragra ſedebat,
29 1067 619 1101 Perdito amore nimis Phyllis amata mihi.
1 1101 592 1135 Talis in excultis viſa eſt Cytherea viretis,
71 1134 622 1162 Necteret in ſertum cum tibi Adoni roſas.
1 1168 644 1208 OSol,mih Sol radiis fulgentibus orte:
734 1198 822 1224 Oi-
553 1200 667 1226 Hh
877 1238 956 1273 .
