1020 1322
345 8 828 59 IACOBIBONFADI.
216 58 733 102 Omihi felices inter habenda dies.
202 94 839 134 Nam quæ furtiuum olim abſcondebat amorem,
240 129 815 167 Quæque fugax ſemper, ſi obuius inciderem,
192 161 799 195 Se ſe alio auertens, tacito pede reflectebat,
239 195 732 234 Lumina tum faclis torſit amica mihi.
206 233 781 266 Acceſſi: atque errans, incertus corpore toto,
233 263 840 298 Protinus opuatum proſilui in gremium.
188 296 748 331 Il Amor anreolis ſpargebatfloribus ora;
242 329 708 366 Quos e maternis extuleiat calaths.
196 357 805 397 Hic nihivos coryli teſtes, tectæque latebræ
226 395 780 431 Dum capio miſtum ſuauiolum ambroſi,
206 428 855 465 Se ſe anima ipſa in labra eiecit; meque relicto.
241 461 696 497 Ad ſibi dilectam Phyllida tranſilit
192 488 876 533 Illa vbi me aſpexit moribundum, amplexa fouere
176 529 744 563 Cæpit, ſuauiolum dulcius ingeminans.
208 561 873 598 Tum, mea dum inſueto perfundit labra liquore,
246 595 777 625 Ore fouens, ſenſim tranſiit ad me anima
210 628 825 659 Nunc viuo, & vita eſt multo mihi carior, in me
243 662 764 696 Cum memini, de quo venerit illa loco,
193 695 748 731 Salue o terra beata mihi, gratiſſima terra
243 730 657 762 Dis ſuperis;, ſalue dia Coloniola.
197 760 866 789 Nomen fama tuum immortalibus in monimentis
247 796 701 825 Protendat; nec te deruat vlla dies.
194 828 793 863 Hæc lingua ante meis hærebit faæucibus, ante
249 862 762 889 Hæc dextra attractis concidet articulis;
195 894 910 931 Quam memori ex animo, & noſtro de pectore migret
247 929 718 964 Sæpe vocanda mihi cara Coloniola.
195 960 855 997 Et vos o Coryli, quarum ſub mollibus vmbris
245 995 736 1028 Hæc inſperanti ſunt mihi nata bona,
193 1029 738 1059 Sitis felices:non veſtros Eurus honores,
244 1061 777 1097 Non æſtus, non vos frigida lædat hiems.
212 1094 822 1127 Ciim ſitiunt ſiluæ, veniant pede Naiades vdo,
230 1127 827 1161 Arque humore vagæ roſcido Hamadriads;
213 1161 836 1193 Vos & alant ſibi delitias, ſeu gramine molli,
245 1194 762 1232 Seu malint ramis ludere ab vmbriferis:
903 1227 991 1262 h-
