<PcGts xmlns="http://schema.primaresearch.org/PAGE/gts/pagecontent/2017-07-15" xmlns:xsi="http://www.w3.org/2001/XMLSchema-instance" xsi:schemaLocation="http://schema.primaresearch.org/PAGE/gts/pagecontent/2017-07-15 http://schema.primaresearch.org/PAGE/gts/pagecontent/2017-07-15/pagecontent.xsd"><Metadata><Creator>User123</Creator><Created>2020-04-25T21:20:13</Created><LastChange>2020-04-25T21:20:13</LastChange></Metadata><Page imageFilename="0521.png" imageHeight="1416" imageWidth="1404"><TextRegion id="r0" type="paragraph"><Coords points="1,1 1402,1 1402,1414 1,1414"/><TextLine id="r0_l001"><Coords points="926,17 917,17 915,15 913,8 910,5 903,2 774,2 759,5 756,5 755,2 169,2 169,43 223,41 407,42 477,40 506,43 683,44 689,46 741,46 790,48 845,48 849,46 857,46 871,47 891,51 926,51"/><TextEquiv index="1"><Unicode>ISCIB0NHOMI.4</Unicode></TextEquiv></TextLine><TextLine id="r0_l002"><Coords points="638,47 52,47 52,81 638,82"/><TextEquiv index="1"><Unicode>yllis amet Corylos: illas ſi Phyllis amabit,</Unicode></TextEquiv></TextLine><TextLine id="r0_l003"><Coords points="620,83 90,82 90,119 620,119"/><TextEquiv index="1"><Unicode>Vna mihi Corylus maxima ſemper erit.</Unicode></TextEquiv></TextLine><TextLine id="r0_l004"><Coords points="937,133 73,132 73,171 166,169 176,164 210,164 214,160 219,158 359,155 514,155 521,158 527,163 599,164 604,159 611,156 660,156 670,160 676,165 746,167 857,167 866,168 869,175 937,175"/><TextEquiv index="1"><Unicode></Unicode></TextEquiv></TextLine><TextLine id="r0_l005"><Coords points="323,183 330,184 347,180 491,179 491,162 213,162 210,165 192,165 192,186 234,186"/><TextEquiv index="1"><Unicode>D AIo</Unicode></TextEquiv></TextLine><TextLine id="r0_l006"><Coords points="802,175 756,174 740,172 677,174 675,172 675,165 671,162 602,162 599,165 598,171 526,172 519,178 513,180 347,181 330,185 323,184 234,187 180,187 175,185 165,175 155,174 77,173 77,199 802,199"/><TextEquiv index="1"><Unicode>I.2 BONH M .</Unicode></TextEquiv></TextLine><TextLine id="r0_l007"><Coords points="776,230 57,230 57,264 77,264 80,267 87,270 92,268 116,268 133,270 285,270 429,267 581,267 675,270 776,270"/><TextEquiv index="1"><Unicode>Tcruce pendentem natum conſpexit ab atrâ</Unicode></TextEquiv></TextLine><TextLine id="r0_l008"><Coords points="759,276 751,276 744,272 581,268 431,268 234,272 147,272 116,269 92,269 87,271 80,268 80,298 107,299 116,304 125,305 219,305 270,302 593,300 717,304 730,307 745,307 759,312"/><TextEquiv index="1"><Unicode>VSpargere virgo ſac:i fonte cruoris humum;</Unicode></TextEquiv></TextLine><TextLine id="r0_l009"><Coords points="904,298 904,324 935,324 935,298"/><TextEquiv index="1"><Unicode></Unicode></TextEquiv></TextLine><TextLine id="r0_l010"><Coords points="759,330 758,313 745,308 730,308 717,305 701,304 624,302 369,302 270,303 219,306 125,306 116,305 110,302 55,302 55,338 174,338 321,335 434,335 487,333 594,333 617,334 627,339 755,339"/><TextEquiv index="1"><Unicode>Heu quos ediderint lacrymarum lumina riuos,</Unicode></TextEquiv></TextLine><TextLine id="r0_l011"><Coords points="903,324 903,346 935,346 935,324"/><TextEquiv index="1"><Unicode></Unicode></TextEquiv></TextLine><TextLine id="r0_l012"><Coords points="131,372 223,370 460,368 532,366 574,367 574,334 237,337 174,339 91,338 91,374 128,374"/><TextEquiv index="1"><Unicode>Quiſc fatigarit pectora caſta dolor,</Unicode></TextEquiv></TextLine><TextLine id="r0_l013"><Coords points="902,346 902,382 935,382 935,346"/><TextEquiv index="1"><Unicode></Unicode></TextEquiv></TextLine><TextLine id="r0_l014"><Coords points="794,366 628,366 624,368 532,367 460,369 223,371 131,373 125,376 96,376 74,373 55,373 55,406 190,405 238,402 618,401 637,402 648,409 794,410"/><TextEquiv index="1"><Unicode>Lingua referre nequit, calamus non ſcribere;ſenſu</Unicode></TextEquiv></TextLine><TextLine id="r0_l015"><Coords points="583,434 583,402 238,403 190,406 106,407 106,435 533,435"/><TextEquiv index="1"><Unicode>Non valet, humana nec ratione capi.</Unicode></TextEquiv></TextLine><TextLine id="r0_l016"><Coords points="894,400 894,462 933,462 933,400"/><TextEquiv index="1"><Unicode></Unicode></TextEquiv></TextLine><TextLine id="r0_l017"><Coords points="1,436 1,468 655,468 655,436"/><TextEquiv index="1"><Unicode>Sacra manus referat, cœlo delapſa per auras</Unicode></TextEquiv></TextLine><TextLine id="r0_l018"><Coords points="623,501 623,470 542,468 503,470 226,470 184,472 105,472 105,502 487,502"/><TextEquiv index="1"><Unicode>Cerneret vt domini funera aceiba ſui.</Unicode></TextEquiv></TextLine><TextLine id="r0_l019"><Coords points="640,502 273,503 186,506 58,506 44,504 41,502 1,502 1,539 116,537 248,537 306,535 567,534 600,534 610,539 640,539"/><TextEquiv index="1"><Unicode>Virginis ingentes quæ commiſerata dolores</Unicode></TextEquiv></TextLine><TextLine id="r0_l020"><Coords points="547,567 547,536 306,536 248,538 105,539 105,568 523,568"/><TextEquiv index="1"><Unicode>Officio mœrens aſtitit vſque pio.</Unicode></TextEquiv></TextLine><TextLine id="r0_l021"><Coords points="797,569 783,568 328,569 286,571 156,571 93,573 66,573 50,571 50,607 105,607 220,602 461,602 554,600 647,600 652,601 661,607 797,607"/><TextEquiv index="1"><Unicode>Quæ triſtcm ex oculs imbrem, vultuque cadentem</Unicode></TextEquiv></TextLine><TextLine id="r0_l022"><Coords points="517,635 598,633 598,601 461,603 220,603 103,608 103,637 216,637"/><TextEquiv index="1"><Unicode>Legit, &amp; ad ſummi pertulit ora patris.</Unicode></TextEquiv></TextLine><TextLine id="r0_l023"><Coords points="778,667 798,667 798,635 518,635 416,637 217,637 156,640 68,639 68,672 218,669 547,668 686,666 697,673 753,673"/><TextEquiv index="1"><Unicode>Dicite Cælicolum vos agmina candidanam vos</Unicode></TextEquiv></TextLine><TextLine id="r0_l024"><Coords points="648,700 648,668 346,669 104,672 104,701 592,701"/><TextEquiv index="1"><Unicode>Afſiduo hæc cantu commemorare iuuat.</Unicode></TextEquiv></TextLine><TextLine id="r0_l025"><Coords points="761,701 593,701 514,703 336,702 183,705 55,704 55,738 100,738 116,736 207,737 264,735 481,734 611,734 628,735 633,738 760,738"/><TextEquiv index="1"><Unicode>Dicite vt immenſos fluctus, animique procellas</Unicode></TextEquiv></TextLine><TextLine id="r0_l026"><Coords points="577,767 577,735 106,738 106,769 455,769"/><TextEquiv index="1"><Unicode>Clauſeiit anguſto virgo pudicaſinu.</Unicode></TextEquiv></TextLine><TextLine id="r0_l027"><Coords points="765,767 618,767 455,770 230,770 184,772 69,771 69,805 550,800 670,800 686,801 692,805 765,805"/><TextEquiv index="1"><Unicode>Ingenuus net enim pudor vnguibus ora ſinebat</Unicode></TextEquiv></TextLine><TextLine id="r0_l028"><Coords points="632,833 632,803 269,803 130,805 103,807 103,834 568,834"/><TextEquiv index="1"><Unicode>Mœſta, vel incomptas dilcerare comas:</Unicode></TextEquiv></TextLine><TextLine id="r0_l029"><Coords points="495,867 666,867 666,834 569,834 488,836 247,836 178,839 102,839 58,837 58,869 254,870"/><TextEquiv index="1"><Unicode>Virgineum infeſtis pectus vel tundere palmis,</Unicode></TextEquiv></TextLine><TextLine id="r0_l030"><Coords points="663,868 358,869 254,871 64,870 64,902 422,902 564,900 594,902 663,902"/><TextEquiv index="1"><Unicode>Tollere vel querulos ſidera ad alta ſonos.</Unicode></TextEquiv></TextLine><TextLine id="r0_l031"><Coords points="553,934 553,902 347,902 193,905 109,905 58,903 58,936 273,936"/><TextEquiv index="1"><Unicode>Dicite vt in cari lethalia vulnera nati,</Unicode></TextEquiv></TextLine><TextLine id="r0_l032"><Coords points="621,966 621,935 274,936 124,939 104,938 104,969 351,969"/><TextEquiv index="1"><Unicode>Inuiſamq; crucem luminæ fixa tenens,</Unicode></TextEquiv></TextLine><TextLine id="r0_l033"><Coords points="660,969 644,968 559,967 515,969 293,969 155,972 91,972 55,970 55,1000 660,1000"/><TextEquiv index="1"><Unicode>Hæc tacitoſecum verſarit pectore, apertis</Unicode></TextEquiv></TextLine><TextLine id="r0_l034"><Coords points="591,1032 591,1001 448,1003 378,1003 311,1001 237,1004 104,1006 104,1033 531,1033"/><TextEquiv index="1"><Unicode>Attamen in triſti fronte relata notis:</Unicode></TextEquiv></TextLine><TextLine id="r0_l035"><Coords points="631,1033 532,1033 418,1036 257,1036 205,1038 68,1037 68,1064 631,1064"/><TextEquiv index="1"><Unicode>Nate meæ vires, mea lux, dulciſſime nate,</Unicode></TextEquiv></TextLine><TextLine id="r0_l036"><Coords points="105,1068 105,1101 585,1101 585,1068"/><TextEquiv index="1"><Unicode>Vnica vitæ ſpes præſidiumque meæ.</Unicode></TextEquiv></TextLine><TextLine id="r0_l037"><Coords points="111,1137 158,1136 217,1136 273,1134 482,1134 538,1131 667,1129 667,1102 349,1102 197,1104 69,1103 69,1139 109,1139"/><TextEquiv index="1"><Unicode>Quis mihi te eripuit, mortales inter vt omnes</Unicode></TextEquiv></TextLine><TextLine id="r0_l038"><Coords points="502,1167 526,1165 615,1163 615,1131 538,1132 482,1135 273,1135 111,1138 105,1142 105,1168 397,1168"/><TextEquiv index="1"><Unicode>Sim magis infælix, quæ mage læta fui?</Unicode></TextEquiv></TextLine><TextLine id="r0_l039"><Coords points="359,1207 467,1208 476,1207 486,1199 505,1199 514,1197 552,1195 678,1197 683,1200 716,1200 720,1202 731,1202 740,1195 755,1194 755,1160 665,1160 639,1164 556,1165 502,1168 240,1170 66,1169 66,1211 172,1211"/><TextEquiv index="1"><Unicode>Quod ſcelus, aut vnquam commiſ crimen, vt eſſem</Unicode></TextEquiv></TextLine><TextLine id="r0_l040"><Coords points="731,1198 731,1224 853,1224 853,1198"/><TextEquiv index="1"><Unicode>na</Unicode></TextEquiv></TextLine><TextLine id="r0_l041"><Coords points="546,1198 546,1225 648,1225 648,1198"/><TextEquiv index="1"><Unicode>Hh a</Unicode></TextEquiv></TextLine><TextLine id="r0_l042"><Coords points="812,1272 812,1301 873,1301 873,1272"/><TextEquiv index="1"><Unicode></Unicode></TextEquiv></TextLine></TextRegion></Page></PcGts>