<?xml version="1.0" encoding="UTF-8" standalone="no"?><PcGts xmlns="http://schema.primaresearch.org/PAGE/gts/pagecontent/2019-07-15" xmlns:xsi="http://www.w3.org/2001/XMLSchema-instance" xsi:schemaLocation="http://schema.primaresearch.org/PAGE/gts/pagecontent/2019-07-15 http://schema.primaresearch.org/PAGE/gts/pagecontent/2019-07-15/pagecontent.xsd"><Metadata><Creator/><Created>2022-04-11T14:26:12</Created><LastChange>1970-01-01T00:00:00</LastChange><Comments/></Metadata><Page imageFilename="0521.png" imageHeight="1416" imageWidth="1404"><TextRegion id="r1" orientation="0.0" type="paragraph"><Coords points="1,1 1402,1 1402,1414 1,1414"/><TextLine id="l1"><Coords points="726,2 169,2 169,43 223,41 407,42 477,40 506,43 683,44 689,46 726,46"/><TextEquiv><Unicode/></TextEquiv><TextEquiv index="1"><Unicode>ISCIB0NHOMI.4</Unicode></TextEquiv></TextLine><TextLine id="l2"><Coords points="638,47 52,47 52,81 638,82"/><TextEquiv><Unicode/></TextEquiv><TextEquiv index="1"><Unicode>yllis amet Corylos: illas ſi Phyllis amabit,</Unicode></TextEquiv></TextLine><TextLine id="l3"><Coords points="620,83 90,82 90,119 620,119"/><TextEquiv><Unicode/></TextEquiv><TextEquiv index="1"><Unicode>Vna mihi Corylus maxima ſemper erit.</Unicode></TextEquiv></TextLine><TextLine id="l4"><Coords points="805,166 671,162 602,162 599,165 161,160 78,162 77,199 802,199"/><TextEquiv><Unicode/></TextEquiv><TextEquiv index="1"><Unicode>I.2 BONH M .</Unicode></TextEquiv></TextLine><TextLine id="l5"><Coords points="776,230 47,235 98,299 149,270 285,270 429,267 581,267 675,270 776,270"/><TextEquiv><Unicode/></TextEquiv><TextEquiv index="1"><Unicode>Tcruce pendentem natum conſpexit ab atrâ</Unicode></TextEquiv></TextLine><TextLine id="l6"><Coords points="759,276 751,276 744,272 581,268 431,268 234,272 149,271 149,305 219,305 270,302 593,300 717,304 730,307 745,307 759,312"/><TextEquiv><Unicode/></TextEquiv><TextEquiv index="1"><Unicode>VSpargere virgo ſac:i fonte cruoris humum;</Unicode></TextEquiv></TextLine><TextLine id="l7"><Coords points="759,330 758,313 745,308 730,308 717,305 701,304 624,302 369,302 270,303 219,306 55,306 55,338 174,338 321,335 434,335 487,333 594,333 617,334 627,339 755,339"/><TextEquiv><Unicode/></TextEquiv><TextEquiv index="1"><Unicode>Heu quos ediderint lacrymarum lumina riuos,</Unicode></TextEquiv></TextLine><TextLine id="l8"><Coords points="131,372 223,370 460,368 532,366 574,367 574,334 237,337 174,339 91,338 91,374 128,374"/><TextEquiv><Unicode/></TextEquiv><TextEquiv index="1"><Unicode>Quiſc fatigarit pectora caſta dolor,</Unicode></TextEquiv></TextLine><TextLine id="l9"><Coords points="794,366 628,366 624,368 532,367 460,369 223,371 131,373 125,376 96,376 74,373 55,373 55,406 190,405 238,402 618,401 637,402 648,409 794,410"/><TextEquiv><Unicode/></TextEquiv><TextEquiv index="1"><Unicode>Lingua referre nequit, calamus non ſcribere;ſenſu</Unicode></TextEquiv></TextLine><TextLine id="l10"><Coords points="583,434 583,402 238,403 190,406 106,407 106,435 533,435"/><TextEquiv><Unicode/></TextEquiv><TextEquiv index="1"><Unicode>Non valet, humana nec ratione capi.</Unicode></TextEquiv></TextLine><TextLine id="l11"><Coords points="52,468 655,468 655,436 52,436"/><TextEquiv><Unicode/></TextEquiv><TextEquiv index="1"><Unicode>Sacra manus referat, cœlo delapſa per auras</Unicode></TextEquiv></TextLine><TextLine id="l12"><Coords points="623,501 623,470 542,468 503,470 226,470 184,472 105,472 105,502 487,502"/><TextEquiv><Unicode/></TextEquiv><TextEquiv index="1"><Unicode>Cerneret vt domini funera aceiba ſui.</Unicode></TextEquiv></TextLine><TextLine id="l13"><Coords points="640,502 273,503 186,506 58,506 52,505 52,538 116,537 248,537 306,535 567,534 600,534 610,539 640,539"/><TextEquiv><Unicode/></TextEquiv><TextEquiv index="1"><Unicode>Virginis ingentes quæ commiſerata dolores</Unicode></TextEquiv></TextLine><TextLine id="l14"><Coords points="547,567 547,536 306,536 248,538 105,539 105,568 523,568"/><TextEquiv><Unicode/></TextEquiv><TextEquiv index="1"><Unicode>Officio mœrens aſtitit vſque pio.</Unicode></TextEquiv></TextLine><TextLine id="l15"><Coords points="759,568 328,569 286,571 156,571 93,573 66,573 50,571 50,607 105,607 220,602 461,602 554,600 647,600 652,601 661,607 759,607"/><TextEquiv><Unicode/></TextEquiv><TextEquiv index="1"><Unicode>Quæ triſtcm ex oculs imbrem, vultuque cadentem</Unicode></TextEquiv></TextLine><TextLine id="l16"><Coords points="517,635 598,633 598,601 461,603 220,603 103,608 103,637 216,637"/><TextEquiv><Unicode/></TextEquiv><TextEquiv index="1"><Unicode>Legit, &amp; ad ſummi pertulit ora patris.</Unicode></TextEquiv></TextLine><TextLine id="l17"><Coords points="727,635 518,635 416,637 217,637 156,640 68,639 68,672 218,669 547,668 686,666 697,673 728,673"/><TextEquiv><Unicode/></TextEquiv><TextEquiv index="1"><Unicode>Dicite Cælicolum vos agmina candidanam vos</Unicode></TextEquiv></TextLine><TextLine id="l18"><Coords points="648,700 648,668 346,669 104,672 104,701 592,701"/><TextEquiv><Unicode/></TextEquiv><TextEquiv index="1"><Unicode>Afſiduo hæc cantu commemorare iuuat.</Unicode></TextEquiv></TextLine><TextLine id="l19"><Coords points="728,701 593,701 514,703 336,702 183,705 55,704 55,738 100,738 116,736 207,737 264,735 481,734 611,734 628,735 633,738 728,738"/><TextEquiv><Unicode/></TextEquiv><TextEquiv index="1"><Unicode>Dicite vt immenſos fluctus, animique procellas</Unicode></TextEquiv></TextLine><TextLine id="l20"><Coords points="577,767 577,735 106,738 106,769 455,769"/><TextEquiv><Unicode/></TextEquiv><TextEquiv index="1"><Unicode>Clauſeiit anguſto virgo pudicaſinu.</Unicode></TextEquiv></TextLine><TextLine id="l21"><Coords points="728,767 618,767 455,770 230,770 184,772 69,771 69,805 550,800 670,800 686,801 692,805 728,805"/><TextEquiv><Unicode/></TextEquiv><TextEquiv index="1"><Unicode>Ingenuus net enim pudor vnguibus ora ſinebat</Unicode></TextEquiv></TextLine><TextLine id="l22"><Coords points="632,833 632,803 269,803 130,805 103,807 103,834 568,834"/><TextEquiv><Unicode/></TextEquiv><TextEquiv index="1"><Unicode>Mœſta, vel incomptas dilcerare comas:</Unicode></TextEquiv></TextLine><TextLine id="l23"><Coords points="495,867 666,867 666,834 569,834 488,836 247,836 178,839 102,839 58,837 58,869 254,870"/><TextEquiv><Unicode/></TextEquiv><TextEquiv index="1"><Unicode>Virgineum infeſtis pectus vel tundere palmis,</Unicode></TextEquiv></TextLine><TextLine id="l24"><Coords points="663,868 358,869 254,871 64,870 64,902 422,902 564,900 594,902 663,902"/><TextEquiv><Unicode/></TextEquiv><TextEquiv index="1"><Unicode>Tollere vel querulos ſidera ad alta ſonos.</Unicode></TextEquiv></TextLine><TextLine id="l25"><Coords points="553,934 553,902 347,902 193,905 109,905 58,903 58,936 273,936"/><TextEquiv><Unicode/></TextEquiv><TextEquiv index="1"><Unicode>Dicite vt in cari lethalia vulnera nati,</Unicode></TextEquiv></TextLine><TextLine id="l26"><Coords points="621,966 621,935 274,936 124,939 104,938 104,969 351,969"/><TextEquiv><Unicode/></TextEquiv><TextEquiv index="1"><Unicode>Inuiſamq; crucem luminæ fixa tenens,</Unicode></TextEquiv></TextLine><TextLine id="l27"><Coords points="660,969 644,968 559,967 515,969 293,969 155,972 91,972 55,970 55,1000 660,1000"/><TextEquiv><Unicode/></TextEquiv><TextEquiv index="1"><Unicode>Hæc tacitoſecum verſarit pectore, apertis</Unicode></TextEquiv></TextLine><TextLine id="l28"><Coords points="591,1032 591,1001 448,1003 378,1003 311,1001 237,1004 104,1006 104,1033 531,1033"/><TextEquiv><Unicode/></TextEquiv><TextEquiv index="1"><Unicode>Attamen in triſti fronte relata notis:</Unicode></TextEquiv></TextLine><TextLine id="l29"><Coords points="631,1033 532,1033 418,1036 257,1036 205,1038 68,1037 68,1064 631,1064"/><TextEquiv><Unicode/></TextEquiv><TextEquiv index="1"><Unicode>Nate meæ vires, mea lux, dulciſſime nate,</Unicode></TextEquiv></TextLine><TextLine id="l30"><Coords points="105,1068 105,1101 585,1101 585,1068"/><TextEquiv><Unicode/></TextEquiv><TextEquiv index="1"><Unicode>Vnica vitæ ſpes præſidiumque meæ.</Unicode></TextEquiv></TextLine><TextLine id="l31"><Coords points="111,1137 158,1136 217,1136 273,1134 482,1134 538,1131 667,1129 667,1102 349,1102 197,1104 69,1103 69,1139 109,1139"/><TextEquiv><Unicode/></TextEquiv><TextEquiv index="1"><Unicode>Quis mihi te eripuit, mortales inter vt omnes</Unicode></TextEquiv></TextLine><TextLine id="l32"><Coords points="502,1167 526,1165 615,1163 615,1131 538,1132 482,1135 273,1135 111,1138 105,1142 105,1168 397,1168"/><TextEquiv><Unicode/></TextEquiv><TextEquiv index="1"><Unicode>Sim magis infælix, quæ mage læta fui?</Unicode></TextEquiv></TextLine><TextLine id="l33"><Coords points="359,1207 467,1208 476,1207 486,1199 505,1199 514,1197 552,1195 678,1197 683,1200 716,1200 720,1202 724,1202 724,1193 755,1193 755,1160 665,1160 639,1164 556,1165 502,1168 240,1170 66,1169 66,1211 172,1211"/><TextEquiv><Unicode/></TextEquiv><TextEquiv index="1"><Unicode>Quod ſcelus, aut vnquam commiſ crimen, vt eſſem</Unicode></TextEquiv></TextLine><TextLine id="l34"><Coords points="774,1224 853,1224 853,1198 773,1198"/><TextEquiv><Unicode/></TextEquiv><TextEquiv index="1"><Unicode>na</Unicode></TextEquiv></TextLine><TextEquiv><Unicode/></TextEquiv></TextRegion></Page></PcGts>