1394 1408
265 3 548 31 BONHOMI.
779 5 915 50 A
44 44 620 84 Ergo quid aſpicio crudelia vulnera paſſum?
78 82 601 116 Cur video indignâ lumina preſſa nece?
18 113 720 147 Infandum & hominum genus, ſcelerata propago,
77 148 554 184 Edere qui tantum ſuſtinuere nefasl
40 182 736 218 Perfida gens, regem quæ perdere, quæq; parentem,
10 215 627 251 Quæ ſeruatoremproh ſcelus auſa ſuum.
43 248 687 285 Ingrati hæc Solymi, ſunt præmia digna laborum,
81 283 568 317 Quos ipſum veſtri ferre coegit amor?
44 316 574 350 Reddiur hæc illi pro donis gratia tantis,
81 349 683 384 Queis ſtuduit plen vos cumulare manu?
41 383 518 418 Ergo cruci palmæ figi potuere, ſaluti
80 416 536 452 Quæ mitis ægros reſtituere modis?
42 448 620 485 Ergo pedes clauis transfoſſi immitibus, alti
53 483 546 519 Æquora qui ſicci tranſiliere maris?
43 514 692 554 Quid ſpinis caput intextum pungentibus, Orcum
76 549 628 586 Quod nutu valuit, quodque ciere polum?
42 582 661 618 Obſcuros quid eerno oculos taboque fluentes,
79 615 580 653 Qui Solis poterant vincere luce iubar?
42 647 706 685 Cur clauſum os cœleſte, animas quod iuſſit ab oris
75 684 561 718 Inſolitam Stygiis ſæpe redire viam?
40 706 715 751 Heu cur pectus hiat tranſactm cuſpide acutâ?
75 749 658 787 Sæuit in extinctum quæ violenta latus?
42 778 744 814 Ah rabies fera, iam exanimem lacerare; nec hoſtis
77 818 612 853 Sanguinis infandam pellere cæde ſitim.
40 844 681 885 Cætera fixerunt nati plantasque manusque
77 884 692 917 Vulnera; at hoc miſeræ corda parentis adit.
41 918 620 954 Hic olim in templo gladius fuit ille doloris
79 951 599 986 Veridico cecinit quem ſacer ore ſenex:
1 983 689 1019 Traiicere hæc medius qui viſcera debuit, vllum
76 1016 744 1046 Non adhibere tamen luctibus hiſce modum
40 1051 637 1086 His me ſæua poteſt mors vna exſoluere curis,
80 1072 717 1119 Sola tuæ haneanimam iungere nate poteſt.
40 1115 725 1148 Talia dum ſecum verſat, dum fluminis inſtar,
77 1151 549 1186 Pallentes vultus flebilis vnda rigat.
42 1184 668 1220 Voluere viſa acies,totaque effundere vires
513 1218 614 1247 H2
902 1259 981 1292 i
