1432 1429
337 6 608 41 BONHOMI.
72 48 749 86 Dura quidem mihi, dum cariſſima pignora tollis
115 83 635 116 Dum nati innocuo tota cruore mades.
70 116 719 153 Hic ne virgo pias repetat miſeranda querelas
107 150 659 183 Atque iterum ingenti victa dolore cadat.
75 183 828 219 Stringentem manibus, lambentemque ore cruorem:
109 217 619 253 Abſtrahere infauſta vix potuere trabe.
72 250 785 288 Luctantemq; adnixi humeris, manibusq; frequentes
83 284 599 316 Aligerum attollunt officioſa cohors.
71 318 675 351 Solari certant afflictam & multa querentem,
78 351 663 384 Quæ poterant Libycæ flectere corda feræ.
68 384 831 427 Non periiſſe etenim narrant, quem luget ademptum,
66 418 597 444 At vires mortis iam domuiſſe feras.
52 452 745 486 Vtque triumphator memorant penetrarit in imos
110 486 579 511 Mortali immunis conditione ſinus:
70 518 706 552 Carceribus iamque effractis ſpoliarit Auerni
108 552 620 585 Mille beatorum, regna ſuperba, choris.
70 586 738 620 Vtque aderit iam iam lux tertia, in æthera nullum
79 620 645 655 Quo magis illuſtrem vexit Apollo diem.
48 654 589 686 Felix, & niueo lux illa notanda lapillo,
110 687 638 721 Inſculpi æterno digna adamante dies:
78 721 716 755 Tabida quæ membra atque atro fædata cruore
65 755 519 789 ,Oſtendet pura candidiora niue.
50 788 718 823 Hæc erit illa des, Dominus quam fecit, honoris
110 823 580 855 Vtque foret laudis, lætitiæque dies.
60 856 741 889 Luctibus illa modum ponet, finemque dolori:
105 890 639 915 Poſt lllam venient omnia læta diem.
60 922 775 956 Triſtis ad hæc paulum lacrymas, queſtus q; remittens
104 957 640 990 Mox iterum ad nati vulnera ſæua redit.
70 991 675 1025 Figit in illa acies, quæritque haurire liuorem
89 1023 699 1057 Luminibus, poſtquam non licet ore, ſacrum.
69 1059 695 1092 Atque immota manens oculis, & corpore toto
108 1092 689 1123 Ore tenus iunctas tendit vtrasque manus.
73 1122 714 1157 Curarum hic triſtes voluuntur pectore fluctm
106 1156 687 1192 Virginis, atque nouo lumina rore fluunt.
75 1190 683 1232 Qualis vbi amiſſo rectore per æquoris altum
740 1224 864 1267 ta-
