999 1378
269 58 834 114 4tIo.BERNARD. BONIFACI
204 114 694 151 Iactatur ſpatium non bene tuta ratis:
170 147 823 185 Inſurgunt hinc inde Eurus, Boreasque furentes,
204 181 763 217 Nimboſus que Auſter, terribilis que Notus.
167 215 720 244 Et totum mare vertentes a ſedibus imis,
205 248 777 285 Cæruleum regem, & monſtra matina cient.
171 282 843 318 Grandineque, & pluuiis nox ponto inducitur atra,
204 317 762 350 Et crebro iratus Iuppiter igne micat.
160 348 732 384 At puppis modo iactatur ſublimis ad aſtra,
204 383 728 417 Vndoſis modo ſubmergitur ima vadis.
172 417 776 449 Talis in immenſum curarum tollitur æquor
203 450 715 484 Extinctum lugens Regia virgo ducem.
168 482 719 517 Igneaque ardenti repetens ſuſpiria corde
201 515 719 549 Profuſis lacrymis ora, ſinusque rigot.
167 544 776 582 Sic nati ſeruans corpus pia virgo perempti
198 583 661 617 Adſtabat nimio preſſa dolore cruci.
192 673 922 713 IO. BERNARDINI BONIFA
320 723 844 763 CIINEAPOLITANI.
402 776 702 812 De lterærum contemptu.
161 879 802 923 Litera prima abiit:nam nunc decerpitur Aurum:
194 919 810 959 Hoc eſt magnus honos; quo ſine magnus vos.
210 999 894 1047 IO. FRANC C OORDINI.
295 1078 850 1113 In aream D. Petrieffigiem Traiani columna
441 1113 630 1146 ſuperimpoetam.
149 1150 858 1209 DSPICE pro vanis veros, Romane, triumpho
224 1182 868 1220 2Tuq; triumphantem ſuſcipe, Roma, ducem.
154 1216 677 1250 In, qui Romanas venit piſcator ad oras,
138 1249 765 1290 Qique crucis probrum ſupliciumq; tulit;
829 1287 952 1327 Is nune
