995 1346
397 31 718 59 HIERONYMI
178 42 236 65 4
182 71 812 100 Carmina fœmineis, noctis modu atur in vmbrâ
182 106 834 140 Seu blandum ſperans cantu lænire venenum;
178 138 840 172 Flectere ſeu formæ faſtus dominamq; motantem.
179 172 755 205 Ex illo iam creuit amor creſcentibus annis,
182 204 773 239 Biſſenos iterans ſuſpiria longa per annos.
183 239 759 272 Hincin amore valet tantum patientia voti
182 273 819 305 Compos vterque abiit concordi fœdere coniux.
179 306 774 339 Namque vbi ſpectatâ iuuenis virtute Cupido
177 337 777 376 Perſuaſit ſponſæque ſimul rigidæque parenti,
177 372 776 406 Et longo ambarum inflexit certamine ſenſus;
177 405 760 436 Victor ad Inarimes lucos reuolauit amœnos,
177 436 736 469 Mater vbi inſanos vitare adſueuerat æſtus,
178 470 741 505 Ac dominâ inuitante loci captare quietem:
178 504 844 543 Dum Paphiis præfert Auales tecta hoſpita templis.
179 538 726 573 Coniugii tum forte noui præſaga nitentes
177 571 805 606 Pingebat Cytheræa genas ; Charitesq; ſecundo
178 603 775 640 Obſequio adſtabant:crines nodabat in aurum
175 637 735 675 Altera; berillis fulgentibus altera peplum
174 670 640 708 Inſignibat; odorato ſed rore rigabat
176 704 757 739 Tertia diuinos ephyris mulcentibus artus.
174 738 789 775 Nec procul hinc patulâ ſub quercu Pana ciebat
174 771 840 805 mulus ad calamos Hymenæus; & aurea collo
172 804 722 841 Tibia pendebat rutilis ornata hyacinthis.
166 838 692 874 Tunc improuiſus ſic ore effatur anhelo:
172 870 708 911 O felix cœtuslſimul ſaluete reperta
171 905 729 940 Numina lætitiæ, vacuisque obnoxia curis.
168 938 736 977 Pro quantos genitrix fato variante labores
168 972 782 1011 Perulimuslquantos æſtus nimbosq; ſonanteis
168 1004 711 1041 Ante fores, Nymphæ veſtigia nota ſecutil
168 1037 782 1079 Sub diuo quid humi toties iacuiſſe? quid artes
167 1073 803 1110 Tentatas memorem magicas?poſt mille repulſas
167 1104 807 1141 Quid ſpes ſurgentes? quid eadem luce renaſci
164 1139 797 1174 Atque mori?numerisq; nouis an carmina dicam
166 1169 747 1210 Tot modulata?ipſas etiam mulcentia tigres;
164 1203 719 1242 Sed duram vnius ſero flectentia mentem?
865 1248 944 1286 Quid
