1385 1417
317 1 561 28 BORGI.
28 45 677 81 Iupiter in terris tot inertes ſceptra tenenteis
26 81 577 114 Indignatus, & eximijs virtutibus olim
30 114 623 141 Præſtanten meliora virum ſub fata daturus
29 147 646 181 Qui lætos faciat populos vrbeisq; beatas,
34 180 615 213 Vos me comubio ſtabili coniungerc iuſſit;
30 214 652 247 Surgat vt egregijs genitoribus optima proles:
33 247 573 280 Proles iuſtitiam late caſtumq; pudorem
33 282 752 316 Quæ doceat populos & in omnem diuidat orbem
33 315 630 347 Hæc duo amabilibus vinclis per mutua ciues
48 348 700 375 Munera conciliant, vrbes & moribus ornant.
33 381 704 415 Namq; ſub arcanis tanta eſt clementia cœli
33 415 704 448 Viſeeribus terræ latuere animantia quondamt
49 448 689 482 Tum pater informenmiſeratus ab æthere vitam
33 481 577 515 Palladis auxilio Vulcaniq; arte ſub auras
33 513 586 549 Edidit attonite nitidum mirantia Solem.
33 548 699 581 Cumq; vagi in ſyluis homines ſine mœnibus vllis
33 582 590 615 Errarent, paſſimq; feris immanibus artus
47 616 614 651 Ah miſeros irent laniatiin pabula tetra;
34 650 614 682 In cœtum excitos prædura redegit egeſtas,
48 683 632 715 Ae munire inopem monſtrauit limite vitam.
49 716 584 745 Nic miſeris orta eſt iniuria maior alumna
34 749 604 784 Inuidiæ; quando ciuilem acceperat artem
32 784 731 824 Nondum etiam ignarum diuino à Numine vulgus.
33 817 607 850 Ergo graue inter ſe cognato funere bellum
33 850 660 892 Dum miſcent, iterum tectis atque vrbe relictâ
33 883 538 916 Palantes fiunt infelix præda ferarum.
51 917 682 950 Sed Deus humanæ dum proſpicit ipſe ſaluti,
42 951 630 984 Mercurio mandat, cunctis vt gentibus æque
50 983 645 1015 Dona duo illa Deûm latas diſpenſer in vrbes;
42 1016 607 1050 Inſerat & cœli per ſingula corda decorem:
38 1050 684 1083 Lege tamen poſita, quiſquis deprenditur expers
52 1083 716 1117 Muneris ætherij tamquam Phlegethontia peſtis
53 1115 641 1150 Ad Stygia vltricitruncus ruat antra ſecuri.
40 1150 674 1182 Quo circa, quoniam regum pudor exulat aulis,
37 1181 673 1215 Impuramq; ſoror tellurem Aſtræa refugit;
778 1215 833 1242 e
