1001 1346
421 17 746 49 HIERONYMI
187 30 249 56 49C
202 67 752 102 Te duce molimur populos factura beatos,
202 102 775 136 Qualia iam mundo viguerunt ſæcla recenti.
202 135 800 167 Tunc Dij paſtores hominum vigilesq; fuere
200 169 807 202 Cuſtodes, alimenta vni ſat cuique parantes:
202 201 817 234 Ceu ſunt nunc homines, quorum diuinior altè
200 237 771 268 Natura excellit, pecorum ratione carentum
197 269 858 302 Paſtores; tegetem neque dedignantur eamdem
198 302 705 336 Sic veteres facili ſub libertate vagantes
198 335 855 367 Tercentum explebant numeris melioribus annos.
197 370 672 403 At tu venturo regi incunabula virgo
196 403 823 435 Progenitura; Deæ cape iam præcepta monentis.
196 435 703 463 Prima tibi mores ſit lex Iſabella mariti.
196 468 876 502 Quam vir & vxor enim concordi more gubernant
195 501 762 536 Rite domum, felix hanc auget diuite cornu
194 535 906 575 Copia: quin tendunt quo vota obnixa parentum
194 569 774 601 Oud mortale fuit, genus immortale futura
196 602 802 637 Ds opus in primis gratum per ſecula ſeruat.
192 635 761 669 Ille foris parat; illa domi bene parta tuetur.
194 668 813 702 Poſt vbi facta parens decimo iam ſidere partum
190 702 746 738 Læta dabis; teneris illum fac educet annis
195 735 820 772 Muſa fouens gremio, generoſisq; imbuat actis;
195 770 905 803 Nec videat quicquam, niſi magnum aut audiat infans.
193 803 792 838 Hinc Solis numerare vias mentemq; per orbes
192 836 861 871 NÆtherios agitare, bonumq; exquirere ſummum.
66 853 103 892 I
191 869 747 898 Et rerum arcanas adſueſcat noſcere cauſas,
192 902 716 937 Gaudeat & toto reminiſci priſtina cœlo.
190 937 789 972 Gymnica præterea tenerum certamina corpus
189 969 756 1001 Erudiant, animo & Lethæa obliuia tollant,
188 1003 785 1037 Sic animus geminis alis iniſus in altum
187 1037 760 1073 Tollitur, ac verum cernens in lumine puro,
185 1072 722 1105 In terras victor cœleſtia regna reportat,
185 1104 703 1140 Diuinas furatus opes fulgentis Olympi.
182 1135 878 1173 Qualis in algentem limum effigiemq; Promtheus
182 1170 765 1202 Viuacem genium miſſurus, ab æthere furtim
181 1200 753 1245 Abſtulit arcanis pollentem riribus ignem
909 1243 965 1270 Nee
