1396 1447
304 1 579 24 BORAGIÆ.
790 7 831 33 5oi
34 40 606 78 At pius Herricius qui ſacra ſororibus pltro
35 77 630 110 Pierijs ſua rite facit, vatemq; cadentem
36 110 656 145 Puppe manu erexit, diâ cum coniuge victor
39 144 635 178 Inprerio ſublimis erit dum cantus olorum
39 178 668 211 Clara per ora virum cunctis memorabitur oris.
40 212 614 245 Ne genij remorare iocos, ne carpere florem
1 245 696 279 Optatum prohibe: citharam iam pone Camæna.
1 278 590 308 os tamen interea fatalem voluite fuſum
1 312 565 346 Coniugibus Parcæ felicia filatrahentes.
1 346 677 379 Iam pueri præferte faces: Hymenæe pudorem
40 379 643 413 Solue rudem onamq; toro. cantabitur olim
40 414 644 446 Onatinanimes vincula grata parentum;
41 446 546 478 O & paſtores, o dulcia fulcra ſenectæ:
41 480 602 512 Cum parui Herricij paruis in curribus aula
39 512 751 541 Colludent; ſomnumve leuem cum ſedula nutrix
37 545 583 580 Ipſa ciens cantu cunabula picta mouebit.
39 580 701 613 Nunc vos vnanimes generate ſub vltima prolem
1 613 676 643 Secula manſuram; donec noua ſemina fundens
40 647 567 680 Voluitur a fato naturæ præſide mundus.
62 703 792 733 ttrortrr
167 749 682 783 IANISAII
218 799 623 826 COSENTINI.
344 844 500 867 Ad Venerem.
3 877 703 920 ONte ſollicito votis, Dca mater Amorum,
41 915 698 951 Quæ Golgos, ſanctum quæ colis Idalium
39 950 600 982 Ille tibi templum ſtatuat, tibi dedicet aras,
73 984 650 1018 Quem latices Bacchi, lautaq; menſa iuuant
40 1017 591 1051 Et qui Pompeià lentus ſpatiatur in vmbrâ,
75 1051 535 1083 Perculſus telis cotda, Cupido, tuis.
39 1081 650 1118 Aſt ego, cui tantum ſatis eſt fluuiusq; Ceresq;,
71 1118 634 1151 Et quem Pieridum per iuga raptat amor:
40 1147 761 1188 Cœleſtem veneror Venerem, quæ pectora flammis
71 1185 559 1223 Excitat æthereis ad pia ſacra Deûim.
688 1208 826 1236 Et iu-
503 1217 573 1246 Ii3
820 1300 881 1323 A
890 1289 994 1332 v
