1010 1348
503 29 623 54 IANI
183 70 821 105 Et iubet obſcuri contemnere præmia vulgi;
220 104 716 146 Quæ rapit, & ſenſim deuorat ipſa dies.
408 140 621 171 Ee Vlctori uell..
186 171 709 208 Altera nunc felix Romæ Victoria ſloret:
221 205 721 241 Diſceſſit nigr quæ Styge nata fuit.
186 236 795 269 ribus illa hominum fuit, illa cnoxia fraudi
221 272 718 307 Fortunæ, alternat quæ maleſida vices.
186 304 768 343 Hæc orta eſt Superûm iuſſu felicibus aſtris;
220 339 711 375 Perpetuum claræ quæ decus vrbis erit.
186 371 740 407 Illa cruenta fuit, populisq; inuiſa ſuperbis,
221 408 747 442 Quin perferre diu non potueie ugum.
186 438 805 473 Hæc mihi ingenio, hæc vultu ſpectanda decoro,
220 471 683 505 Mulceret Libycas Armeniasq; feras.
185 502 931 541 Adde quod, hanc Titan ſtupidus dum ſpectat ab alto,
221 537 731 572 Immemor Heſperiæ Tethyos eſſe ſolet.
387 573 545 597 De camil.
186 605 761 636 ellatrix fuerat, Volſcorum fama, Camilla:
220 640 733 671 Noſtra ſed hæc etiam tela cruenta gerit.
186 672 686 705 Illa olim Teucris inflixit vulnera: figit
219 707 721 739 Hæc armis iuuenum corda Cupidineis.
411 741 693 765 Ad PaullumIIPPM.
184 773 727 809 Vt i plus ſolito Phœbus latitaret in vndis,
218 807 724 842 Orba ſuâ tellus lampade. mœſta foret:
181 841 739 874 Ile ſed autatos ſi promeret æquore crines,
219 874 728 904 Lætior hæc eſſet, floribus aucta nouis.
180 906 851 941 Non tua per multos non ſpectans lumina, Paulle,
188 941 694 973 Roma dies, doluit tectaq; nubefuit.
178 975 699 1008 Aſt vbi gemmato tranſiſti mœnia curru,
213 1008 678 1036 Ac tua frons viſa eſl ſidere lucidior;
181 1043 810 1077 Lux redit, & cunctos pertentant gaudia ciues,
211 1075 786 1112 Exultantq; viæ templa, theatra, domus.
405 1112 544 1134 I Claricem.
180 1138 829 1177 Tantus in ore vigor; tantum tua lumina fulgent,
211 1177 750 1210 Vt durum veitas quemlibet in lapidem.
178 1210 779 1251 Tantus in ore lepos, tanta eſt tibi copia fandi,
846 1247 961 1282 Defun-
