<PcGts xmlns="http://schema.primaresearch.org/PAGE/gts/pagecontent/2017-07-15" xmlns:xsi="http://www.w3.org/2001/XMLSchema-instance" xsi:schemaLocation="http://schema.primaresearch.org/PAGE/gts/pagecontent/2017-07-15 http://schema.primaresearch.org/PAGE/gts/pagecontent/2017-07-15/pagecontent.xsd"><Metadata><Creator>User123</Creator><Created>2020-04-25T21:20:19</Created><LastChange>2020-04-25T21:20:19</LastChange></Metadata><Page imageFilename="0540.png" imageHeight="1348" imageWidth="1010"><TextRegion id="r0" type="paragraph"><Coords points="1,1 1008,1 1008,1346 1,1346"/><TextLine id="r0_l001"><Coords points="503,29 503,54 623,54 623,29"/><TextEquiv index="1"><Unicode>IANI</Unicode></TextEquiv></TextLine><TextLine id="r0_l002"><Coords points="132,44 132,66 226,66 226,44"/><TextEquiv index="1"><Unicode>o2</Unicode></TextEquiv></TextLine><TextLine id="r0_l003"><Coords points="821,74 796,73 793,70 342,70 293,72 284,75 183,74 183,105 607,105 646,103 718,105 821,105"/><TextEquiv index="1"><Unicode>Et iubet obſcuri contemnere præmia vulgi;</Unicode></TextEquiv></TextLine><TextLine id="r0_l004"><Coords points="381,145 389,140 467,137 505,139 653,138 660,142 667,143 716,143 716,105 646,104 554,107 453,107 237,113 220,112 220,146 367,146"/><TextEquiv index="1"><Unicode>Quæ rapit, &amp; ſenſim deuorat ipſa dies.</Unicode></TextEquiv></TextLine><TextLine id="r0_l005"><Coords points="408,140 408,171 621,171 621,140"/><TextEquiv index="1"><Unicode>Ee Vlctori uell..</Unicode></TextEquiv></TextLine><TextLine id="r0_l006"><Coords points="504,205 709,204 709,171 559,171 500,172 442,175 366,175 360,174 355,171 186,171 186,208 408,208"/><TextEquiv index="1"><Unicode>Altera nunc felix Romæ Victoria ſloret:</Unicode></TextEquiv></TextLine><TextLine id="r0_l007"><Coords points="634,237 716,237 721,236 721,205 504,206 408,209 221,210 221,241 428,241"/><TextEquiv index="1"><Unicode>Diſceſſit nigr quæ Styge nata fuit.</Unicode></TextEquiv></TextLine><TextLine id="r0_l008"><Coords points="795,236 722,236 716,238 566,239 519,241 429,241 397,243 321,243 298,245 186,243 186,269 795,269"/><TextEquiv index="1"><Unicode>ribus illa hominum fuit, illa cnoxia fraudi</Unicode></TextEquiv></TextLine><TextLine id="r0_l009"><Coords points="533,305 718,303 718,272 583,272 470,275 221,277 221,307 490,307"/><TextEquiv index="1"><Unicode>Fortunæ, alternat quæ maleſida vices.</Unicode></TextEquiv></TextLine><TextLine id="r0_l010"><Coords points="784,304 533,306 427,309 367,308 244,311 186,310 186,342 287,343 519,340 571,338 733,337 759,338 766,341 771,346 784,346"/><TextEquiv index="1"><Unicode>Hæc orta eſt Superûm iuſſu felicibus aſtris;</Unicode></TextEquiv></TextLine><TextLine id="r0_l011"><Coords points="559,373 595,371 711,371 711,339 571,339 391,343 220,344 220,374 222,375 397,375"/><TextEquiv index="1"><Unicode>Perpetuum claræ quæ decus vrbis erit.</Unicode></TextEquiv></TextLine><TextLine id="r0_l012"><Coords points="740,404 740,371 299,377 240,377 221,375 186,375 186,407 457,407"/><TextEquiv index="1"><Unicode>Illa cruenta fuit, populisq; inuiſa ſuperbis,</Unicode></TextEquiv></TextLine><TextLine id="r0_l013"><Coords points="408,441 457,438 585,436 747,437 747,408 425,408 221,410 221,442 335,442"/><TextEquiv index="1"><Unicode>Quin perferre diu non potueie ugum.</Unicode></TextEquiv></TextLine><TextLine id="r0_l014"><Coords points="805,438 514,438 430,440 408,442 186,444 186,473 432,473 457,471 679,470 724,470 731,471 734,473 805,473"/><TextEquiv index="1"><Unicode>Hæc mihi ingenio, hæc vultu ſpectanda decoro,</Unicode></TextEquiv></TextLine><TextLine id="r0_l015"><Coords points="683,503 683,471 457,472 432,474 373,475 220,476 220,505 426,505"/><TextEquiv index="1"><Unicode>Mulceret Libycas Armeniasq; feras.</Unicode></TextEquiv></TextLine><TextLine id="r0_l016"><Coords points="946,505 937,505 931,502 726,502 702,504 648,505 427,505 305,509 185,509 185,541 335,541 373,539 459,539 480,537 571,538 643,536 784,536 792,541 946,541"/><TextEquiv index="1"><Unicode>Adde quod, hanc Titan ſtupidus dum ſpectat ab alto,</Unicode></TextEquiv></TextLine><TextLine id="r0_l017"><Coords points="731,538 643,537 571,539 480,538 459,540 373,540 335,542 221,543 221,572 731,572"/><TextEquiv index="1"><Unicode>Immemor Heſperiæ Tethyos eſſe ſolet.</Unicode></TextEquiv></TextLine><TextLine id="r0_l018"><Coords points="387,573 387,597 545,597 545,573"/><TextEquiv index="1"><Unicode>De camil.</Unicode></TextEquiv></TextLine><TextLine id="r0_l019"><Coords points="76,569 76,633 112,633 112,569"/><TextEquiv index="1"><Unicode></Unicode></TextEquiv></TextLine><TextLine id="r0_l020"><Coords points="186,605 186,636 761,636 761,605"/><TextEquiv index="1"><Unicode>ellatrix fuerat, Volſcorum fama, Camilla:</Unicode></TextEquiv></TextLine><TextLine id="r0_l021"><Coords points="220,640 220,671 733,671 733,640"/><TextEquiv index="1"><Unicode>Noſtra ſed hæc etiam tela cruenta gerit.</Unicode></TextEquiv></TextLine><TextLine id="r0_l022"><Coords points="186,672 186,705 686,705 686,672"/><TextEquiv index="1"><Unicode>Illa olim Teucris inflixit vulnera: figit</Unicode></TextEquiv></TextLine><TextLine id="r0_l023"><Coords points="219,707 219,739 721,739 721,707"/><TextEquiv index="1"><Unicode>Hæc armis iuuenum corda Cupidineis.</Unicode></TextEquiv></TextLine><TextLine id="r0_l024"><Coords points="411,741 411,765 693,765 693,741"/><TextEquiv index="1"><Unicode>Ad PaullumIIPPM.</Unicode></TextEquiv></TextLine><TextLine id="r0_l025"><Coords points="66,798 72,792 72,772 40,772 40,799 63,799"/><TextEquiv index="1"><Unicode></Unicode></TextEquiv></TextLine><TextLine id="r0_l026"><Coords points="503,808 545,806 727,806 727,773 527,773 471,775 356,773 184,773 184,808 356,809"/><TextEquiv index="1"><Unicode>Vt i plus ſolito Phœbus latitaret in vndis,</Unicode></TextEquiv></TextLine><TextLine id="r0_l027"><Coords points="675,839 724,840 724,807 545,807 503,809 356,810 218,809 218,842 357,842"/><TextEquiv index="1"><Unicode>Orba ſuâ tellus lampade. mœſta foret:</Unicode></TextEquiv></TextLine><TextLine id="r0_l028"><Coords points="107,802 38,802 38,842 107,842"/><TextEquiv index="1"><Unicode></Unicode></TextEquiv></TextLine><TextLine id="r0_l029"><Coords points="739,841 526,841 357,843 209,843 181,841 181,874 739,874"/><TextEquiv index="1"><Unicode>Ile ſed autatos ſi promeret æquore crines,</Unicode></TextEquiv></TextLine><TextLine id="r0_l030"><Coords points="36,859 36,897 107,897 107,859"/><TextEquiv index="1"><Unicode></Unicode></TextEquiv></TextLine><TextLine id="r0_l031"><Coords points="728,875 572,874 244,877 219,876 219,904 728,904"/><TextEquiv index="1"><Unicode>Lætior hæc eſſet, floribus aucta nouis.</Unicode></TextEquiv></TextLine><TextLine id="r0_l032"><Coords points="851,906 708,906 408,910 327,909 207,910 180,908 180,941 851,941"/><TextEquiv index="1"><Unicode>Non tua per multos non ſpectans lumina, Paulle,</Unicode></TextEquiv></TextLine><TextLine id="r0_l033"><Coords points="104,909 33,909 33,947 104,948"/><TextEquiv index="1"><Unicode></Unicode></TextEquiv></TextLine><TextLine id="r0_l034"><Coords points="694,941 505,941 312,944 188,942 188,973 694,973"/><TextEquiv index="1"><Unicode>Roma dies, doluit tectaq; nubefuit.</Unicode></TextEquiv></TextLine><TextLine id="r0_l035"><Coords points="103,949 31,948 31,992 103,992"/><TextEquiv index="1"><Unicode>II</Unicode></TextEquiv></TextLine><TextLine id="r0_l036"><Coords points="699,1007 699,975 438,975 337,977 231,977 178,975 178,1008 549,1008"/><TextEquiv index="1"><Unicode>Aſt vbi gemmato tranſiſti mœnia curru,</Unicode></TextEquiv></TextLine><TextLine id="r0_l037"><Coords points="678,1008 213,1010 213,1036 678,1036"/><TextEquiv index="1"><Unicode>Ac tua frons viſa eſl ſidere lucidior;</Unicode></TextEquiv></TextLine><TextLine id="r0_l038"><Coords points="841,1045 819,1043 181,1043 181,1074 317,1077 493,1076 524,1074 841,1077"/><TextEquiv index="1"><Unicode>Lux redit, &amp; cunctos pertentant gaudia ciues,</Unicode></TextEquiv></TextLine><TextLine id="r0_l039"><Coords points="786,1077 642,1077 603,1075 524,1075 493,1077 317,1078 211,1076 211,1112 368,1112 398,1108 444,1108 468,1110 597,1109 603,1112 786,1112"/><TextEquiv index="1"><Unicode>Exultantq; viæ templa, theatra, domus.</Unicode></TextEquiv></TextLine><TextLine id="r0_l040"><Coords points="405,1112 405,1134 544,1134 544,1112"/><TextEquiv index="1"><Unicode>I Claricem.</Unicode></TextEquiv></TextLine><TextLine id="r0_l041"><Coords points="180,1138 180,1177 829,1177 829,1138"/><TextEquiv index="1"><Unicode>Tantus in ore vigor; tantum tua lumina fulgent,</Unicode></TextEquiv></TextLine><TextLine id="r0_l042"><Coords points="211,1177 211,1210 750,1210 750,1177"/><TextEquiv index="1"><Unicode>Vt durum veitas quemlibet in lapidem.</Unicode></TextEquiv></TextLine><TextLine id="r0_l043"><Coords points="178,1210 178,1251 779,1251 779,1210"/><TextEquiv index="1"><Unicode>Tantus in ore lepos, tanta eſt tibi copia fandi,</Unicode></TextEquiv></TextLine><TextLine id="r0_l044"><Coords points="846,1247 846,1282 961,1282 961,1247"/><TextEquiv index="1"><Unicode>Defun-</Unicode></TextEquiv></TextLine></TextRegion></Page></PcGts>