1389 1410
313 1 582 30 ABI
85 30 695 66 Befuncto vt poſis reddere cuique animam.
36 66 617 97 Non eſt cur dicam, Clarix, te ſemne natam
85 102 612 135 Mortali, ingenio, corpore, voce, Dea es,
253 136 471 167 TCun ulus Cynthiæ.
56 168 677 201 Conſtituit tumulum tibi Cynthia pulcor Iolas,
92 201 653 236 QuO laur is vitides explicat alta comas.
53 235 666 266 ac t frondeſcat, non riuo, non opus imbre:
88 268 599 301 Fletibus aſſiduisnam ſatis ille rigat.
52 300 726 335 Qui lugens ardenſque, manet ſub egmine lauri
56 335 655 370 Frondoſo, vel dm frigida ſæuit hiems.
247 368 536 402 De Ieſu h ſto Salutore.
38 401 718 441 Vt Phœbus, poſtquam Capri eſt ad cornualapſus
83 434 554 469 Paulatim nitens ſurgit, & alta petit;
37 467 673 506 Et ſenſim tenebræ decreſcunt noctis opacæ,
87 501 622 535 Longior ac terris naſcitur aliadies:
35 534 640 567 ic vbi tellurem cœlo deſcendit ab alto,
88 567 656 600 Seque vtero clauſit virginis ipſe Deus,
29 600 605 629 Prodiit in lucem; cuius dum creſceret ætas,
64 631 701 671 Reddita vis minor eſt Mortis & aucta Salus.
253 669 497 693 De Dauali Merina
30 698 739 740 Exultat frondens, tua dum videt ora Taburnus
85 734 617 768 Sublimemq, ſuo vertice vincit Atho;
32 767 634 801 Atlas tam longo quitempore ſuſtinet axem
72 799 622 829 Stelliferum, tals fundit ab ore ſonos:
28 833 647 867 Sub viridi iam nunc poſſum requieſcere pinu,
84 866 567 895 Tu cœlum ſubeas iure, Taburne, tuo.
38 900 720 936 Hoc vnum inuideo: Chaiitum tibi cura Merine
66 932 662 970 Pulcra dabit vires, hinc leue pondus erit.
240 968 537 998 Ad Liuiam cæcam.
27 999 737 1035 edderet vt Phum vindex Cytherea minorem,
61 1032 507 1066 Surripuit ftonti ſidera clara tuæ,
45 1062 699 1098 Inſeruitque polo, qubus obſcuratus Apollo,
60 1097 573 1123 Deſcendi valles triſtis ad Æmathias.
45 1130 631 1165 Liuia, ne doleas, iuſſu tibi lumina Patris
77 1164 692 1201 Reddet, luciferum iam Venus vlta Deum.
726 1196 853 1222 Nam
