1020 1349
421 22 623 48 IANI
192 34 239 58 5o4
190 66 750 101 Nam ſi vix vnum poterat perferre peruta
226 101 695 135 Terra, duos Soles qua ratione feret?
420 148 614 180 Fuga Turcarum.
191 186 806 222 Turcarum claſſis prope littora noſtra tonabat,
226 221 645 254 Cum piſces imo delituere mari;
192 253 804 296 Regia progenies ſpecula caput extulit altâ
228 288 711 321 Iunia, quæ regis tecta ſuperba colit.
193 321 797 354 Turcæ mirantes non vnquam lampada viſam,
226 354 719 387 Confeſtim rapidis vela dedere Notis:
192 387 753 414 Et dixere; Locum non fas violare: tuetur
226 419 833 462 Hunc Dea. Numinibus non licet eſſe pares.
440 466 692 497 Ad Parihenopem.
196 497 837 531 Nympha magis dilecta oculis pulcerrima Siren,
226 532 759 564 Carmine quæ cunctas vincis & ore Deas:
194 565 777 599 Ad tua ſi dabitur mihi littora ſacra redire
226 597 693 631 Perſoluam reduci debita vota Ioui.
192 630 790 665 Sed mihi cum taurus deſit, mihi deſit & agna:
227 665 811 698 Illa ego dona feram, quæ mihi Muſa dedit:
191 699 856 731 Dona Deis accepta magis quàm victima & aurum,
196 730 735 771 Etquidquid ſacris ignibus vrit Arabs.
416 772 679 805 De Caſare Lucano.
192 804 766 839 Cæſar bella gerens, Romanægloria gentis,
221 838 728 872 Miſit ſub Latium barbara colla iugum.
192 872 768 907 Lucanus frangens Fortunæ tela ſuperbæ,
226 905 655 938 Sidera virtutis noxia vincit ope.-
31 935 102 974 e
192 938 815 972 Quis non cernit inter maiori laude triumphet?
224 971 738 1005 Hic cœli victor; ſed fuit ille hominum.
28 973 102 1016 I
450 1006 700 1039 In Conſtantiam.
29 1014 101 1044 I
192 1036 814 1072 Non potuit ſeruare vrum Conſtantia; vt olim
26 1044 100 1071 RI
25 1072 101 1100 II
223 1073 643 1105 Alceftes: votum diripuere Noti.
24 1100 100 1145 I
188 1104 846 1148 Hoc tamen obtinuit precibus, ne tabida fletu,
224 1139 627 1171 Sola diu lect viueret in viduo.
189 1172 849 1206 Nondum ſigniferum Phœbus luſtrauerat orbem,
221 1205 731 1241 Ipſa etiam ad campos en volat Elyſios.
22 1199 98 1239 iii
21 1239 97 1297 I
859 1236 1018 1280 Ad Pæ-
