1381 1387
238 7 561 33 CÆSAREI.
778 18 821 41 505
240 53 494 86 Ad Parthenopen.
44 85 622 123 uod fubito tua terra ignes erectet. & agros
79 120 668 153 Puluere ſulphureo, pumicibuſque tegat,
46 153 670 188 Parthenope; non eſt cur mutes territa veſtem,
80 187 605 222 Prodigiumq; tuis ciuibus eſſe putes.
44 220 671 253 Mulciber vtnoſtri ſuperentur Numinis hoſtes,
48 253 657 289 Excudit chalybem, Cæſari & atma facit:
1 287 633 323 Intentuſque operi, perculsâ mente, veretur
1 320 615 355 Bellipotens Venerem ne petat ille ſuam.
49 354 577 389 Quare ventoſis accendit follibus ignes
82 388 579 422 Plus ſolito, vt citius perficiatur opus.
312 423 468 449 Ad Valliam:
50 455 569 489 Aliger vt feriat mortalia corda Cupido,
85 488 558 522 Peruolat Eoas Heſperiaſque domos.
50 521 709 556 Tu caput ſpeculis non vnquam, Vallia, profers,
82 555 607 588 Inque animos latitans ſpicula cæca iacis.
5 589 587 624 Sæpe mihi vitare licet quæ tela videntur;
84 620 642 656 Sed quæ non video; quei miſer effugiam?
323 657 445 680 De Laura.
47 687 711 721 Frondoſam in Laurum verſam eſt Peneia Daphne,
83 722 554 757 Iura pudicitiæ ne violanda forent.
3 754 596 792 Latous ſed vbi cœlum conſcendit Apollo,
82 789 616 823 In veterem formam pulcra puella redit:
51 822 785 856 Quæ modo non Daphne, ſed cunctis Laura vocatur,
54 856 609 890 Et mihiſolſtitij tempore, vt aura,placet.
250 891 601 921 De cuiuſdam Cæſaris auricula.
47 922 661 955 Dum validi gladium Montani dextera vibrat,
82 956 585 990 Abſcidit inſontem Cæfaris auriculam.
48 988 650 1023 Improba ſors, prauiq; tenax, inimicaq; recti,
85 1023 567 1055 Hoc ſaltem poteras abſtinuiſſe malo.
21 1055 641 1090 Truncari potuere manus, quæ plurima dona
83 1089 524 1122 Etemplis noctu ſurripuere ſacris.
49 1123 609 1157 Truncari potuere pedes, qui ſæpe lupana
79 1156 578 1181 Ad fœdum feſtibus lucibus ire ſolent.
47 1189 564 1224 n guttur potuit torqueri cuſpis acuta,
751 1219 830 1255 Quod
511 1223 583 1252 Iis
