1007 1344
454 18 599 45 IANI
207 59 775 95 Quod vomit in cunctos tetra venena Deos,
146 93 804 127 Auricula infelix quid fecit? Sors fera, perdis
210 125 828 163 Quæ bona ſunt, rebus parcis inepta malis.
394 161 601 194 De naali Chriſti.
175 194 738 227 Hoc nocte enituit Sol qui dat lumina Soli,
209 227 688 260 Quem peperit ſaluâ Virgo pudicitiâ.
176 259 806 294 Quis non miraclum ſapiens mirabitut illud?
205 293 703 327 Vna poteſt cunctos Nox ſuperare dies.
354 327 696 360 De ſtatuâ Philippi â Lione p.
179 359 784 393 Si ſtatuæ pofſet mentem inſpirare Leonis
212 393 648 426 Dædala mens, vcluri filtus lapeti;
176 426 792 458 Spectaret geminum tellus ſuſpenſa Philippum,
210 458 674 491 Neſciretq; vti traderet imperium.
335 494 661 524 De HenricoII. Call. Reg.
175 524 828 557 Cum Pacienricus ſtatuiſſet marmore templum,
206 558 691 592 Gradiuiq; pat is numia nulla forent;
180 591 813 625 Ille ferox præſes Thracum indignatur, & inquit.
211 625 705 659 Sic Henricemei es, ſic memor officij?
175 658 823 692 Non impune feres. Certamen vinxerat haſtis
210 693 649 726 Rex puris magna lætitiâ exiliens;
160 726 752 757 Et dum concurrit tectus fulgentibus armis,
211 759 735 793 Heu cadit, haſtilitempora fractus, equo.
180 791 811 826 Tellus contremuit, gemuitque exterrita curſum,
211 826 681 858 Et tanti Martem pœnituit ſceleris.
402 862 617 892 Neptuno.
173 888 822 926 Cum liquidas, Neptune, mihi libet ire per vndas,
206 926 684 959 Atq; ſubire fet ſæua pericla maris;
176 959 838 992 Te facilem præbe, & placidum caput exere ponto.
178 992 568 1027 Irati ne me ſorbeat ira freti.
181 1021 767 1059 Sltibi non potero mactare in littore taurum,
205 1060 752 1093 Marmore vel templum condere Tnario;
174 1093 876 1126 Nunquam ſe Pleias condet tamen æquore, nunqusm
203 1127 672 1160 Lædeum ſurget ſidus ab Oceano,
175 1159 831 1193 Quin laudes mea Muſa tuas, campoſq; liquentes,
207 1193 680 1227 Ad fratris tollet lucida regna tui
854 1225 973 1264 Det-
