1388 1413
293 1 558 24 CESAREI.
288 41 485 74 Defunambulo.
49 74 659 107 Extenfum procul a teirà percurrere unem
83 108 613 134 Et celſas audet ſcandere Tuica domos,
50 142 653 175 Exultithque, agri velut æquore, in aëre ludit,
85 175 641 209 Atque ex arte cadens, ſurgit vt aura leuis.
50 208 671 242 Iupiter vt vidit, primum dubitabat Olympum
85 242 647 276 Tentaret ſupcrum ne nouus ire Gygas:
234 344 527 374 De catell onraga.
40 375 674 409 Gonzagæ cuperet cum luno inferna catellum,
87 409 600 443 Quæ rarum fuerat delitium dominæ;
40 443 625 473 Mors tulit hanc illi, Plutonis amica rapacis,
87 475 626 510 Tergeminus mœret ſed canis ante fores.
40 508 721 544 Namq; videns pulcris Reginæ hanc ludere in vlnis,
84 544 544 576 Ipſe etiam fieri pulcia catella cupit.
294 579 427 610 De lce e.
51 610 642 644 Auertit faciem Glycere: ſed quo magis odit;
76 644 610 677 Me magis incendit, me magis vrit amor.
29 677 730 711 Blanda minus poterat: veiſuta hoc nouit, amantem
61 711 604 744 Mefugit.iratam quo magis ipſe ſequar.
262 747 477 771 De &. Veere.
25 779 630 813 Sæpe Venus patri dixit Cytherea Tonanti;
82 812 537 845 Me plures audent ſollicitare proci:
23 846 618 884 Sis vltor, natamq; precor defende pudicam,
80 879 612 912 Poſtulat hoc etiam qui tibi tela facit.
24 911 604 946 Iupiter amplexans hanc, dixit; filia cœle
74 946 574 978 Tu digna es, tu me filia digna patne.
22 979 585 1006 ol ſed vbi cæcum detexit crimen, & illa
81 1011 627 1046 Ilurima cum Getico vincula Marte tulit:
25 1045 595 1080 Intumuit genitor, iuſtaque excanduit irâ,
40 1079 599 1111 Et, nulla eſt fronti, dixit, habenda fides.
259 1113 535 1147 Amoris vctoria.
43 1145 634 1179 Ardentis potui cælare incendia Amoris,
59 1181 640 1222 Pugnauit donec cum Ratione Furor.
754 1203 819 1231 Poſt,
