1003 1346
454 27 585 50 IANI
170 68 736 100 Poſt, vbi deceſit Ratio, ſuperante Furore,
205 101 703 136 Intus Amor flagrans æſtuat atq; foris.
396 137 673 163 Amor, loco amimæ.
173 163 912 207 Quid mea membta mouet? num ſpiritus? ille volauit
207 201 782 238 In patriam, & Glyceres regia tecta colit.
172 234 806 274 Quid ciet in me igitur motum? vis ignea amoris.
202 269 722 304 Eſtne pote vt caleam deficiente anima?
399 303 705 336 Amor & Venus, in piſces,
174 334 910 370 Cum Puero Euphraten Venus aurea venit ad amnem,
206 368 805 404 Huc tulit horrenda ſe quoque mole Typhon,
171 402 762 433 Centimanum vt vidit, nimio perculſa timore
205 435 723 469 Cum puero merſit ſe Dea mater aquis:
173 467 850 501 Sed metus haud ceſſit, gelido ſub gurgite formam
204 501 704 537 In piſcem donec vertit vter ue ſuam.
159 534 878 574 Quàm foret, & Superi, bene cum mortalibus actum,
179 568 721 604 Numen vtrumq; illis ſi latuiſſet aquis.
429 605 603 629 Ad Palnium.
171 634 759 672 Vt capiantur aues, quas tra ſportauit Iaſon
206 669 700 704 Phaſidos à ripis littus ad mathium;
149 703 806 738 Non opus accipitris roftro, non vngue rapaci,
210 737 717 772 Non cane qui ſolers naribus eſle ſolet:
171 773 669 801 Paleni, Aonio ſic mulces aera cantu,
205 806 701 840 Vt poſſis volucres ſiſtere & aceipere
379 840 625 872 De Aquilâ Cæſâre.
171 873 830 911 Pellere cum magnum cœlo voluere Tonantem,
198 906 731 940 Qui iuga prætuptis impoſuere iugis,
170 938 785 973 Mox Aquila æthereo ſuggeſſit fulmina regi,
208 973 794 1008 Queis dedit ille Gygen Enceladumque nesi.
175 1007 728 1039 Iupiter at cœlo cùm nulla pericla timeret,
209 1040 603 1073 Iunoniq; ſuæ bafia tuta daret,
175 1068 801 1108 Luſſit vt illa tuam penetiaret. Cæſar, in aulam,
209 1106 714 1141 Vtq; frequens ferret tela triſulca tibi.
413 1142 663 1166 Ad Violantillam.
174 1166 766 1201 Aut Violantillam nomen tibi fata dederunt
206 1206 713 1244 Floridior violis qud tua forma viget:
883 1244 957 1268 Aut
