1382 1405
318 19 574 43 CSAREI.
800 16 849 49 5
66 60 636 95 Aut quia defeſſi violenta Cupidinis arma,
110 95 603 127 Vt ferias homines, dat Cytherea tibi.
332 130 499 162 Ad Glycerem.
4 160 621 196 Sic tibi ſcintillant oculi, qui nubila cœlo
109 195 601 229 Pellunt, amiſſum reſtituuntq; diem;
67 229 701 266 Vt quicunque videt, dubiâ non mente, minora
108 262 568 295 Luce tuâ mundi ſidera facta putet:
2 295 743 329 Parſq; hominum ſtpeat, fiatq; immobile ſaxum;
105 330 597 364 Aut tacito, Glycere, ſentiat igne mori.
294 365 553 395 Ad Io. Auſtriacum.
68 395 588 430 Si dum pubeſcis, virtus te belica cœlo
111 430 670 464 Inſerit, & Superis reddit honore parem;
64 464 680 498 Quid tibi fata dabunt, fuerit cum firmior ætas,
112 498 671 530 Cumque annis creſcent inclita facta tuis?
75 531 708 564 Non mare, non tellus capiet tua nomina; dicet
75 564 632 598 Non etiam cœlum Iupiter eſſe ſatis.
255 600 617 623 Ad M. ntonium Columnam.
78 632 634 666 Fœdere qui certo iunxiſti pectora Regum,
106 666 653 693 Vt fimul in Turcas Marte furente ruant,
73 698 576 732 Hoſtibus & cæſis victricia ſigna tuliſti,
110 732 641 766 Et facis, obducta fronte Tyrannus eat:
73 766 608 799 Perpetuo tua fama viget, tecortice fagi
107 800 618 832 Deſcribunt Fauni, Nereideſq; canunt.
73 832 686 866 Inter quas Galatea, ſuos dum cantat amores,
107 867 620 898 Hos tibi purpureo fndit ab ore ſonos.
76 899 738 935 Te duce pacatum efl æquor, te auctore Columnt
110 933 567 967 Nos vndis tuto ludimus æquoreis.
74 966 665 999 Præmia digna tuo quæ ſunt ſoluenda labori?
113 1000 576 1040 Telluris pauco tempore victor eris.
121 1058 791 1096 CICALCAGIN
246 1063 406 1080 TT
263 1110 637 1135 FERRARIENSIS.
235 1140 699 1168 Ad Herculem II. Frraria DucemI.
78 1174 706 1210 ONSVESTIdare magna, teque digna:
62 1197 617 1243 Atq; iſthec bonitas benignitaſque
715 1230 854 1265 Tecælo
899 1261 964 1296 A
