993 1312
493 20 665 44 CÆLII
191 62 622 95 Te cœlo euehit aureis quadrigis.
194 95 689 128 Nos damus tibi forſan impudenter
192 130 619 164 Et parua, & tenui cliente digna.
193 164 578 196 At tu, gloria ſæcul recentis
192 196 665 229 Princeps optime, glorioſe princeps,
193 231 643 263 Hæc parua accipias lubente vultu;
190 264 707 297 Et mentem hanc animumq; metiare
186 297 613 331 Tuo in ſacula Numini dicuium.
191 331 588 363 Nam ſic te facile probabs eſſe
193 364 654 398 Dando, & accipiendo liberalem.
375 398 728 430 Epitaphium arg. Cantlm.
185 429 719 461 Cantelma hac ſita Margarita in vrnâ eſt,
189 463 609 496 Verè nomine digna margaritæ,
189 496 725 530 Si mores pretium atq; pondus addunt.
187 530 766 562 Huic blandæ Charites, Lepos, Venuſtas,
190 562 686 596 Huic ſemper Grauitas comes Pudori
191 597 622 631 Seſe addixit, & vna tam diſerta
191 631 639 664 Vt dicendo animos ligare poſſet.
192 665 645 697 Quæ modeſtia rebus in ſecundis?
191 697 648 731 Quæ conſtantia mox reflante fato?
189 731 590 766 At virtus facit illa ſingularis,
189 764 678 797 Vt quam diximus eſſe Margaritam,
188 796 602 829 Multò dicere præſtet Vnionem.
361 833 787 866 Lud. Cali Rhodgini Epitaphium.
188 863 660 898 Ludouicus ille Cælius, domi ac foris
188 897 776 930 Græc, Latineque omnium doctiſſimus;
187 932 724 965 Viuet perennis: quodq; paucis contigit,
186 964 637 997 Vixit, ſuæque æternitati interfuit.
363 1000 782 1033 Ad Lilium Gregorium yraldum.
185 1031 542 1065 Iuras te ſtudiis renunciaſſe
185 1063 577 1098 Et Muſas Latias, Achaicaſque
185 1098 627 1130 Tota, vt dicitur, expuliſſe arenâ.
185 1131 715 1164 Verum hoc tam bene, tam facis diſert,
186 1163 654 1199 Vt quant acrius ampliuſque iuras,
186 1196 635 1237 Tauto & acrius ampliuſq; iureut,
859 1231 966 1263 Lili,
