1011 1343
507 30 673 53 C
196 41 235 65 2
195 74 594 109 Hæc binas animas coire cogit,
197 105 664 143 Atque vuà geminum calere pectus.
368 139 696 174 In arrogantiam Hippoclidi.
197 171 828 207 Tantum Hippoclides, cum legit, ſcribit, canit,
197 206 700 242 Sihi ſolet placere, tantum plaudere
198 240 703 277 Vt quæ legit, ſcribit, canit, diuinitus
199 273 710 310 Sibi putet dictata; quaſi furor entheus
198 308 610 342 Inſanientis impetus adflauerit.
199 336 756 374 Hinc iactat illa, & aſtra ad vſque prouehit;
198 376 725 410 Et ſe beatum præ omnibus longe putat.
188 410 745 443 At tu Georgi; neinuide, aut ne argue
200 441 746 476 Neve hanc, rogo, felicitatem ademeris.
188 474 699 507 Cum laude verâ non queatfruimiſer,
151 508 608 548 Sine vt fruatur hac imaginari.
398 543 595 576 AnyſijCarmen.
200 574 741 612 Quis non Anyſij dulce carmen & Muſas
197 609 717 644 Exoſculetur? quæ adeo dulcedictarunt
201 642 716 675 Carmen; cui inuidere plurimi poſſint;
199 678 763 714 Quod æmulari aut alter, aut queat nemo:
202 710 731 738 Cui abſibilat lætum nemus Citheronis,
200 742 800 775 Cui blandi Amores inuicem manu plaudunt.
200 775 840 814 Quod ni euehat merita eloquens cohors laude;
200 811 767 841 Aut inuida, aut rerum ſit omnium ignara.
202 844 750 880 Certè poema tam venuſtum & exactum,
200 878 739 913 Vel improbare ipſe erubeſceret Momus.
414 916 535 938 In Linum.
199 944 686 981 Non eſt quod doleas, amice, non eſt,
202 980 702 1015 Quod poſſis, Line, poſtulare mecum:
202 1013 606 1047 Nam laudes cupio tuas ad aſtra
140 1045 763 1085 Vſque prouehere; inque ſummo Olympo,
16 1050 49 1094 t
201 1080 639 1115 Inque ipſis genibus Iouis Iocare:
203 1113 653 1145 Sed tu materiam dato, indicaque
202 1146 615 1181 Quo laudes lateant tuæ receſſu.
203 1176 693 1213 Nam per me nequeo inuenire. ſed tu
198 1213 646 1256 Quod eſs turius arrogantiuſque
847 1242 988 1272 Admiſces
