<?xml version="1.0" encoding="UTF-8" standalone="no"?><PcGts xmlns="http://schema.primaresearch.org/PAGE/gts/pagecontent/2019-07-15" xmlns:xsi="http://www.w3.org/2001/XMLSchema-instance" xsi:schemaLocation="http://schema.primaresearch.org/PAGE/gts/pagecontent/2019-07-15 http://schema.primaresearch.org/PAGE/gts/pagecontent/2019-07-15/pagecontent.xsd"><Metadata><Creator/><Created>2022-04-11T14:46:57</Created><LastChange>1970-01-01T00:00:00</LastChange><Comments/></Metadata><Page imageFilename="0551.png" imageHeight="1406" imageWidth="1385"><TextRegion id="r1" orientation="0.0" type="paragraph"><Coords points="1,1 1383,1 1383,1404 1,1404"/><TextLine id="l1"><Coords points="209,17 209,47 574,47 574,17"/><TextEquiv><Unicode/></TextEquiv><TextEquiv index="1"><Unicode>CALCAGNINI</Unicode></TextEquiv></TextLine><TextLine id="l2"><Coords points="537,57 349,55 157,56 148,54 96,55 46,53 45,93 537,93"/><TextEquiv><Unicode/></TextEquiv><TextEquiv index="1"><Unicode>Admiſces precibus minas, miniſque</Unicode></TextEquiv></TextLine><TextLine id="l3"><Coords points="46,127 137,126 585,126 585,94 402,93 83,96 46,95"/><TextEquiv><Unicode/></TextEquiv><TextEquiv index="1"><Unicode>Vim iuras comitem palam additurum:</Unicode></TextEquiv></TextLine><TextLine id="l4"><Coords points="585,127 137,127 60,128 46,128 45,161 350,159 446,159 514,160 547,162 585,162"/><TextEquiv><Unicode/></TextEquiv><TextEquiv index="1"><Unicode>Sed fruſtra, Line; quando nemo laudes</Unicode></TextEquiv></TextLine><TextLine id="l5"><Coords points="195,201 202,196 215,194 493,194 493,161 350,160 46,161 46,202 129,202"/><TextEquiv><Unicode/></TextEquiv><TextEquiv index="1"><Unicode>Extorquere poteſt; poteſt mereri.</Unicode></TextEquiv></TextLine><TextLine id="l6"><Coords points="263,196 263,226 491,226 491,196"/><TextEquiv><Unicode/></TextEquiv><TextEquiv index="1"><Unicode>Pulicu nupatio.</Unicode></TextEquiv></TextLine><TextLine id="l7"><Coords points="53,226 53,256 534,256 534,226"/><TextEquiv><Unicode/></TextEquiv><TextEquiv index="1"><Unicode>ra, marmora, ſaxa ebur, tabellæ,</Unicode></TextEquiv></TextLine><TextLine id="l8"><Coords points="522,261 43,262 38,261 38,294 522,294"/><TextEquiv><Unicode/></TextEquiv><TextEquiv index="1"><Unicode>Cum iacent ſine honore proſtituta,</Unicode></TextEquiv></TextLine><TextLine id="l9"><Coords points="38,327 52,327 179,328 472,326 472,294 204,294 125,296 90,294 38,294"/><TextEquiv><Unicode/></TextEquiv><TextEquiv index="1"><Unicode>Calcaii pedibus ſolent profanis.</Unicode></TextEquiv></TextLine><TextLine id="l10"><Coords points="490,327 179,329 52,328 38,328 38,357 40,358 490,358"/><TextEquiv><Unicode/></TextEquiv><TextEquiv index="1"><Unicode>Cum vero fuerint dicata templis,</Unicode></TextEquiv></TextLine><TextLine id="l11"><Coords points="584,354 558,354 552,359 544,361 59,361 38,358 37,396 57,394 169,394 214,392 526,393 533,397 584,397"/><TextEquiv><Unicode/></TextEquiv><TextEquiv index="1"><Unicode>Actutum innumeros merent honores</Unicode></TextEquiv></TextLine><TextLine id="l12"><Coords points="510,394 214,393 169,395 57,395 38,396 38,425 510,425"/><TextEquiv><Unicode/></TextEquiv><TextEquiv index="1"><Unicode>Sic vilis modo ſordiduſq; pulex.</Unicode></TextEquiv></TextLine><TextLine id="l13"><Coords points="475,428 154,427 104,428 38,426 38,459 309,459 475,461"/><TextEquiv><Unicode/></TextEquiv><TextEquiv index="1"><Unicode>Cæpit denique nonnihil videri,</Unicode></TextEquiv></TextLine><TextLine id="l14"><Coords points="535,458 524,458 513,462 309,460 38,460 38,490 86,491 109,493 188,492 535,494"/><TextEquiv><Unicode/></TextEquiv><TextEquiv index="1"><Unicode>Cum Rhetor ſua vota nuncupauit;</Unicode></TextEquiv></TextLine><TextLine id="l15"><Coords points="560,500 551,497 535,496 463,494 132,493 109,494 86,492 38,491 37,525 559,525"/><TextEquiv><Unicode/></TextEquiv><TextEquiv index="1"><Unicode>Et ſcripſit breue carmen intabellâ:</Unicode></TextEquiv></TextLine><TextLine id="l16"><Coords points="288,563 311,560 422,560 461,561 465,563 465,528 424,528 387,526 243,526 155,527 139,529 54,529 47,526 38,526 38,564 235,564"/><TextEquiv><Unicode/></TextEquiv><TextEquiv index="1"><Unicode>Doum Antiſtis eſto Vatieuſis.</Unicode></TextEquiv></TextLine><TextLine id="l17"><Coords points="405,592 405,562 301,562 288,564 258,564 258,593 371,593"/><TextEquiv><Unicode/></TextEquiv><TextEquiv index="1"><Unicode>d Lilium.</Unicode></TextEquiv></TextLine><TextLine id="l18"><Coords points="463,593 45,593 45,625 463,625"/><TextEquiv><Unicode/></TextEquiv><TextEquiv index="1"><Unicode>Lili, præparo Prinipi dicare.</Unicode></TextEquiv></TextLine><TextLine id="l19"><Coords points="37,660 395,660 395,627 38,627"/><TextEquiv><Unicode/></TextEquiv><TextEquiv index="1"><Unicode>Ex nugis aliquid peculiare,</Unicode></TextEquiv></TextLine><TextLine id="l20"><Coords points="490,657 444,657 436,660 364,661 190,660 139,661 43,659 43,691 262,693 490,693"/><TextEquiv><Unicode/></TextEquiv><TextEquiv index="1"><Unicode>Incultum licet &amp; minus diſertum.</Unicode></TextEquiv></TextLine><TextLine id="l21"><Coords points="490,725 564,724 564,692 542,692 538,694 505,695 43,692 43,723 46,724 487,727"/><TextEquiv><Unicode/></TextEquiv><TextEquiv index="1"><Unicode>Sed, thure accipimus molâque ſalsa</Unicode></TextEquiv></TextLine><TextLine id="l22"><Coords points="461,728 42,727 42,758 461,758"/><TextEquiv><Unicode/></TextEquiv><TextEquiv index="1"><Unicode>De magno Ioue gratiam patari.</Unicode></TextEquiv></TextLine><TextLine id="l23"><Coords points="490,791 490,761 42,759 42,790 160,792 483,792"/><TextEquiv><Unicode/></TextEquiv><TextEquiv index="1"><Unicode>At cum ſint aditus ſecretiores</Unicode></TextEquiv></TextLine><TextLine id="l24"><Coords points="469,825 469,793 308,794 42,791 42,823 98,825 225,824 425,826"/><TextEquiv><Unicode/></TextEquiv><TextEquiv index="1"><Unicode>In Nyſam tibi peruij frequenter,</Unicode></TextEquiv></TextLine><TextLine id="l25"><Coords points="538,825 425,827 41,825 41,856 538,856"/><TextEquiv><Unicode/></TextEquiv><TextEquiv index="1"><Unicode>Et patrem Clarium, &amp; nouem ſorores</Unicode></TextEquiv></TextLine><TextLine id="l26"><Coords points="39,857 39,891 475,891 475,857"/><TextEquiv><Unicode/></TextEquiv><TextEquiv index="1"><Unicode>Compelles lepido tuo ſuſurro;</Unicode></TextEquiv></TextLine><TextLine id="l27"><Coords points="496,896 484,895 398,893 38,893 38,922 41,923 496,924"/><TextEquiv><Unicode/></TextEquiv><TextEquiv index="1"><Unicode>Pro me ne pigeat rogare paucis,</Unicode></TextEquiv></TextLine><TextLine id="l28"><Coords points="562,923 507,923 503,925 477,926 177,926 38,923 38,953 562,954"/><TextEquiv><Unicode/></TextEquiv><TextEquiv index="1"><Unicode>Ne noſtra hæc ſchedia imbuant ſiluti,</Unicode></TextEquiv></TextLine><TextLine id="l29"><Coords points="37,991 456,991 456,957 38,957"/><TextEquiv><Unicode/></TextEquiv><TextEquiv index="1"><Unicode>Ne farcimina, netegant oliuas.</Unicode></TextEquiv></TextLine><TextLine id="l30"><Coords points="38,1025 529,1025 529,991 38,991"/><TextEquiv><Unicode/></TextEquiv><TextEquiv index="1"><Unicode>Quod ſi carmina forte non merentur,</Unicode></TextEquiv></TextLine><TextLine id="l31"><Coords points="431,1026 422,1025 38,1024 37,1055 431,1056"/><TextEquiv><Unicode/></TextEquiv><TextEquiv index="1"><Unicode>Meretur pietas tamen Poëtæ,</Unicode></TextEquiv></TextLine><TextLine id="l32"><Coords points="544,1056 491,1056 481,1059 131,1058 97,1056 38,1056 37,1088 166,1090 544,1090"/><TextEquiv><Unicode/></TextEquiv><TextEquiv index="1"><Unicode>Qui ſacrum dedit. v tulit facultas,</Unicode></TextEquiv></TextLine><TextLine id="l33"><Coords points="452,1124 452,1092 38,1090 38,1118 50,1118 58,1125 420,1125"/><TextEquiv><Unicode/></TextEquiv><TextEquiv index="1"><Unicode>Miti pecte ſane &amp; integello,</Unicode></TextEquiv></TextLine><TextLine id="l34"><Coords points="567,1120 486,1120 477,1124 420,1126 239,1125 188,1128 188,1156 567,1156"/><TextEquiv><Unicode/></TextEquiv><TextEquiv index="1"><Unicode>Ad enedictum Lamprium.</Unicode></TextEquiv></TextLine><TextLine id="l35"><Coords points="477,1157 468,1158 317,1156 253,1158 167,1156 38,1155 38,1164 32,1164 32,1188 43,1189 477,1189"/><TextEquiv><Unicode/></TextEquiv><TextEquiv index="1"><Unicode>Seu dulces Elegos tibi Camœnæ,</Unicode></TextEquiv></TextLine><TextLine id="l36"><Coords points="460,1220 473,1220 473,1193 463,1191 436,1190 324,1190 233,1192 175,1190 28,1189 28,1224 455,1224"/><TextEquiv><Unicode/></TextEquiv><TextEquiv index="1"><Unicode>Seu dictent tibi ſyllabas Catull,</Unicode></TextEquiv></TextLine><TextLine id="l37"><Coords points="715,1247 715,1205 808,1205 808,1247"/><TextEquiv><Unicode/></TextEquiv></TextLine><TextEquiv><Unicode/></TextEquiv></TextRegion></Page></PcGts>