1015 1334
433 5 625 30 cLII
164 43 660 82 Adſurgunt Charites, & hic & inde
166 82 656 115 i nnt ieroa myrtheis corollis:
171 115 656 149 uando nil tibi hœbus abnegauit,
181 149 550 178 Etelici er omnia experiris.
173 181 628 215 Sic & Carpathij atbiter profundi,
176 215 606 248 Nouit, cum libet, eſſe verſipellis,
182 248 708 280 Omneſque induere vndecunq; formus.
180 282 700 313 Verum noc es, Benedicte, præferendus:
173 314 698 346 Nam cum ſæpe feras, & ignem & vndas
178 348 689 382 Iſque immania monſtra moliatur;
181 380 686 413 Tu nihil niſi dulce gratum, amœnum,
164 414 687 446 Et doctums & teres, exprimis canendo.
172 445 659 477 Nec ſat hoc tibi: nam bonus Cupido
170 479 578 512 Mox pulcro linitlla penicillo;
171 512 586 545 Ex quo mirificos cient amores,
174 545 644 571 Et flammas anim merat inurunt.
403 581 585 604 Ad Lmnem .
173 612 570 644 Vix admittere vota, vix rogari
178 645 568 672 Se ſinunt alij ec erubeſcunt
178 678 647 711 Cum rogaueris vſque, peruegare
175 711 717 750 Aut, ſi dant, dare Dij oni arroganter
169 744 572 775 Ita vt diſpliceat tuliſſe votum.
175 778 611 810 At nos maximo & optimo Leoni
168 810 688 846 Grates dicimus, antequam rogemus.
168 843 693 877 D incredibilem atque ſingularem
170 876 656 911 Quam nec ſæcula viderint priora
167 909 635 944 Nec ventura de hinc tacere poſſint,
168 943 598 980 Longa ſæcula, liberalitatem,
164 976 613 1017 Dignam numine maximi Leonis.
398 1011 592 1043 Luſus puelarum.
162 1042 598 1075 Cum Corinthiacæ ſimul puellæ
163 1075 576 1105 Forte diſſererent, & incidiſſet.
171 1108 616 1142 t fit, quæſtio, blandula & ico
164 1142 624 1175 Quo penis titulo foret notandus,
163 1174 572 1202 Si certo titulo notandus eſſet.
861 1219 960 1246 riu
