1383 1402
263 21 632 50 GALCAGNINI.
807 34 845 57 5
4 50 519 95 Prma ex omnibus Illicena dixit,
76 95 495 123 Videri ſibi ſeminale membrum.
8 128 545 163 A quanto melius, Philenis inquit.
74 163 492 193 Naturæ & Genii voces ligonemi
73 194 521 228 Tum natu Teleſilla maior; atqui
5 228 587 262 Ponat quod lubet illa, & illa nomen,
70 261 513 288 Mic vnus mihi clauus eſt amoris,.
184 294 642 323 d Herculem II. Ferrariæ ducemmI
74 326 710 362 Tempore quæ vario ſcripſit congeſta in aceruum
104 361 578 386 Dedicat ex toto Cœlius aſſe tuus.
1 393 759 426 Multis ſcripta vni, Princeps, tibi cuncta dicantur:
84 427 623 467 Vnus multorum ſcilicet inſtar habes.
307 462 476 490 Ad eundem.
68 489 718 528 Nox erat, & me ad ſe miratus nocte profectum
100 527 661 560 Dux meus; huc, Cœli, quæ te ait, aura tulit?
60 561 715 593 Me Lephyrus, dixi, tuus, & tua pertulit aura,
99 593 510 626 Adflatu cuius terra beata parit.
53 626 707 662 Mutus agit reliquum tempus Meandrius ales;
97 660 629 692 Cum ſpirat ephyrus protinus ille canit.
52 692 787 725 Sic tuus hic ephyrus, tua ſicmihi pcrſonat aura,
96 726 666 758 Cm tacet hæc taceo; cum fonat illa cano.
242 758 580 793 De obitu Hllij ..PP. M.
52 791 745 829 Durus in Alphonſum metunda exciuerat arma
93 827 592 859 Iulius; excuſſit cum Deus arma manu.
56 859 740 896 Illa eademarma Leo rurſum eſt attingere nixus:
93 893 573 927 Senſit & iratos protinus ipſe Deos.
59 924 653 961 Quiſquis eris ſacro in ſolio eonſidere iuſſus,
92 959 629 993 Eſto memor pacem muneris eſſe tui.
52 991 685 1028 Quod fi te mala mens, regnique inlana cupido
92 1025 634 1054 In ſcelus, & rurſus in vetitaarma trahet;
55 1057 716 1095 Dii ſcelerum vltores rurſum ſua tela mouebunt;
90 1091 635 1126 Diſcat vt exemplo cetera turba tuo.
235 1125 550 1157 Philoſophus in magiſtratu.
51 1154 754 1196 Ante mihi ſophiæ ſtudium, & cognoſcere cœlum,
89 1191 619 1226 Quæq; nitent cœlo ſidera cura fuit.
727 1222 860 1249 At nunte
420 1223 562 1265 l 2
