1374 1401
202 12 630 42 CACAGNINI.
70 61 803 96 Vel neutrum factum eſt, vel Amor facere audet vtrunq;
102 95 723 130 Qui, quod triſte mihi eſt, reddere dulce poteſt.
295 129 509 161 Deſtatua Fabricj.
41 161 600 192 Hæc eſt Fabricij facies bene nota ſodalis;
102 195 599 228 Dat Lyſippeæ quam mihi cura manus;
41 220 696 263 Tam bene, ram fabrè, vt liceat tibi dicere: certe
93 262 622 297 Viuus vterq; viget, vel ſtat vterq; lapis.
285 297 497 320 Enomium Culis.
66 324 781 362 Aſt ego magnanimum culicem quo carmine laudem
100 362 666 395 Certe huius rara eſt gloria, rarus honor.
68 394 632 428 Cetera quæcunq; à nobis inſecta vocantut.
101 428 597 462 Furtim ex inſidiis figere tela ſonant.
69 461 703 496 Ile, caue, exclamat, metuendaq; claſſica pulſat:
103 495 622 528 Diiſidiæq; notà, qui dolet, ille dolet.
69 528 704 561 In reliquis fraudem atq; aſtum cauſabere: nemo
97 562 645 596 De culicis poterit vulnere iure queri.
288 597 504 620 De Hercule Duce.
66 627 694 662 Nox erat; at noſtras magniiubar Herculis ædes
99 662 599 695 Cum ſubiit, nobis protinus orta dies.
63 694 717 723 Phœbe, tuos radios iam nil moror. Herculis ota
98 729 574 762 En multo radiis ſunt potiora tuis.
64 762 656 792 Pace tuâ fari liceat, lux maxima mundi,
98 796 550 828 Hic multo terris purior ignis erit.
64 826 636 861 Tu ſegnes nebulas, tu ſæuos concipis æſtus:
98 861 618 902 Omnis abHerculeo ſidere noxa procul.
260 897 521 920 De Laide anu.
41 920 718 961 Dum tenera & vermis ſimilis mea floribus ætas,
100 961 702 994 Vt roſa quæ nondum prompta ſuo calyce eſt;
62 992 745 1026 Forma recens, & blanda Charis complexa ſorores.
100 1027 654 1060 Et mecum ludos nudus agebat Amox.
64 1052 695 1096 Huic noſtras præſſiſſe manus, ſuxiſſe papillas
72 1092 660 1127 Mos erat, & femori complicuiſſe femur.
63 1115 702 1158 Dum ludit, charis ex amaranthis vincula nectit,
100 1159 584 1193 Et nexo pinnas detrahit, arma fugæ.
41 1192 660 1231 Forma abiit, furtim ſucceſſit ſerior ætas;
696 1218 848 1268 At nou
