1015 1342
464 28 641 57 CLII
229 74 728 115 AMtq; Tito ex lllis compoſuere rogum.
195 103 842 144 Tum Charites ſtrauere roſas, quas Suada Leporq;
229 145 626 177 Molliri fletu non ſinit irriguo.
426 177 669 208 Inſtructio ad mo tem.
197 205 738 241 Vt tibi mors felix contingat, viuere diſce:
232 242 662 279 Vt felix poſſis viuere, diſce mori.
425 278 689 308 Bachus e igne ratus.
198 307 817 345 Ardentis Semeles audens puer excidit aluo
234 344 720 379 Ardebatq; vno mater & ille rogo.
198 374 786 413 Et ſpes nulla ſuper miſeræ ſuccuirere matri;
234 407 775 445 At puer in flammis non tamen vſtus erat.
200 441 802 479 Ogygis occurrit ſed non prius attigit illum,
235 476 777 509 Succubuit multæ quam Iouis ignis aquæ.
199 508 753 546 Ignis abit; ſed non abiit vis ignea prorſus,
236 541 741 579 Quiq; cuti ſummæ parcit, in ima furit.
202 574 890 612 Nympha igitur procul o puerum, ne tangito. clamat,
235 608 874 647 Quiſquis es: ignis enim eſt, ni prius imbre laues.
372 645 675 676 Ad Herculem Ducem.
166 673 791 714 Tu mihi tu fateor tam magna & rara dediſti,
234 711 831 745 Quanta poteſt animus vix capere, aut capere.
200 743 802 775 Nam me tot cumulis tua gratia largiter auxit,
235 777 743 809 Herculis vt facile noſcere dona queas.
201 810 925 844 Nam quæ magnanimus dat Princeps munera, tantum
234 843 740 877 Excellunt, quanto grandior ipſe aliis.
201 876 805 911 Quod ſi non auſim meritas tibi dicere grates,
222 910 701 943 Agnoſcas molem muneris inde tui.
203 942 791 976 Nemo iure poteſt Princeps ingratus haberi,
227 977 732 1013 Qui tacet immenſis attonitus meriti.
366 1012 699 1044 Ad Io. Bapiiſtam Gyraldum.
203 1043 876 1080 Quod cultum carmen, quod doctas impleat aures,
238 1077 797 1108 Et ſecum multum Numinis eſſe probet,
203 1110 817 1148 Herculei auſpicia imperij quod flumine largo
233 1144 757 1177 Explicet, & plebis mixtaq; vota Patrum:
203 1177 920 1211 Laus Gyralde tua eſt: tibi enim fas prodere quantum
236 1211 653 1250 Lætitiæ populis attulit vna dies.
881 1244 981 1270 At mi-
