1411 1430
263 12 630 51 CALCAGNINI.
65 51 776 88 At mihi adhue dubium eſt; hæc an tibi debita laus ſit,
101 87 531 119 An potius raræ debita materiæ.
237 121 579 154 Raelis Vrbinats induſtria.
66 155 750 187 Tot proceres Romam, tam longa exſtrurerat ætas,
101 186 605 222 Totq; hoſtes, & tot ſæcula diruerant.
69 218 750 256 Nunc Romam in Româ quærit reperitq; Raphaël.
101 255 730 289 Quærere, magni hominis: ſed reperire, Dei eſt.
249 289 598 322 Ludouici Areti Epirathium.
68 322 717 358 Tu repetis cœlum, & terras. Areoſte, relinquis,
104 355 548 382 Et loca iam meritis inferiora tuis
68 388 626 421 Nos miſeri, & curis longe mortalibus acti,
89 421 675 453 Non tibi, ſed nobis fundimus has lacrimas,
70 453 629 488 Gloiia te niueis ſubducit in æthera bigis:
103 488 652 525 Non ſine teluctu perpetuo opprimimur.
214 530 612 568 Amor victo Hercule conquieſcent.
68 580 625 614 Hic amor Herculeâ ſopitus pelle quieſcit;
64 613 572 648 APuluinum capiti ſubdita claua facit.
62 638 716 681 Hds nunc exuuias præfert, magno Hercule victo:
101 681 634 714 Pro clauâ geſtat ſed Deus ille colum.
67 713 715 747 At puerum Veneris ſomno & ſudore madentem,
103 748 668 781 Praxiteles Parium tranſtulit iu lapidem.
69 778 698 814 Tu vero, hoſpes, abi, aut leni fac verba ſuſurro,
104 813 701 848 Ne ſomnum excuſſum forte queratur Amor.
72 847 743 882 Ille quidem abiecitq; facem, abiecitq; pharetram:
103 878 703 919 Pro face, pro pharetrâ claua timenda tibi eſt.
320 918 514 957 De Violanthide.
72 952 704 990 Non ipſa violis nomen Violanthis habebas,
104 988 762 1025 Verum abs te viol; nunc quoq; nomen habent.
73 1023 732 1057 Figebas quocunq; pedem, quæcunq; locuta es,
105 1056 661 1090 Hinc molles violas ſparſit & inde Lepor.
74 1088 731 1125 Has legit Probitas, Charites legere Pudorque,
104 1122 679 1158 Atque ex his tumulo grata corona datur.
73 1153 710 1190 Balthaſar & gemitu & miſeris ſingultibus adflat,
106 1190 630 1228 Et cogit lacrimis vſque vuere ſuis.
728 1205 861 1253 Natur
