<PcGts xmlns="http://schema.primaresearch.org/PAGE/gts/pagecontent/2017-07-15" xmlns:xsi="http://www.w3.org/2001/XMLSchema-instance" xsi:schemaLocation="http://schema.primaresearch.org/PAGE/gts/pagecontent/2017-07-15 http://schema.primaresearch.org/PAGE/gts/pagecontent/2017-07-15/pagecontent.xsd"><Metadata><Creator>User123</Creator><Created>2020-04-25T21:20:18</Created><LastChange>2020-04-25T21:20:18</LastChange></Metadata><Page imageFilename="0560.png" imageHeight="1336" imageWidth="1010"><TextRegion id="r0" type="paragraph"><Coords points="1,1 1008,1 1008,1334 1,1334"/><TextLine id="r0_l001"><Coords points="426,30 426,54 651,54 651,30"/><TextEquiv index="1"><Unicode>CLII</Unicode></TextEquiv></TextLine><TextLine id="r0_l002"><Coords points="182,40 182,64 224,64 224,40"/><TextEquiv index="1"><Unicode>522</Unicode></TextEquiv></TextLine><TextLine id="r0_l003"><Coords points="416,76 416,105 627,105 627,76"/><TextEquiv index="1"><Unicode>Naturæ accuſatio,</Unicode></TextEquiv></TextLine><TextLine id="r0_l004"><Coords points="799,106 188,106 188,141 302,142 403,140 634,140 713,142 799,142"/><TextEquiv index="1"><Unicode>Crura Lycus ſcopulo properans impegit acuto,</Unicode></TextEquiv></TextLine><TextLine id="r0_l005"><Coords points="708,142 403,141 302,143 219,142 219,166 708,166"/><TextEquiv index="1"><Unicode>Cum mandata ſui iuſſus obiret heri.</Unicode></TextEquiv></TextLine><TextLine id="r0_l006"><Coords points="771,173 767,175 606,175 526,173 463,175 247,176 172,175 159,173 149,165 142,165 142,207 771,207"/><TextEquiv index="1"><Unicode>Inde dolens clamat: vere Natura nouerca es,</Unicode></TextEquiv></TextLine><TextLine id="r0_l007"><Coords points="798,210 665,208 282,208 195,210 195,240 798,241"/><TextEquiv index="1"><Unicode>Atq; homini ſemper, qua potes arte, noces.</Unicode></TextEquiv></TextLine><TextLine id="r0_l008"><Coords points="841,243 452,241 223,242 162,240 153,236 126,236 126,275 153,275 157,273 841,275"/><TextEquiv index="1"><Unicode>Par ſcopulo, par plaga mihi, par vulnus vtrique:</Unicode></TextEquiv></TextLine><TextLine id="r0_l009"><Coords points="809,277 742,275 220,274 217,275 217,307 809,307"/><TextEquiv index="1"><Unicode>Verum ego cùm doleam, nil dolet ipſe lapis.</Unicode></TextEquiv></TextLine><TextLine id="r0_l010"><Coords points="603,310 431,310 431,340 603,340"/><TextEquiv index="1"><Unicode>Ad Phlegiam.</Unicode></TextEquiv></TextLine><TextLine id="r0_l011"><Coords points="970,340 662,340 437,342 379,340 188,340 188,371 224,371 240,373 366,372 414,374 970,374"/><TextEquiv index="1"><Unicode>Si Phlegiæeſt; nequit eſſe bonus: quod ſi bonus idem eſt,</Unicode></TextEquiv></TextLine><TextLine id="r0_l012"><Coords points="720,376 221,374 221,408 435,408 452,405 519,405 571,408 720,408"/><TextEquiv index="1"><Unicode>Illum tu Phlegiam nauiter eſſe nega.</Unicode></TextEquiv></TextLine><TextLine id="r0_l013"><Coords points="468,407 468,431 582,431 582,407"/><TextEquiv index="1"><Unicode>De Niobe.</Unicode></TextEquiv></TextLine><TextLine id="r0_l014"><Coords points="195,438 195,470 836,470 836,438"/><TextEquiv index="1"><Unicode>Hæc Niobe, non iam Niobe, ſedfebile ſaxum.</Unicode></TextEquiv></TextLine><TextLine id="r0_l015"><Coords points="225,473 225,506 721,506 721,473"/><TextEquiv index="1"><Unicode>Sic Nemeſis iuſſit, ſic grauis ira Deûm.</Unicode></TextEquiv></TextLine><TextLine id="r0_l016"><Coords points="190,506 190,539 753,539 753,506"/><TextEquiv index="1"><Unicode>Te lapis hortatur, fletus vt fletibus addas;</Unicode></TextEquiv></TextLine><TextLine id="r0_l017"><Coords points="222,539 222,574 743,574 743,539"/><TextEquiv index="1"><Unicode>Ni facias, hoſpes, durior es lapide.</Unicode></TextEquiv></TextLine><TextLine id="r0_l018"><Coords points="447,577 447,605 581,605 581,577"/><TextEquiv index="1"><Unicode>Caſus Icari.</Unicode></TextEquiv></TextLine><TextLine id="r0_l019"><Coords points="750,605 643,605 634,608 461,607 441,608 401,607 392,605 185,605 185,637 294,640 750,641"/><TextEquiv index="1"><Unicode>Dæ dalus inſuetis ſcindat licet aëra pennis,</Unicode></TextEquiv></TextLine><TextLine id="r0_l020"><Coords points="730,644 725,643 294,641 220,639 220,667 730,667"/><TextEquiv index="1"><Unicode>Non ceſſat natum voce monere tamen:</Unicode></TextEquiv></TextLine><TextLine id="r0_l021"><Coords points="184,674 184,706 750,706 750,674"/><TextEquiv index="1"><Unicode>Icare, per medium: medio tutiſſimus ibis.</Unicode></TextEquiv></TextLine><TextLine id="r0_l022"><Coords points="16,687 16,717 50,717 50,687"/><TextEquiv index="1"><Unicode></Unicode></TextEquiv></TextLine><TextLine id="r0_l023"><Coords points="733,710 219,707 219,737 234,738 435,741 733,741"/><TextEquiv index="1"><Unicode>Icarus exclamat, mi pater, adfer opem.</Unicode></TextEquiv></TextLine><TextLine id="r0_l024"><Coords points="744,744 512,743 434,741 333,741 275,739 183,739 183,770 196,771 249,771 405,775 744,775"/><TextEquiv index="1"><Unicode>Ne fruſtra repetas miſeri præcepta volatus;</Unicode></TextEquiv></TextLine><TextLine id="r0_l025"><Coords points="15,760 15,790 50,790 50,760"/><TextEquiv index="1"><Unicode>I</Unicode></TextEquiv></TextLine><TextLine id="r0_l026"><Coords points="775,778 550,777 484,775 219,775 219,808 775,808"/><TextEquiv index="1"><Unicode>Iam rogo, iam dicta quâ ratione natem.</Unicode></TextEquiv></TextLine><TextLine id="r0_l027"><Coords points="15,790 15,818 51,818 51,790"/><TextEquiv index="1"><Unicode></Unicode></TextEquiv></TextLine><TextLine id="r0_l028"><Coords points="455,811 455,842 556,842 556,811"/><TextEquiv index="1"><Unicode>Nemeſis.</Unicode></TextEquiv></TextLine><TextLine id="r0_l029"><Coords points="859,837 622,837 618,840 607,843 415,842 397,840 391,837 125,837 125,871 859,871"/><TextEquiv index="1"><Unicode>Sum Nemeſis, hominum cubitores metior omnes,</Unicode></TextEquiv></TextLine><TextLine id="r0_l030"><Coords points="67,844 67,886 99,886 99,844"/><TextEquiv index="1"><Unicode></Unicode></TextEquiv></TextLine><TextLine id="r0_l031"><Coords points="66,856 64,847 13,847 13,883 66,884"/><TextEquiv index="1"><Unicode></Unicode></TextEquiv></TextLine><TextLine id="r0_l032"><Coords points="731,878 580,878 482,875 192,872 192,910 306,910 334,908 432,908 505,910 731,910"/><TextEquiv index="1"><Unicode>Neve quis abſcedat limite, frena gero.</Unicode></TextEquiv></TextLine><TextLine id="r0_l033"><Coords points="15,884 15,914 52,914 52,884"/><TextEquiv index="1"><Unicode></Unicode></TextEquiv></TextLine><TextLine id="r0_l034"><Coords points="707,913 613,913 432,909 314,910 314,939 448,939 488,942 529,943 707,944"/><TextEquiv index="1"><Unicode>Iconica Herculis Ducis imago.</Unicode></TextEquiv></TextLine><TextLine id="r0_l035"><Coords points="832,939 817,938 773,938 763,943 713,945 529,944 488,943 448,940 314,940 308,938 181,938 181,971 252,970 277,972 369,972 473,976 551,977 832,977"/><TextEquiv index="1"><Unicode>Exprimit in tabulâ Phaëthontem Cous Apelles;</Unicode></TextEquiv></TextLine><TextLine id="r0_l036"><Coords points="760,979 473,977 369,973 217,972 217,1004 348,1005 379,1007 502,1007 521,1009 561,1010 760,1010"/><TextEquiv index="1"><Unicode>Sed lucem &amp; radios non potis exprimere,</Unicode></TextEquiv></TextLine><TextLine id="r0_l037"><Coords points="830,1009 821,1013 751,1013 561,1011 521,1010 502,1008 379,1008 348,1006 182,1005 182,1036 340,1038 437,1042 830,1043"/><TextEquiv index="1"><Unicode>Sic tua, mi Princeps, Doſſus forte. exprimit ora:</Unicode></TextEquiv></TextLine><TextLine id="r0_l038"><Coords points="764,1045 437,1043 340,1039 212,1039 212,1076 314,1076 319,1073 339,1072 361,1072 403,1075 486,1076 764,1076"/><TextEquiv index="1"><Unicode>Virtutem &amp; mores non potis eprimere.</Unicode></TextEquiv></TextLine><TextLine id="r0_l039"><Coords points="10,1048 10,1077 45,1077 45,1048"/><TextEquiv index="1"><Unicode>i</Unicode></TextEquiv></TextLine><TextLine id="r0_l040"><Coords points="704,1079 619,1079 546,1077 383,1077 383,1106 469,1108 704,1108"/><TextEquiv index="1"><Unicode>Neronis impietas in matrem.</Unicode></TextEquiv></TextLine><TextLine id="r0_l041"><Coords points="849,1105 776,1105 767,1110 761,1111 707,1111 351,1107 324,1106 313,1102 118,1102 118,1139 123,1142 131,1143 147,1143 154,1136 159,1134 203,1134 261,1137 313,1137 374,1140 504,1143 849,1144"/><TextEquiv index="1"><Unicode>Cum Nero in exitium properaret matris apertum,</Unicode></TextEquiv></TextLine><TextLine id="r0_l042"><Coords points="737,1146 728,1145 504,1144 374,1141 313,1138 215,1138 215,1169 254,1169 341,1173 444,1175 737,1175"/><TextEquiv index="1"><Unicode>Dicitur hac natum vocerogaſſe parens.</Unicode></TextEquiv></TextLine><TextLine id="r0_l043"><Coords points="789,1178 587,1178 377,1175 291,1171 203,1170 170,1167 158,1164 138,1164 138,1207 145,1207 155,1199 224,1199 271,1203 458,1209 789,1209"/><TextEquiv index="1"><Unicode>Non oculos, non ora petas: pete viſcera ferro;</Unicode></TextEquiv></TextLine><TextLine id="r0_l044"><Coords points="778,1212 458,1210 271,1204 251,1202 216,1202 216,1242 278,1244 778,1244"/><TextEquiv index="1"><Unicode>Viſcera tam magnum quæ peperere nefas.</Unicode></TextEquiv></TextLine><TextLine id="r0_l045"><Coords points="856,1251 856,1274 967,1274 967,1251"/><TextEquiv index="1"><Unicode>Ad Ne</Unicode></TextEquiv></TextLine><TextLine id="r0_l046"><Coords points="1,1277 1,1334 200,1334 200,1277"/><TextEquiv index="1"><Unicode></Unicode></TextEquiv></TextLine></TextRegion></Page></PcGts>