1010 1336
426 30 651 54 CLII
416 76 627 105 Naturæ accuſatio,
188 106 799 142 Crura Lycus ſcopulo properans impegit acuto,
219 141 708 166 Cum mandata ſui iuſſus obiret heri.
166 173 771 207 Inde dolens clamat: vere Natura nouerca es,
195 208 798 241 Atq; homini ſemper, qua potes arte, noces.
166 240 841 275 Par ſcopulo, par plaga mihi, par vulnus vtrique:
217 274 809 307 Verum ego cùm doleam, nil dolet ipſe lapis.
431 310 603 340 Ad Phlegiam.
188 340 970 374 Si Phlegiæeſt; nequit eſſe bonus: quod ſi bonus idem eſt,
221 374 720 408 Illum tu Phlegiam nauiter eſſe nega.
468 407 582 431 De Niobe.
195 438 836 470 Hæc Niobe, non iam Niobe, ſedfebile ſaxum.
225 473 721 506 Sic Nemeſis iuſſit, ſic grauis ira Deûm.
190 506 753 539 Te lapis hortatur, fletus vt fletibus addas;
222 539 743 574 Ni facias, hoſpes, durior es lapide.
447 577 581 605 Caſus Icari.
185 605 750 641 Dæ dalus inſuetis ſcindat licet aëra pennis,
220 639 730 667 Non ceſſat natum voce monere tamen:
184 674 750 706 Icare, per medium: medio tutiſſimus ibis.
219 707 733 741 Icarus exclamat, mi pater, adfer opem.
183 739 744 775 Ne fruſtra repetas miſeri præcepta volatus;
219 775 775 808 Iam rogo, iam dicta quâ ratione natem.
455 811 556 842 Nemeſis.
162 836 859 871 Sum Nemeſis, hominum cubitores metior omnes,
192 872 731 910 Neve quis abſcedat limite, frena gero.
314 909 707 944 Iconica Herculis Ducis imago.
181 938 832 977 Exprimit in tabulâ Phaëthontem Cous Apelles;
217 972 760 1010 Sed lucem & radios non potis exprimere,
182 1005 830 1043 Sic tua, mi Princeps, Doſſus forte. exprimit ora:
212 1039 764 1076 Virtutem & mores non potis eprimere.
383 1077 704 1108 Neronis impietas in matrem.
162 1102 849 1144 Cum Nero in exitium properaret matris apertum,
215 1138 737 1175 Dicitur hac natum vocerogaſſe parens.
162 1165 789 1209 Non oculos, non ora petas: pete viſcera ferro;
216 1202 778 1244 Viſcera tam magnum quæ peperere nefas.
856 1251 967 1274 Ad Ne
