1370 1419
247 23 622 59 CALCACNINI.
304 65 491 97 Ad Nemeſin.
38 97 702 132 Prena manu normamq; geris, Rhamnuſia virgo;
75 131 591 164 Vt tardè properes, vt tueare modum.
211 165 596 197 De amore Phyllidis& Daphnidi.
42 197 685 231 Tempus abit; ſed non abierunt Cypridos ignes.
74 231 738 266 Phyllis amat Daphnin, Phyllida Daphnis amat.
43 263 609 292 Delitias faciunt, & mutua ſuauia miſcent:
76 297 512 332 Ille anui puer eſt: illa puella ſeni.
271 332 622 364 In ſenem ferul vtenem.
44 363 638 399 Quid ferulâ moliris iter, quid te magis vrges;
76 397 630 431 Ad mortem gemino non ſatiiie pede?
235 431 507 458 Cæcus & claudus iuncti.
45 463 617 498 Non potis eſt certo cæcus procedere paſſi:
84 498 672 527 Nec mirum eſt; oculos non habet ille duecs.
45 530 635 564 Non potis eſt claudus recto procedere curſu:
82 564 678 596 Nec mirum eſt; firmos non habet ille pedes.
45 597 670 631 At cæcus clauduſq; ineunt commercia; & ægr
82 632 523 664 Vnius poſſunt munus obire duo.
49 664 786 697 Claudum humeris cæcus; claudus per deuia cæcum.
80 698 648 736 Dirigit: hic oculos commodat, ille pedes.
284 734 466 762 Amar in fonte.
46 760 639 798 Huic Amor inſedit fonti. quis credere poſſet.
84 798 618 836 Quod mediâ tantus paſcitur ignis aquâ?
335 836 397 862 Item.
49 864 638 899 Qui puerum ſtatuit muſcoſo in margine, tolli
84 899 647 933 Magim ignem tenui poſſe putauit aqu-
241 934 525 965 Buculæ Mynn.
47 957 728 999 Plumbea vincla Myron iniecitquid mihi fruſtra
84 997 626 1036 Impingis ſtimulos? vincula ſolue, fequar-
311 1034 504 1060 De eadem.
51 1057 754 1097 Ventre boues parimt fœtus: ego credo Myronis
87 1095 701 1136 Me quoq; non factam, ſed genitam eſſe mans
260 1134 462 1159 In eandem.
51 1160 752 1198 En vitulus fruſtra trahit vbera: dextra Myros
86 1198 662 1236 Cum dederit vitam, lac dare non potuit.
718 1222 830 1252 Hum.
