999 1350
472 23 655 49 CÆLII
454 60 518 81 Iteo.
194 87 838 124 Vacca Myronis agros adiens decerperit herbas,
228 123 758 156 Si non vinxiſſent plumuea vincla pedes.
472 161 558 182 Item.
196 187 770 226 Quod non ſit viuæ ſimilis, ſed bucula viuat,
231 222 840 256 Multa & aperta, hoſpes, dat tibi ſigna Myron.
196 256 776 290 Adiu git vitulus; bos adſiliit; arcet ab vuis
230 289 810 322 Viaitor; in mandram cum grege paſtor agit.
475 327 536 347 Item.
197 356 802 390 Mugio, ſed quod non veniat mugitus ad aures
232 389 795 421 Cauſſa moræ lapis eſt, non manus artificis.
471 423 532 446 Item.
197 454 773 489 Si me quærentem paſtorem videris, hoſpes;
231 488 832 529 Dic, precor, iniecit quod mihi vincla Myron.
465 524 530 545 Itam.
198 553 860 588 Ecce homines perdit conuersâ Gorgone Perſeus:
160 588 693 621 Ecce facit cœlo viuere ſaxa Myron.
411 624 655 655 Equus Lyſippi æneus.
197 654 745 689 Lſippi ſonipes longos porrectus in artus
234 689 731 721 Se parat, vt curſu conficiat ſtadium.
198 721 801 755 Atq; tuos tantum nutus, qui frena miniſtras,
230 755 708 787 Expectat: calcar ſubde, vorabit iter.
371 791 604 822 mor loquitur.
197 821 904 858 Perfringit, penetrat, cremat omnia fulmen adactum:
230 856 813 895 Iupiter hinc nomen, eeexig & habet.
197 893 869 931 Perſtringunt, penetrant, vrunt mea ſpicula fulmen:
232 930 807 967 Scilicet hinc nomen eſt mihi dare.
367 969 668 1002 Image Alcibiadi in auro.
199 997 905 1035 Cauſſa malique bonique aurum: dux Græcus in auro
229 1034 706 1068 que virtutes , æque habet & vitia.
311 1069 740 1102 Calamus ad ſcribcndum aptatus.
186 1093 840 1136 Candida ſucciſis qui nunc ſecat æquora pennis;
226 1133 724 1165 Rheni olim Auſonij vilis arundo fuit.
197 1166 779 1202 Ore caret: ſed cum laticem potauerit atrum,
230 1200 766 1237 Cuncta poteſt, quæ tu iuſſeris, ore loqui.
884 1240 965 1271 Deſi
