1363 1454
176 57 637 96 CAGNINI.
744 65 800 99 as
258 99 524 129 Deflii Herculis Duci.
27 131 735 168 Non opus eſt ſpeculo. natum dum ſpectat vtrunque
61 165 485 197 Alcides, viuo ſe videt in ſpeculo.
269 199 574 231 De imagne eiuſdem.
30 232 646 266 Parrhaſii arte poteſt pingi Phaetontius ardor,
66 266 542 298 Non facile radii vel nitor ille poteſt.
32 297 646 333 Si facile exſculpi poſſunt ora Herculis auro;
67 333 580 365 Non facile virtus ingeniumque poteſt.
247 368 521 398 Calendu Ianuarii niuofis.
900 371 1012 416 I
33 399 655 433 Optabam, Ianum vt niueum produceret annus:
66 433 565 466 Albentesq; mihi promeret vſque dies.
32 466 572 499 Ecce, cadit toto nobis nix plurima cœlo;
65 499 491 532 Sic ere niueos dicimus eſſe dies.
32 531 617 567 Quod i qua auſpiciis vis eſt, ſi credimus ilis;
66 566 572 599 Totus ab auſpicio candidus annus erit.
261 601 417 630 Echo.
1 628 662 665 Incola rupis ego, vocis meta, æmula linguæ.
67 666 619 701 Quâ primum incipies parte taeere, loquor.
300 701 487 723 Ad Heliodoram.
30 731 626 766 Texta corona rosâ cingit caput Heliodoræ,
63 765 602 799 Et dubium eſt maius det capiate decus.
30 797 702 831 Iam certe rutilat magis, & nunc ſuauius halat;
63 831 632 867 Et roſa, per Charites, Heliodora roſæ eſt.
214 867 545 898 Victoriæ alæ, decuæ fulmine.
30 898 610 932 Neſcia perpetuas Victoria ſiſtere pennas,
64 931 639 965 Cum meditaretur Martis ab vrbe fugam;
27 965 600 999 Fulmine decuſſit fugitiuas Iupiter alas;
62 998 613 1036 Figat vtæterna ſemper in vrbe pedem.,
949 1012 1005 1048 s
328 1036 421 1059 Item.
27 1059 645 1099 Amiſit volucres præpes Victoria pennas;
60 1097 649 1133 Magnâ ex vrbe Remi ne queat effugere
257 1135 509 1166 Glyceres pulcritudo.
26 1165 613 1200 thereus deor, & puleri cœleſtis imago
62 1199 614 1233 Vt ſemortales promeret ante oculos;
25 1232 650 1262 Vt ſacræ Venetis inflammaret amore
698 1261 800 1290 Ad ce-
