1012 1347
472 24 665 48 CLII
204 30 309 55 2
242 65 769 101 Ad cœlumque animos igne ſuo raperet;
207 101 879 133 Ora ſubit Glpceres, pulcrosque accommodat artm,
243 134 765 168 Impoſitque oculis, ſicut in arce locum.
207 167 815 199 Emicat hinc fulgor diuinus, & entheus ardor,
242 200 751 233 Cui ſit fas aimos ſurripere ex animis.
206 234 829 266 Ergo hanc miramur, Solem vt miramur & aſtra.
244 266 808 299 Oſtulti, Glycerem creditis eſſe? Dea et.
458 308 635 332 De Ant. Leuâ.
205 341 817 374 Hexaphoro Leuas vehitur, contractus in artus,
241 374 798 407 Nec facit Officium pes ve manus ve ſuum.
206 407 858 440 Spargit lingua minas, oculi multo igne corûſcant;
240 440 746 473 Præcedit terror, ſubſequiturque tiimor.
204 472 903 507 Rem miram, Dii magni, animus ſine corpore pugnat,
239 507 736 541 Atque tot armatos vnus inermis agit.
501 547 576 570 Niobe.
205 580 837 614 Qualis eram me talem opifex effinxit, & olim
238 613 825 646 Me lapidem factam, nunc lapidem eſſe vides.
519 650 581 671 Item.
179 670 861 711 Viuam olim in lapidem verterunt Numina ſed me
145 704 709 746 Praxiteles viuam reddidit ex lapide.
383 754 708 788 De Aquilâ, vxore Loxani.
205 787 881 822 Olim Aquila eterris Ganymedem inuexit Olympo,
242 820 696 855 Hinc ales magni dicitur eſſe Iouis.
202 854 814 888 At nunc Loxano quæ præmia digna dabuntur,
31 849 85 882 l
193 887 850 927 Qui de eœlo Aquilam tranſtulit in thalamum?
376 930 665 966 Horologium fulmina tam.
26 944 81 989 I
201 955 821 1000 Cum ſoleant Horæ rapido trahere eſſeda curſu.
200 1001 765 1032 Temporis & celerem præcipitare rotam;
26 1003 81 1043 l
201 1031 934 1066 Res bene habet:pater omnipotens rapida eſſeda fregt,
196 1066 766 1101 Fulmine currentem deuoluitque rotam
22 1083 56 1132 l
193 1099 835 1134 Hincregnum Acidæ, Alcidæque nepotibus olim
234 1132 661 1166 Stabit, & æterno gloria fixa pede.
183 1164 799 1200 is ego nec metas rerum, nec tempora pon
20 1186 56 1243 l
218 1197 688 1234 Prædixit magnus Iupiter igne ſuo.
913 1235 974 1264 Ege
20 1259 158 1301 I
