1366 1447
235 37 637 71 C ALCAGNINI.
765 55 809 78 22
2 85 596 125 Ergo ſuas Fortuna vices & tempora vertet.
20 124 689 156 Hic modo quam vertat, non habet illa rotam
193 158 599 190 In organum Muſicum ex alabaſtro.
24 190 694 230 Mirati veteres reſonas in Memmone chordas,
936 197 1020 232 i
68 224 610 250 Promere diuinum Sole oriente ſonum.
20 256 659 291 Quo primum in ſaxo cæſi chelys Orpheos hæſit,
70 290 553 317 Edocuit ſaxum reddere dulce melos.
19 323 706 357 Non hæc vanaputes: teſtis mihi Mantua, teſtis
72 357 736 390 Prnceps Palladii magna Iſabella chori.t
24 388 736 422 Audimus candentem alabaſtrum, audimus ophitem
69 424 537 456 Dulces concentus edere ſponte ſua.
19 454 703 491 Credibile eſt illis citharam appendiſſe Maronem,
66 490 672 527 Atque hinc tam miros ſaxa bibiſſe modos.
194 525 534 556 Deom d&tnoni.
30 556 618 591 Quo Romæ diſpar ſit docta Bononia dicam:
72 590 549 623 Hæc facienda legit:illa legenda facit.
204 625 581 657 Epitaph. Ludouici Pannen. Regu.
19 646 691 692 Rex ego Pannoniæ Ludouicus fortiter rgens
71 690 547 723 Turcarum regem fortiter occubui.
943 704 990 738 i
36 722 692 765 Nec graue pro regno, fateor, cecidiſſe putaui;
71 757 616 789 Sed graue cum regno me cecidiſſe meo.
179 791 624 821 Iulii ſtatua in tormentum conflata.
22 824 738 859 Iulus eram, ſubiit rigor ille in viſcera notus,
71 855 713 890 Eſſeque tormentum me mea fata iubent.
36 890 632 923 Et natuta prior manet, & furor inſitus olim.
72 923 612 959 Vnum diſſimile eſt;mollior ante fui.
251 958 567 989 Demtonio Conſtabili.
31 989 760 1027 Ad tumulum ſtat Fama, tubâq; hinc perſonat, tque
957 1012 991 1047 i
75 1024 594 1056 Antoni, in laudes innumera oramouet.
36 1049 710 1090 Conſtabile inde genus virtutem hic audit Eou
74 1088 626 1123 Hinc larg impenſas Heſperus audit opes.
35 1120 732 1156 Hinc ſancti benefacta animi procul excipit Auter:
76 1155 571 1189 Hinc longe Boreas fortiter acta notat.
28 1188 613 1222 ntonii late reboant præconia: at ipſe,
45 1217 587 1255 pſe ingens orbis non tamen illa capit.
730 1249 880 1292 Fama
905 1297 1011 1332 H.
