1034 1340
458 26 650 51 C ÆLII
199 69 787 103 Fama tubam in laudes, in laudes ora fatigat:
234 103 777 138 Tot tamen in laudes ſe negat eſſe pa em.
498 138 618 169 De Hyellâ.
200 169 741 203 Impunè vt futui poſſit, bacchatur Hyella.
237 202 756 234 O ſtulti, non eſt deſipere hoc: ſapere eſt.
332 238 688 271 Quod ſi aicæ mancipatus.
199 269 864 304 Quid mihi vobiſcum ſocii: mea pectora fruſtra
237 304 742 336 Poſcitis, Euphroſyne vendicat illa ſibi.
203 335 846 370 Euphroyne ſbi habet, ſibi poſſidet omnia ſecum
235 369 730 402 Abſtulit, atque ſuo condidit vna ſinu.
200 402 811 435 Nam dum ſæpe roſas commiſtaque lilia miror;
233 435 729 467 Inſertosq; onyces murici ineſſe puto;
199 466 857 508 Illa mihi incauto rapuit cor, & intima prorſus
234 501 740 535 Pectora lacteolâ eſt depopulata manu
198 534 854 567 Me miſerum, qi nunc ſine corde & pectore viuo:
231 568 708 601 Si non eſt potius hæc mihi vita mori.
198 601 869 634 Sed mihi mors melior foret atque optatior: at nunc
232 634 753 667 Vinere nec fas eſt, nec bene poſſe mori.
200 667 786 701 O Superi, ſi non aliter fas tollere flammas
232 700 760 729 Vna ſit & flammis, & mihi ſumma dies.
198 733 699 769 Illa dies felix & fauſta vocabitur à me.
233 767 717 801 Excutiam à ſæuo quâ mea colla iugo.
198 799 831 834 Libera in Elyſis noſtra vmbra vagabitur aruis,
234 833 845 869 Ni modò in Elyſiis ius quoque habebat amor.
197 864 900 901 Me miſerum, fruſtrà queror, & magis ingruit ardor,
233 899 804 934 Sæuit & in miſero pectore flamma magis.
196 932 784 969 Ah crudelis, & ad noſtras tam ſurda querelasl
218 966 816 1002 Te nihil iſte dolor, mœſtaque verba mouent.
194 1000 796 1033 Quque magis fruſtra lamentor, acerbius vris.
229 1034 697 1068 Atque in metanto ſæuius ignis agit
197 1067 796 1102 Denique quid faciam ignoro:tu ſola ſalutis
227 1101 732 1129 Spes mihi: tu vitæ maxima cauſſa meæ.
194 1131 913 1168 Namque ego ne duros properarem abrumpere nodos,
227 1163 708 1201 Obſtitit illa mihi gratia, ſuada, lepos;
195 1194 777 1241 lle decor vultus, quo me perſæpe cadentem
883 1240 980 1265 Fauci-
