1378 1458
238 65 610 92 CALCAGNINI.
783 64 898 107 am
1 95 544 142 Faucibus ex Orci reſtituiſſe potes.
48 141 695 178 Tene ego deſererem?te cara relinquere poſſem?
51 175 668 208 Ah mihi aceiba dies, ah mihidura dies
902 188 936 218 t
34 208 637 248 Poſſem ego purpnreis ergo caruiſſe labellis
74 242 655 274 Poſſem ego tam pulcras deſtituiſſe comas?
61 275 661 309 Poſſem ego Ledeis certantia lumina flammis,
94 309 580 341 Et tam meilito linquete verba ſono?
58 341 660 375 Ante Cupidineos penitus conſumar in ignes;
92 376 538 409 In cineres potius delicuiſſe velim.
59 409 643 439 Tu tamen, O ſi te ſemper vehementer amaui,
90 442 580 474 Et vehementer amo, mitior eſſrlis.
58 474 697 512 Quandoquidem tua ſunt, quæ tam erudeliter vris
90 508 752 541 Pectora, & hæctua ſunt quæ male corda domas.
57 542 647 570 Sum tuus, & tenues ſi fors diſſoluar in auras:
35 575 674 611 Quioquid erit damni;crede erit omne tuum.
752 604 789 626 V
204 609 626 641 Ludus Nympharum, niuempore.
55 627 790 676 Nuper Hyperboreis Aquilo de cautibus hauſtas
88 675 532 709 Irriguo late ſparſerat ore niues.
53 707 585 739 Horrida nocturnis canebat terra pruinis,
938 714 987 747 ii
87 741 593 776 Fulmen concretis omne rigebat aquis.
44 774 611 810 Atquadſtricta gelu labentia vellera cœlo,
87 807 622 839 Subluſtris circum cauſſa nitoris erant.
950 822 1017 853 j
52 840 646 876 Hoc igitur blande candore illecta Melenis;
87 874 643 908 Huc, inquit, comites, huc Galatea voca.
53 905 698 941 Huc agite, ò Nymphæ, ſeu ſtagna liquentia curæ,
87 940 577 974 Seu mage furtiuis culta fouetis aquis.
53 972 760 1008 Huc Nymphæ Aonides quque inter luſtra ferarum
56 1006 575 1039 Montiuagæcolitis innuba ſigna Deæ;
54 1036 712 1072 In numerum hibernas Huat exercere palæſtras,
86 1072 563 1098 Et niue ſuffartas conſeruiſſe manus.
52 1104 801 1141 Hæc vix fata, & iam linquumt ſpelæa Napeæ,
915 1126 990 1166 s
89 1137 652 1173 Decurrunt Dryades, Naiadesque iugis.
759 1138 831 1169 ,
53 1162 802 1208 Liquentesque globos volucrem meditantu in orbe,
88 1206 672 1239 Et compacta gelu protinus arma parant.
40 1235 743 1275 LInque vicem Nymphæ gelidos luctantur in ictus,
757 1265 851 1302 Perq;
524 1269 677 1310 LI
890 1317 1010 1351 .
1246 1372 1376 1394 s
