1006 1335
434 38 626 67 CÆL
200 80 725 121 Perque ſinus luidos lubrica tela cadunt,
168 115 722 155 Theſpia florentes furas euincta cothurno,
205 149 742 187 Conereto geriæ percuit imbre genas;
170 180 741 219 Percuſſæq; genæ dulcem traxere ruborem:
207 214 707 249 Scilicet in nieo plus decet ore rubor.
174 247 761 284 Tum vero .geria, non hoc impune feremus
207 284 690 319 Dixit, & vltrices tendit in ora manus.
176 314 785 352 Theſpia ſed fugiens, ſibi quo noua tela pararet,
209 347 696 382 Labitur, & retegit nobile lapſa femur.
178 381 880 418 Riſerunt Nymphæ, riſit nemus omne propinquum;
214 414 670 449 Adſurgit celeri protinus illa pede.
179 444 761 478 Tum feſtinantem moles glomerare niuoſas,
214 478 774 515 Ægeriam rapidâ Cyirha morata manu eſt.
180 513 880 546 Illa autemin Cyrrham totum iacit agmen aquarum,
215 546 708 582 Etmunus, dixit, hoc pietatis habe.
185 571 836 613 Tumdocta Eurymene certamen triſte diremit;
216 612 821 649 Dum dirimit, preſſit fluxa ruina comas,
184 644 806 682 Diſiecitque omnes ſublimià vertice crines:
220 679 676 714 Diſiectis Aquilo ſuauia mille dedit.
154 711 954 748 Concitaque Eurymene, nune hanc, nunc prouocat illam
220 744 809 781 Atque hoſtem, quoniam neſcit, vbique putat.
187 778 787 811 Nec minus Ædone proles generoſa Calypeus
222 812 754 845 Deturbat Clio clam pede adota pedem.
153 845 736 883 Nyſa inter corylos, inter myrteta Lycoris,
154 878 710 911 Se Nemeſis lauro, ſe ſalice Hyla tegit
154 909 900 950 Atque locum nactæ modò in hanc iaculantur & illam,
222 944 789 978 Et iaciumt furtim, ſeque deinde tegunt:
188 971 821 1011 Dum ſociâ Dryades arbuſta indagin: cingunt.
223 1011 691 1044 Atque ilfas latebris deuoluere ſuis.
154 1042 833 1076 At tunc præcipiti prorumpunt agmine Nymphæ,
154 1075 797 1109 Atque omnes propere mutuus ardor habet.
154 1098 924 1142 Fybla Thoën, Chariteſſa Nedam, Lydam adpetit gle
227 1142 735 1175 Et poſtſe longum quælibet agmen agit.
191 1173 793 1208 Certatim fugiunt, certatim deinde ſequuntur,
224 1207 772 1243 Alternoque ertat Laurea vttinque gtadu.
887 1247 950 1271 Ecce
