1371 1394
206 44 674 84 CALCAGNINI.
65 88 652 124 Ecce vides victas, modo quas viciſſe putaras;
101 123 688 158 Nec fors vna manet, nec manet nus honos.
65 157 762 189 Dumque ita decertant, dum ludicra prælia micenq
98 191 691 224 Miſceri audierunt omne fragore nemus.
62 225 691 257 Protenus arexere aures, atque omnia luſtrant;
96 257 654 291 Congeſtæque manu procubuere niues
63 290 653 326 Ecce adſultautes Satyros de ertice montis,
97 323 652 357 Atque hilares Panas proſiluiſſe vident.
63 356 636 390 Nec mora, feſtino complerunt onia curſu;
97 389 598 422 Et raptim inſtructos deſeruere choros.
55 422 698 461 Tum rupes propere & ſolitos petiere receſſus;
53 456 536 494 Et trepidæ latebris delituere ſuis.
298 491 585 522 Maſiniia Soponiſt.
44 522 698 560 Quod nullam primâ ſcripſi tibi fronte ſalutem
95 557 641 589 Hloc primum duri carminis omen habes.
59 589 690 624 Ipſe quidem ſolitum morem ſeruare volebam;
95 623 605 657 Sed mihi ſcribenti non eratvlla ſalus.
55 656 739 693 Quod licet, o coniunx, utinam mihi plura licerent.
64 690 616 722 Do tibi; ne longum ſit cupienda ſalus:
59 722 630 755 Et cum felicem nequeam te reddere, certt
92 757 655 789 Vindice me, infelix nonpotes eſſe diu.
59 785 774 822 Hac ſeruare fidem tantum mihi parte relictm eſt;
94 823 624 855 Cetera cùm nobis inuida fata negent.
58 856 660 890 Nec cecidifſe mihi genialia pactaputatm
93 889 646 921 Neve datam credas me violare fidem.
58 920 724 953 O ſicut memori manet, & mihi mente manbit,
91 954 644 988 Poſſet ita ex animo tuta manere fidesl
58 988 682 1022 Si mihi prooto fortunam fingere detur,
94 1021 666 1054 Conſiliumque mihi non aliunde petam;
56 1053 700 1088 Pars quota curarum iubeat tibi cura alutis,
97 1086 656 1114 Scilicet hæc miſeros ſollicitare ſolet;.
58 1120 601 1154 Sublimis longeque viri felicior auſis,
94 1154 577 1186 Inter Getulas conſpicienda nurus
57 1185 687 1220 Ires, participem mecum ductura triumphum;
101 1220 638 1254 Nuper ab incaopræda relicta viro.
763 1248 858 1287 apt-
