1048 1344
493 29 684 54 c RLII
172 71 828 107 Captiuumque vn ſcires hac parte Syphacem,
190 106 728 139 Quod ſolitâ maior conlitione fores;
214 140 737 172 Tutior, & multo, rerum tutela mearum,
247 172 742 204 Nec rurſum hoſtili diripienda manu:
214 202 848 239 Denique quicquid amans iuraui victor amanti,
251 239 722 270 Ex nullâ noſſes parte carere fide.
214 271 876 304 Stat mihi adhuc animo præſens tua flentis imago,
249 304 764 336 Obuia cum primo limine facta mihi es.
215 337 847 371 Addebant lacrimæ decus, & vox ægra mouebat,
218 371 733 397 Et ſciſſæ veſtes, & ſine honore comæ.
215 404 897 438 Quid dicam? cum tu præbens mihi pectus apertum,
251 437 763 469 Et iugulum, dixti. quem petis, enſe feri.
213 470 868 502 Illum egone iugulum, mea lux, mea vita, ferirem
194 502 804 534 Quippe meus ſanguis non tuus inde fluat.
204 536 851 570 Qud fles, quid miſeros, dixi, corrumpis ocellost
248 569 826 601 Nullus ab hoc prorſus imminet enſe metus.
215 602 825 637 Noſtta eris, & fidei tibi ſit mea dextera pignus;
228 635 778 669 Tu modo ſollicitos pectore pone metus.
213 669 804 702 Non tu vincta manus Capitolia celſa videbis,
216 702 741 734 Nec tibi ſeruili penſa trahenda manu.
212 736 845 769 Et modo quæ manſit, poſthac fortuna manebit,
246 769 761 802 Et quod vir fuerat, hoc tibi ſemper ero.
212 801 828 834 Neve aliquod poſſit promiſſa reſoluere fatum,
245 835 699 862 Iuncta meo viues, & moriere toro.
209 866 829 902 Annuit his patim Venus, & partim irrita fecit:
247 901 726 930 Non viues noſto, ſed moriere toro:
208 933 774 967 Cumq; tuæ nequeam vitæ ſeruator haberi,
243 968 680 1002 Nec reus iuiſæ proditionis agar.
200 1000 828 1037 on equidem ſceptro mecum potiere recepto,
233 1033 698 1067 Sed nec victrices eperiere manus.
195 1066 729 1100 HEn ptopinabit rſtem cratera miniſter,
239 1099 692 1134 Atque adſetori pocula ſacra Ioui
173 1132 791 1171 HHæc tibi connubii certiſſima munera ſunto;
240 1166 753 1201 Ha. dotis numeros aceumulamus ope.
194 1196 752 1231 Ebibe, & auſpiciis calicem felicibus hauri:
888 1242 999 1278 Dege-
