1362 1444
257 40 639 85 CLCAGNINI.
797 60 844 83 S.
86 97 627 131 Degeneres animos non timor vllusagat-
50 129 685 162 Sic decet Haſdrubalis ſobolem. ſic pattia victrix;
85 164 640 199 Sic magni Hannibalis fortia facta mohent.
51 195 724 230 Hoc Giſgonis aui votum eſt, hoc ſuadet Hamilcar,
85 231 575 264 Hoc tibi Barchinæ gloria gentis opus.
49 261 703 297 Factio quid cupiat diuerſa, quid adpetat Hannon,
85 296 588 328 Coniect are etim, me reticente. potes.
50 324 743 365 Sume age, nec quidquam generoſos terreat auſus,
84 364 578 389 Neve reformides nomen inane necis.
48 394 723 430 Mors etenim eſt homini communis meta laborum;
83 430 596 461 Et mala cum ſoluat, nil habet ipſa mali.
48 461 624 496 Res vna eſt, quæ te vel ſola offendere poſſit,
83 497 526 528 Si fuerit lethi forma pudenda tui:
49 528 640 563 Si timida, & Stygias inuiſas degener vmbras,
949 528 1017 566 i
68 563 628 595 Et famam. & vitam tempore menſa pari
948 565 1014 601 p
46 595 718 636 Ah. quanto ſatius fragilem contemnere vitam,
82 630 607 662 Vt te poſt cineres fama loquatur anus.
48 661 704 694 Res breuis & facilis mortem conſtanter adire;
82 695 627 728 Sed breuis hæc, logi cauſſa decoris erit.
937 702 995 729 l
48 726 666 769 Non poterunt hoſtes ipſi non facta probare,
947 759 1015 779 I
80 764 564 795 In ſexuque animos deteriore mares.
47 794 747 830 Quales deinde viros, quantosque in bella putabunt,
79 829 640 861 Audeat hæc quando fortia molle genus?
44 855 761 895 Romam etiam fama hæc celc bris penetrabit, eritque
81 896 645 927 Matribus Auſoniis nomen in ore tunm.
907 899 1067 944 u
46 928 684 963 Neſcio quas, multum celebrant heroidas illæ:
83 961 624 997 His, reor, accedet mox Sophoniſta comes.
44 992 716 1032 Canaque cum Cyrtham poſt ſecula venerit hoſpes,
79 1028 534 1063 Hic olim, dicet, quanta puella fuit
45 1058 604 1096 Quod ſi ſera ætas tam claros neſciat actus,
79 1094 578 1127 Nec tibi contingat poſteritatis honor:
42 1126 664 1162 Attamen eſt melius inuifam abrumpere vitam,
79 1160 533 1195 Et longe præſtat deperiiſſe ſemel,
928 1173 1002 1203 t
45 1191 687 1229 Quàm perferre diu Romani opprobria faſtus,
931 1202 1002 1237 l
78 1227 595 1263 Arbitrioque hoſtis fanda neſanda ati
513 1255 551 1271 e
722 1257 827 1290 Nec ta-
