1329 1354
756 23 954 49 CLII
482 36 557 66 B4
477 69 1188 104 Nec tamen intactum quidquam immotumve reliqui,
513 103 959 138 Vt te perfiuerer ſoſpite ſoſpes ego.
481 137 1061 169 Sed Dus iuidit notro minus a quus amori
515 169 1056 205 Et qui poſt Superos regna Latinus habet.
481 203 1083 237 Scipio factum odit: me Lælius increpat vltro,
514 236 1044 269 Et non temnendas addit vterque minas.
479 270 1085 302 Et iam nulla poteſt damis medicina parae
515 302 995 333 Mors ſola ærumnas bſoluſie poteſt
481 331 1076 369 Sæpe mihi, fateor, fu:t impetus ire per enſem,
514 370 994 401 Et vix ſe a iugulo continuere manus.
480 401 1098 436 Continuere tamen; quod nec peperiſſe ſalutem
515 435 1022 467 Nec mea mors poterat conſuluiſſe tibi.
479 468 1036 497 Et diſerimen erat, ſi me mea fata tuliſſcnt,
515 501 943 530 Ne tua res ſtaret deteriore loco.
478 533 1084 568 Nec viuam, quod ſit poſt te mihi viuere dulce,
512 568 1060 600 Omnia cum tecum gaudia noſtra cadant,
482 601 1133 633 Sed mihi in inuidiam Fortunæ viuere certum eſt,
516 634 993 668 Ne prorſus noſttis gaudeat illa malis.
478 667 1105 701 Multaque cum videat, non funera bina videbit;
514 701 1029 733 Nec geminâ tinget cæde ſuperba rotam
451 733 1122 767 Adde, quod ex aliquâ fuero dum parte ſuperſtes,
323 757 358 793 i
510 767 1040 800 Tu quoq; vel magnâ parte ſuperſtes eris.
439 798 1093 834 Ipſeque dum viuam, medio mihi pectore viues;
478 834 1101 867 Ac neutrum, aut idem finis vtrumque traliet.
475 867 1129 899 Multa tuos etiam tangent hinc commoda manes;
507 900 963 933 Nam veniet cineri debitacuta tuo:
472 933 1031 965 Et vernos flores violis pallentibus addam;
508 967 957 999 Nee patiar lacrimis illa carere meis
314 987 362 1025 s
371 984 410 1026 I
473 999 1052 1027 Inſcribam tumulo carmen miſerabile luctus
507 1033 1024 1065 Quodnoſtri, & noſtri teſtis amoris erit:
312 1044 347 1086 j
433 1058 1093 1103 Vir Maſiniſſa, vxor Sophoniſta, periuit vterque:
460 1099 961 1129 Viuus hic, hæc faro fortiter vſa ſuo.
642 1136 923 1167 Peloes Nox prima.
417 1160 1052 1201 Ite agite, d radii, textumque retexite penſum
444 1196 983 1236 Vt fant noſtra tempora longa mor.
1195 1244 1259 1270 Nec
