1375 1429
247 6 614 37 CAGNINI.
35 41 643 89 Ite agite radij, textumq; retexite penſum,
81 89 569 122 Vt fiant noſtræ tempora longa moræ.
48 122 674 154 Nos decet adſuetos pro tempore vertere mores,
83 157 534 189 Portigere & victas vtilitate manus.
48 189 608 222 Donec enim noſtris obſiſteret Ilion armis,
82 222 545 256 Ilion Argolici fama dolotq; ſoli;
47 255 569 288 Perſape accepi, vt voto fortuna faueret,
82 288 639 322 Argiuos proceres adſimulaſſe fugam.
49 322 659 355 Sæpe etiam noſt:os pcteret cum nauita portus,
81 354 513 388 Aduerſis vidi vela dediſſe Notis.
49 388 674 422 Sed mea per ſcopulos vexata adliſaq; puppis,
84 422 635 455 Quid fugiat nouit, non vbi ſiſtat habet.
48 455 659 488 Ite agite o radij, textumq; retexite penſum;
83 489 566 520 Vt fiant noſtræ tempora longa moræ.
49 522 628 554 Saxa etiam, ſaxa actæo quæ in littore cernis,
78 554 598 587 Et quæ Noritio vertice cæſa cadunt,
46 587 621 620 Viua prius fibris terram & radice tenebant;
81 622 559 652 Nunc nudum ventis exeruerelatus.
35 647 665 695 Quin & in aduerſas ſe obfirmat populus vndas,
81 687 631 720 Cum ſudum egeritur tota ſaburra ſinu.
47 720 629 753 Et ſacri piſces tranquilla per æquora ludunt:
78 753 634 786 Fluctibus immineat ſi qua procella, latent.
45 785 687 819 Noſtra caret vicibus Fortuna; ſed in mea ſemper
78 820 659 853 Damna tenax, tantum hic mobilitate vocat.
44 853 658 886 Ite agite radij, textumq; retexite penſum;
81 887 629 920 Vt fiant noſtræ tempora longa moræ.
46 918 616 952 Ne ve adeo pigeat os per ſubtemina nota,
79 953 491 986 Pernici toties ire redire gradu.
44 985 660 1019 Hanc operam præbete mihi. iuga dura iuuenci
80 1017 741 1051 Cum bene protulerint, mox quoque ferre ſolent.
43 1051 749 1084 Et quanquam iniuſtum ceruicem adtriuit aratrum.
80 1084 671 1117 Attamen attrita grandia plauſtra trahunt.
44 1116 746 1153 Hauſerit & poſtquam cupidus plena vbera paſtor,
79 1151 568 1184 Improba lanitij damna ſubibit ouis.
43 1182 720 1218 Sic caret inducijs noſter dolor, atque viciſſim,
760 1214 851 1244 Vna
