1021 1350
481 10 652 46 CLII
180 64 784 101 Namq; ferunt illum paſſu dum concitus iet,.
214 98 714 132 Ad ſilicem læſo procubuiſſe pede
180 132 737 165 Procubuit: lapſu diſtracta eſt lignea pyxis,
214 165 791 200 Quæ nunc de pueri nomine nomen habet.
182 198 787 229 Scilicet hic etiam miſeros Fortnna fatigat,
216 231 751 266 Quod nequeant ſummis delituiſſe malis.
181 265 785 299 Ite agite radij, textumq; retexite penſum;
214 299 698 331 Vt fiant noſtræ tempora longa moræ.
180 332 767 364 Ille autem iacet attonitus, nec ſurgere cutat,
216 365 735 396 Neſciat an redeat, vel breue pergat iter.
179 394 885 429 Hinc metuit dominam, hinc fruſtra ſe pergere ſentit;
216 430 780 464 Ergo Deûm auxilium ſegnis inersq; vocat.
182 464 778 495 Interea totos pallor grauis occupat artus,
217 496 826 530 Nec iam quæ fuerat priſlina forma manet.
183 529 844 562 Nam pater ipſe Herebi, gemitus miſeratus inanes,
216 564 763 597 Frondibus & viridi cortice membra tegit.
184 597 796 630 Dure iaces, penitusq; tuis ſtupor oſſibus hæſit;
218 630 741 664 Nec multo meliar ſors tua ſorte mea eſt.
185 664 787 697 Ite agite o radij, textumq; retexite penſum;
218 697 707 730 Vt fiant noſtræ tempora longa moræ.
185 730 717 763 Atqui debuerant aboleri morte dolores,
216 764 697 793 Et tua iam tandem fata carere malis.
183 796 754 829 Ecce etiam tua poſt obitum præciſa bipenni
217 823 933 864 Membra gemunt, miſeris mox quoque adacta modis
145 862 906 901 Namq; breuem in modulum te ſæuus vtrinque edegit
215 896 728 923 Dædalus; in medio cetera lintre cavat.
182 929 886 962 Spondæ extrema tegunt, Rhodius ceu nauita fluctus
216 962 718 996 Atcet, & t gemino margine vela regit.
182 995 854 1029 Nec mirum, quod veſtra adeo mihi conſtet imago,
214 1029 668 1063 Illa voluptatis portio ſumma meæ.
184 1063 787 1095 Ite agite o radij, textumq; retexite penſum;
218 1095 701 1129 Vt fiant noſtræ tempora longa moræ.
185 1128 788 1162 Addimus huc longum qua ſeſe porrigit axem,
220 1163 700 1192 Quem circa tereti vertitur orbe rota.
174 1194 695 1224 Hæc vomit adſiduo latentia fila rotatu.
866 1236 973 1271 Qass
