1015 1346
514 51 681 76 CÆ.II
210 63 256 84 542
208 96 755 130 Vt cœli motus labentiaq; aſtra videret;
211 130 771 157 Mox rediens ad nos Iouiani nomine, terris
213 163 790 197 Quid felix proſit, quid noxia ſtella minetur,
211 195 833 229 Expoſuit, noſtrisq; oculis ſubſtrauit Olympum.
213 230 894 263 Scilicet hoc deerat; pecudes, Styga, prælia, turmas
212 263 791 296 Scripſerat: extremum votis fuit aureus axis.
325 297 831 329 Imvgo D. Hieronymi in nucis cortice expreſſa.
210 329 772 363 Ecquis in anguſto ſpirantem margine fixit,
210 363 877 396 Te, pater, incuruumq; genu. impexumq; capillos
210 396 832 428 Et multà illuuie ſqualentem, incanaq; menta,
209 428 890 461 Pallidaq; ora fame, & multon e nbra horrida tabo,
209 461 886 487 Promentem e ſacco & maculoſa ncbride cinctum.
202 494 748 528 Et duro toties plangentem pectora ſaxo?
209 528 815 561 Pectoratot fœcunda bonis, quæ flumine largo
208 561 737 592 Fuderunt nobis arcana volumina Mſis,
207 594 802 628 Diuinas & opes, priſcorum oracula vatum,
199 627 729 661 Vnde ſalus, vnde & vitæ melioris origo.
190 660 905 701 Panditur, in cunctas præſcripto ex tempore gentes.
208 694 700 728 Cm ver nullus tanti pomeria limes
205 722 783 762 Ingenij. nullus vim linguæ includere post;
160 762 831 791 Nunc tamen & nucis in tenui ſtas cortice totus,
198 795 894 829 Et nucis area magna vacat: quando altera tantum
146 827 746 853 Pars bifidæ molis fuit acri obnoxia ferro:
196 860 836 895 Altera adhue riget, & ſociæ manet indiga laudis.
203 894 768 928 At tu docte ſenex totus non ſolus in illaes:
24 906 78 932 A
202 926 748 961 Nam tecum adſurgit ſaxis imperuia rupes
201 961 877 993 Hrrida, & attollens ad cœlum immane cacumen
200 994 846 1028 En etiam nemus vmbriferum grauis aura fatigat,
199 1026 825 1060 Atque huc atque illuc ſteriles prouoluit arenas,
200 1060 762 1095 Cumq; ipſis angues ſinuoſos miſcer arenis.
199 1092 735 1127 Parte aliâ pendet ſacrati ex more trophæi
199 1123 801 1160 Oſtro inſignis apex, duplici quem tenia nodo
199 1155 751 1193 Alligat, atque abiuratos teſtatur honores.
199 1189 892 1228 Mine viden vt totam longe procumbat in aluum,
195 1220 736 1262 defendat herile latus, vaſtosq; receſſus
72 1255 235 1308 ,
879 1268 966 1291 Oceu-
