1373 1407
248 30 614 54 CALCACNINI.
766 41 1009 94 e
1 70 607 106 Oecupet ille Leo, timor ille Libiſtidis oræ:
44 105 719 139 Nunc iacet, atque intra thefauros colligit vngues:
42 140 630 175 Illos olim vngues manantes cæde frequenti.
42 172 617 214 Aſpicis vt poſitâ nunc ſe ceruice reclinet,
3 206 542 240 Exertaq; ſenis lambat veſtigia lingua?
42 239 671 272 At te, ſancte pater, nec ſaxa, nec horrida rupes,
44 273 802 307 Nec fera, nec nemoris fragor auoeat. omnis Olympum
44 306 625 338 Mens inhiat, totum pectus ſuſpitat Ieſum.
41 339 838 374 Illum animo, illum oculis, illum omni concipis ore
41 373 698 406 Illum vnum adſpectas pendentem robore celſo,
41 406 705 439 Suſfixasq; manus, perfoſſaq; pectora, & heu, heu,
42 440 665 472 Omne caput lacerum crudeliter oſtentantem:
39 472 676 508 Atque hæc perpeſſum noſtras vt ſanguine noxas
41 505 600 536 Eluat, & miſeros Genijs cœleſtibus addat.
40 540 614 575 Ergo tantarum te nunc miracula rerum,
42 572 724 607 Nunc pietas, nunc ſumma mouet clementia patris,
38 607 718 639 Muneraq; & promiſſi animo obuerſantur honores.
40 640 655 671 Scilicet æthereas præclarum eſt ſcandere ſedes,
39 674 781 707 Et tandem numerum magnorum augere Deorum
39 707 688 740 Sic bene habet; tuacana fides tuaq; inelita virtus
38 740 676 767 Me iuuat, & ſanctis mens ſancta exereita factis.
40 772 733 807 Hoc piget; ipſe inſons atque omnis criminis expers,
41 807 672 840 Hei mihi, te nimium exemplis crudelibus vrges.
40 840 685 873 Tune adeo pius erga omnes, in te impius vnum?
40 874 684 909 Quid male mulctatum tergus, quid liuida ceruix
38 907 768 939 Commeruere? quid in Superos committere tantum
38 940 635 973 Hæ potuere genæ? flagris fletuqrigentes
38 969 686 1007 Quid latera hæc Cilicum crudeliter obfta ſetis.
38 1005 678 1039 Et ſpinis implexa? quid enthea pectra tantum
38 1038 701 1070 Admiſere nefas? quid mens cœleſtibus hauſta
36 1071 653 1106 Ignibus ? atque olim cœlipars magna futura?
912 1079 994 1111 I
37 1103 749 1139 Nunc quoque nil ſpirans niſi cœlum in carceretr
38 1137 716 1170 Auſa quid eſt? tantis quæ digna piacula pœnis?
39 1169 696 1206 Qm lacrimis, & ſollicitis ſingultibus vſque
38 1203 686 1242 Noc dii ruuiiss a vi cutias arida membris
