1018 1338
529 21 699 45 C LII
222 33 272 55 S44
225 61 797 100 Nititur, attritq; hærent compagine coſtæ:
225 98 976 133 Nec iam ille es, gelidum qui quondam natus ad Iſtrum
223 133 752 202 :aae:.
225 199 829 227 Cur tantum licuit de te tibi? non ferus hoſtis
223 233 794 264 Hæc auſit; non monſtra iſtis errantia ſiluis.
222 266 834 300 Tun monſtris, ſæuoq; in te crudelior hoſte?
223 300 882 335 Parce pater, tibi parce pater: nos verbera, nos hæc
221 334 937 367 Flagra decent. quos mille modis rapit impetus amens
222 367 846 399 Dum cœlum toties Superosq; laceſſimus vlt,
222 400 848 428 Hinc vocat Ambitio, trahit hinc veſana Libido:
223 432 895 460 Hinc mouet Ira ſuos ſtimulos, Timor inde coëtcet:
223 465 901 499 Hinc premit, illa animo lemper rediuiua, Voluptas.
222 498 882 533 Nos ergo exultantem, atque in diterſa trahentem
223 532 844 569 Caſtigemus equum; vt ſpatijs incluſus iniquis,
221 566 744 600 Et mores ferat, & leges patiatur heriles.
196 600 874 635 Sed quoniam ſinepræſidio, ſine Numine Dim,
222 633 771 663 Nitimur incaſſum, vis & humana fatiſcit;
221 665 835 702 Heus age, & infandos animo miſerate labores,
181 700 842 734 Huc ades o pater, & propiùs res adſpice noſtras:
220 733 799 768 Atque tuæ nobis plagæ, tua verbera proſint.
255 767 920 801 Hæc ego, cum, Bernarde, tuum admirabile munu
189 800 893 834 Adſpice rem mecum meditabar, & omnia circur
219 834 821 867 Luſtrabam, exili calyci nucis addita; quamuis
220 868 821 901 Nec labor exilis, tenuis nec gloria. quondam
219 901 852 934 Sic Callicratidæ Graii, & Myrmecidis artem
218 933 890 967 Mirati, & magnum vitreâ ſub imagine Mundum
447 969 753 1004 Ad Lilium Giraldum.
219 1000 608 1035 Nullus Pieridas magis ſorores
215 1031 690 1068 Amauit, neque rurſus illæ amarunt
215 1067 766 1102 Quenquam ex omnibus auctiore flammâ
219 1102 761 1136 Quam tu qui decus omnium Leporum es
219 1135 618 1167 Lili; cui chorus Elegantiarum
208 1163 750 1199 Hinc blandè adſilit, hinc fauet Voluptas,
220 1199 753 1239 Hinc plaudunt teneri greges Amorum-
932 1234 997 1261 O fe
