1344 1371
275 6 655 32 CALCAGNINI.
39 51 472 86 Ofelix ter & amplius, videre
64 82 534 119 Si poſſis bon, quæ Dei dederunt:
64 121 590 157 Quæ ſi gratum animum velis tenere
40 153 452 185 Muſis omnia debeas oportet
62 186 477 220 Illæ te puerum, imo vagentem
63 216 584 259 Cinxerunt hederâ, & virente lauro,
62 255 522 288 Et qua Pegaſus euocauit vndam,
40 287 456 320 Perennes latices tibi rigarunt.
63 321 554 356 Quin & barbiton illud, illud aureum,
63 356 499 389 Iliud dulciſonum tibi dederunt,
62 389 496 424 Quo mulcere feras ſoles,; & ipſa
40 422 524 455 Tenes flumina concitata quamuis.
40 456 529 489 Hoc ſummos proceres & optimates
60 489 612 530 Fortunamq;adeo, bonis nouercam
40 523 481 557 Pridem concilias tibi, &tueris.
40 556 433 591 Quare ſi mihi vera vis fateri,
40 589 554 624 Ingrate, vtreor, & parum modeſte
40 624 537 657 De ſacro quereris choro ſororum,
58 657 610 693 Quibus quicquid habes decet referri.
56 691 437 723 At vobis faciles nimis puellæ
56 725 499 758 Debet tamgrauis errorimputari,
40 758 580 793 Quas nullus prohibet pudor fouere
57 792 545 826 Quoſdam ſub gremio nimis licenter,
55 826 572 863 Atq; his brachia complicare collo,
53 859 416 892 Et largas dare baſiationes,
53 888 549 927 Atq; admittere in intimos receſſus:
54 926 473 961 Qui cum delitias atis fuperq;
52 959 528 993 Hauſerunt ſaturi atque nauſeantes,
52 992 540 1026 Veſtros nec faciunt pili Lepores,
50 1026 517 1059 Ah multis ſine fine concupitos:
52 1058 522 1096 Quod vobis modo contigiſſe vidi,
52 1089 622 1128 Cum multo vnguine delibutus, & am
51 1125 508 1160 Multo nectare paſtus, ille veſter
53 1160 424 1192 Veſtri gloria Lilius vireti,
37 1190 520 1236 In vos plurima probra congerebat,
