1033 1342
497 23 663 51 CLII
196 44 243 70 t
197 67 639 112 Dii boni, probra plena ſuauitatis,
199 102 718 147 Et quæ, ingrata licer, tamen placeret.
201 132 722 178 Namq; hic vcſter alumnus, hic ocellus,
203 169 627 207 Cui veſtras licet vt lubet papillas
178 200 667 245 Atirectare manu, & notare morſu;
202 238 570 273 Vcſtris delici s ſatur ferocit,
196 266 744 313 Atque vtcunque poteſt mouet duellum:
198 304 651 344 Satr gramine, ceu ſolet iuuencus
191 336 703 383 Dura ouertere cornua in colonum.
373 369 697 404 De tribus pulcerrimis puellis.
206 399 747 442 no eodemq; die ttes conuenere Puellæ,
240 433 788 470 Formoſæ ante alias quas Tiberinus habet.
198 464 823 505 Fit Laterane tuas luuenum concurſus ad ædes,
245 499 771 541 Et ſtupet, & dicit nonine quiſque Deas.
176 534 686 579 iſa fuit multis Iuno Lauinia, Pallas
243 567 738 605 Liuia, non paucis Claudia viſa Venus.
191 598 852 640 Tunc Tibris: procul hiuc dixit Paris abſit & Iris.
243 634 776 675 Hæ ſunt præſtanti corpore tres Charites.
446 671 622 702 Da vini rigivo.
208 700 708 743 Terrigenæ victi, victor Saturnius, actis
243 735 766 776 Vndique Phlegræis molibus horror erat.
204 766 775 810 Mœſta parens Tellusin vites oſſa redegit
244 798 859 835 Cæſorum, & vinum eſt qui modo ſanguis erat.
195 833 809 876 Ah ne quis mala vina bibat: de ſanguine nata
195 868 710 912 Qui piberit, cædes exitiumq; bibet.
413 904 686 938 Hymnus in Sanitatem.
200 935 732 979 Oquà nec altera vetuſtior eſt Cœlitum,
203 971 623 1005 O vna cunctis expetita Sanitas;
208 1001 857 1047 Quodcumque reliquum eſt vitæ tecum vtinam
210 1034 817 1079 Agam, & vna omnium contubernalis ſis mihi:
21 1058 55 1096 h
202 1068 805 1114 Quicumque enim fortunis ftuitur aut liberis,
212 1103 683 1137 Aut eſt aliter obnoxius Volupiæ;
201 1136 732 1168 HFauente te vnâ cuncta habet fauentia;
210 1167 789 1201 Adflant & illum Charites: etſi media hiens
208 1201 697 1249 Rigeat. tamen ver illi floſculos parit.
830 1232 995 1273 Abſen-
14 1292 74 1340 ſ
