1038 1347
525 29 691 55 CLII
228 72 499 108 Multoq; luculentius
229 105 578 140 Dictum videtur omnibus;
232 141 574 174 Quod dixit ille Antonius,
229 174 570 200 Fautor bonorum ciuium,
230 207 517 241 Defenſor vnus patriæ,
230 241 551 274 Tribunus ille maximus,
228 273 607 307 Auroq; equeſtri ſplendidus;
233 307 598 340 Cui ni genus nomen daret,
230 340 575 374 Nomen daret conſtantia;
230 374 610 408 Quilonge auorum gloriam-
230 407 512 439 irtute præuenit ſuâ.
232 440 545 473 Rogatus ille publict,
233 472 678 505 Quo moreſummum principem,
229 506 677 539 Quo pharmaco omnem patriam-
229 539 609 565 Ad ſeſe amandum adlexerit:
229 571 606 606 Reſpondit alto ex pectore;
232 606 505 641 Me diligentes diligo.
351 641 798 674 Ad Hippolytum Etenſem, Cardnaem
230 673 936 711 Sane opus hoc fuerat paruum, nunc maximè Princeps
207 708 683 742 Ingens auſpicijs incipit eſſe tuis.
206 736 881 776 c ſacra mox fiunt, Superis quæcunque dieamus.
262 776 811 808 Numinis & ratio Principis vna eadem eſt.
455 811 685 840 Ad Fuſci tumulum.
220 840 744 876 Fuſce tibi Muſæ, Pallas tibi vel naſcenti
258 876 714 909 Attulerant largâ florea ſerta manu.
207 908 729 944 Et cum temater luco peperiſſet opaco,
256 943 676 975 Protinus illuſtri te ſtatuere loco.
207 973 851 1012 Famaq; & ad cunas blandis Honor adſtitit alis
254 1009 711 1044 Illa caput myrto cinxit, at illa rosa.
216 1041 890 1079 egibus hinc magnis, hinc magno gratus alumno,
247 1076 721 1111 Et rerum. & egni muniafolus obis.
214 1108 852 1146 Mt nunc, Fuſce, iaces, & tot bona perfluxerent;
250 1143 677 1176 Totq; animi flores deperiere tui.
214 1173 810 1210 Vna dies nobis longum deous abſtulit; & tot
240 1209 777 1251 umfugem ollgit vba beuis
881 1254 994 1285 e
