1357 1370
272 1 636 27 CALCAGNINI.
45 39 721 81 Atpopulus putat in primo telimine raptum
45 78 644 113 tCum vixiflediu te tua facta probent.
45 115 676 156 Quod ſi metimur rerum monumenta tuarum;
45 148 607 180 Nulla ætas potis eſt, nulla abolere dies.
303 191 518 226 Adgrallatorem.
45 220 710 268 Cum tibi myrmicinus grallator im vocetur?
45 263 833 307 Te, qui magnus homo es, num bene Aduoa vocem
221 312 660 345 Orpheus, in Eurydicem nondum ſuam.
44 343 685 381 Plectrum age ſi potis es, ſi quid te gloria tangit,
45 379 574 411 Flectaturq; ſono dura puella tuo.
45 410 582 443 Traxiſti, fateor, vicino e vertce cautes;
93 445 638 479 Vidimus ad cantus obſtupuiſſe feras.
45 476 694 520 Adcurrit, ceu quæq; fuittibi proxima, quercus,
58 511 623 545 Cum fibrisquercus ſponte reuula ſuis.
45 545 741 586 At tibi nil actum: Eurydice nil carmine mota o,
45 579 689 618 Caute, feris, quercu durior Eurydice
288 619 556 651 Adtumulum Quintiæ.
45 646 700 684 Defle, Amor, ad tumulum, ſolue Elegeia comus
51 685 625 718 Myrrha, tuos crines pone, Hyacinthe tuos.
45 719 614 757 Quintia obijt; ſed non Quintia ola obijt:
45 752 599 785 Rius obijt, obijt Gratia, Luſus obijt.
45 783 677 820 Quintia obijt. ſed cum Quintiâ & ipſe obij.
52 816 691 851 Nec mea nunc anima in pectore, ſed tumulo et.
51 852 605 885 Hei mihi, non poſthac decipietur Amor;
45 885 592 919 Cui mater erebro Quintia vifa fuit;
51 919 539 953 Inq; huius poſuit neſcius arma ſinu:
50 950 650 985 Arma, inquam, quæ me ſurripuere mihi.
49 982 704 1019 Heu heu, triſte iugum quiſquis Amoris habet;
51 1018 560 1052 Et prius, ae norit ſe perijſſe, perit-
341 1055 465 1079 Dous.
53 1082 749 1119 um Deus his membris compactus, qualia dicam:
53 1117 688 1152 Ornatus cœli, vertex: venter, mihi pontus.
53 1150 757 1186 Sunt mihi terra, pedes: ſummo ſtant ætheris aurea
51 1184 621 1220 Sunt oculi nitidi ſplendentia lumina Soll.
778 1204 842 1248 P
