1357 1370
272 1 636 27 CALCAGNINI.
796 11 843 35 4
1 11 721 81 Atpopulus putat in primo telimine raptum
1 72 644 113 tCum vixiflediu te tua facta probent.
3 115 676 156 Quod ſi metimur rerum monumenta tuarum;
24 148 607 180 Nulla ætas potis eſt, nulla abolere dies.
303 191 518 226 Adgrallatorem.
4 220 710 268 Cum tibi myrmicinus grallator im vocetur?
4 263 833 307 Te, qui magnus homo es, num bene Aduoa vocem
221 312 660 345 Orpheus, in Eurydicem nondum ſuam.
1 343 685 381 Plectrum age ſi potis es, ſi quid te gloria tangit,
36 379 574 411 Flectaturq; ſono dura puella tuo.
1 410 582 443 Traxiſti, fateor, vicino e vertce cautes;
93 445 638 479 Vidimus ad cantus obſtupuiſſe feras.
1 476 753 520 Adcurrit, ceu quæq; fuittibi proxima, quercus,
58 511 623 545 Cum fibrisquercus ſponte reuula ſuis.
903 525 1003 561 I
9 545 741 586 At tibi nil actum: Eurydice nil carmine mota o,
901 558 978 599 u
18 579 689 618 Caute, feris, quercu durior Eurydice
288 619 556 651 Adtumulum Quintiæ.
1 647 700 684 Defle, Amor, ad tumulum, ſolue Elegeia comus
51 685 625 718 Myrrha, tuos crines pone, Hyacinthe tuos.
898 717 1006 777 I
1 719 614 757 Quintia obijt; ſed non Quintia ola obijt:
1 752 599 785 Rius obijt, obijt Gratia, Luſus obijt.
1 783 677 820 Quintia obijt. ſed cum Quintiâ & ipſe obij.
52 816 691 851 Nec mea nunc anima in pectore, ſed tumulo et.
51 852 605 885 Hei mihi, non poſthac decipietur Amor;
13 885 592 919 Cui mater erebro Quintia vifa fuit;
51 919 539 953 Inq; huius poſuit neſcius arma ſinu:
50 950 650 985 Arma, inquam, quæ me ſurripuere mihi.
49 982 704 1019 Heu heu, triſte iugum quiſquis Amoris habet;
51 1018 560 1052 Et prius, ae norit ſe perijſſe, perit-
341 1055 465 1079 Dous.
53 1082 749 1119 um Deus his membris compactus, qualia dicam:
53 1117 688 1152 Ornatus cœli, vertex: venter, mihi pontus.
53 1150 826 1186 Sunt mihi terra, pedes: ſummo ſtant ætheris aurea
51 1184 621 1220 Sunt oculi nitidi ſplendentia lumina Soll.
778 1204 842 1248 P
369 1220 669 1264 Mm
