1029 1348
496 32 661 68 CLII
380 82 614 115 Pita Apollini.
172 114 838 150 Cura mihi Aonides, femper mihi numen Apollo,
229 148 723 182 Nocte dieq; ilri barbita noſtra ſonant.
188 179 858 216 Sed mihi quid fructus dulciſſima barbita præbent
232 216 762 250 Quâ tandem, Aonides, vtilitate iuuant?
196 248 756 281 Pauperies me dura premit, ſæuiq; labores;
230 281 794 315 Atque arcere hiemem vix toga ſarta poteſt.
198 316 813 348 Nonne fuit ſatius medicas excurrere ad artes?
231 348 717 382 Nonne fuit ſatius ciuica iura ſequi?
197 381 832 414 Da rogo conſilium, votorum inſpector Apollo:
232 414 816 447 Nam te dulce ſequi, ſed mihi egere graue eſt.
425 450 572 482 Apollopcëa.
198 481 916 515 Quod iugulare hominem, quod defraudare clientem
197 514 846 546 Non datur, ingrato nimirum es carmine queſtus.
198 547 939 580 Vnde etenim aut famam aut inopem producere vitam
197 581 877 613 Aut aures mulcere hominum ſine carmine poſſe?
198 613 717 647 Vnde tibi ſpes nulla vices euertere fati?
198 647 800 681 Nec tibi pauperiem, nec ſæuos plectra labores
200 681 772 714 Conciliant; ſed iure tuis contraria votis
166 713 818 748 allas, oliuiferâ nunquam redimita coronâ.
425 749 627 782 Encomium Rſu.
185 771 811 814 Mœror abi; ſubeat Riſus: mihi pectora Riſus
197 814 698 847 Impleat, & læto ſaſant præcordia riſu.
196 846 940 882 Riſus enim Diuûm atque hominum eſt æterna voluptas.
198 878 837 919 Nam ſi quid fidei magno præbemus Homero,
187 911 798 954 A o vyAs ugto oin.
173 950 749 990 Quin etiam fuerat ſancitum lege Lycurgi;
196 987 804 1023 Vt Lacedæmonij poſt bella exhauſta litarent
194 1020 785 1053 Lætitiæ, atque bono facerent ſolennia Riſu;
194 1053 719 1089 Illius & lapide e Pario ſubſtruxerat aras,
194 1085 794 1124 Hic vbi poſt Mauortis opus, gens aſpera bello,
194 1118 725 1156 Ponebat vigiles curas, ſuetosq; labores;
196 1150 838 1189 Cum faciem adtritam gale, cùm puluere fœdm
194 1184 761 1217 Porrigeret vultus, & frontem nube leuaret,
193 1215 796 1268 a comes Rifus aderat ine caſſide Cpris,
808 1257 968 1286 Bt lat-
