1375 1412
264 5 711 54 CAGNIN.
87 55 665 93 Et rgos hilari fundebat pectore riſus
87 93 862 127 Vos quoque Romulidæ, quondam vos inclita rerm
86 127 640 161 Imperio ſoboles, genitabilis aura Fauoni
87 161 678 193 Cum primùm duro concretas frigore terras
67 193 606 228 Laxabat, vernis intexens floribus arua,
67 228 675 261 Ardua magnarum ſoluiſtis pondera rerum
67 261 745 294 Riſibus; & grandes mirata eſt Roma cachinnos.
67 294 812 329 Scilicet hæc populos, hæc magnum continet orbem
67 326 652 363 Temperies, grauitas ſimul, & ſaſciuia vitæ,
67 361 575 395 Et Riſus curis & nexa Modeſtia luxu.
67 394 855 429 Hæc quoque me procul àpatiâ, adſpectuq; meoum
67 427 706 468 Per maria & terras tot tempeſtatibus actum
67 461 608 496 Soletur, diriq; leuet diſpendia fati,
66 495 752 529 Donet & optatos poſt longa incomimoda riſus.
315 531 581 557 Tumulo Aracreontus.
67 560 662 594 At te, ſancte ſenex, acinus ſub tartara miſit;
119 596 557 630 Cycneæ clauſit qui tibi vocis iter.
77 628 774 664 Vos hederæ tumulum, tumulum vos cingite lauri,.
116 663 619 696 Hoc roſa perpetuo vernet odora loco.
67 694 784 731 At vitis proculhinc, procul hmc odioſa faceſat,
115 731 599 764 Quæ cauſſam diræ protulit vua necis.
79 764 773 798 Cred tur ipſe minus vitem iam Baccbus amare
114 798 669 833 In vatem tantum quæ fuit auſa nefas.
284 917 660 956 Ad Petrum Bembum.
72 953 848 1023 EMBE decus Venetum, cui circum roſcida culta
124 995 870 1027 AAonidum ars eſt, ex qua æternutm ducis honorem.
78 1028 866 1061 Quid quæſo hoc eſt? quid? multes ego multa per annos
77 1060 695 1094 Congeſſi ex ſcriptis veterum; multa oia rupi
64 1160 677 1194 In rebus, verbis, ate, arubus, articulisq;
79 1181 841 1236 At genus eſt hominum, vulgo quod ſutulit ant&
764 1221 872 1262 Ae
