1013 1312
493 1 634 25 IVLII
187 43 740 77 Aſſenſum nobis, & dicta admouit acerba,
190 77 841 115 Quam luſtrauit opus ſenſu, quo ſæpe tenax mens
187 111 914 148 Cum geſtum rationc videt quid. cum ordine geſtum
189 144 808 177 Conſentire lolet: quoniam dat vera fidein res.
186 178 756 212 Fac elementa quibus paucis variata figuris
186 211 870 245 Innumeris legimus quam multa volumina chartis
186 245 791 279 Ignorare homines, lihrosq; extaie per orbem,
186 279 827 313 Atque ex ignaris tandem vnum exiſtere, qui ſe
187 312 825 346 Spondeat hæc pauum, quæ non finita videntur,
185 345 915 380 Acturum in numerum; quis Bembe huic crederet vni?
185 380 830 412 Inq; notas vnquam quis ſeripta putatet caſdem
185 412 769 446 Recidere aſſidue? at ſunt inuidioſa reperta.
184 445 827 477 Te cultrix nemorum teſtor, te pinniger Hermes,
184 479 813 512 Te Venus, atque vno qui cernis lumine cuncta,
186 512 674 540 Te belli, te cœli rex, te falcis aduncæ,
181 543 830 580 In quorum ſeptem hæc moles tam dædala mundi
183 580 873 614 Numine tota eſt, atque ſimul mea machina tota eſt:
182 614 710 646 Vos certâ mundi verſatis mœnia lege,
182 647 717 681 Vos certâ noſtri regitis loca picta theatri.
181 680 825 714 Nam ſi quod ſub, ſupraq; eſt. circumq; videmus,
181 714 802 748 Quicquid in amplexu eſt veſtro, natura creatrix
169 747 724 782 Perfecit, non eſt naturæ à lege remotum,
182 780 688 818 Me fines rebus, verbis, artiq; parare:
181 816 933 849 Hæc quoniam quemcunque locum tria vincla tenebunt,
181 848 718 877 Diuitiæ caſti ſermonis, materies, ars.
178 881 848 917 Verba etenim ipſas res ſignaut, quas veſtra poteſtas
178 916 764 956 Continet, extra quas alijs ſunt auia clauſtra.
176 948 740 985 Et quanuis primâ ſuſcepti mole laboris
158 983 933 1020 Et res, & verha, & minima horum, & maxima quque
177 1016 772 1052 In promptu poterunt ſtudioſis omnibus eſſe:
177 1050 776 1085 Dlcctus tamen horum obſcurus, iudiciumq;
174 1083 830 1118 In tenebris, niſi lux quæ ſemper in arte magiſtri,
174 1115 776 1150 Et media eſt inter res, & rerum inter amictus
176 1148 754 1182 Scriptorum mentes cæcis arceret ab vmbris.
177 1182 738 1229 Qinetiam ars alia eſt illi, qui verba ſolutis
882 1224 958 1251 Con-
