1300 1384
248 9 559 41 CAMIL
1 38 738 84 Contexit numeris populo, aut ſpectante ſenatu,
4 84 616 118 Intanove foro, vel nunc tu qualia Bembe
3 118 567 151 Lternæ mandas famæ ſaclisq; futuris,
44 151 684 186 Inclita deſcribens Venetum tot geſta tuorum:
945 161 1013 194 t
40 185 626 220 Atque illi, qm plena Deo ſatroq; furore
1 220 641 253 Ad raucum fontis murmur laticisq; perennis
1 251 663 286 Aut cinctus Paphio, aut victrici tempora ramo
1 286 628 321 Serpentive hederâ, circum ludentibus auris
1 320 627 353 Inter odoratos flores canit, inter & vmbras,
44 353 611 387 Cui pulſi reſponſant luci amnesq; ſonori:
1 382 785 421 Quorum quis maior, tu qui æmula dignaq; Phœbe
1 421 711 455 Bembe facis, melius poteris quandoque referre.
945 434 992 454 M
40 455 676 488 Hoc ego: res nunquam verborum luce niteret,
1 489 621 521 Luminis in puras ni ars certa educeret oras,
41 522 652 555 Materiem quæ alte mentis pernicibus alis
909 516 992 558 I
1 555 654 589 Attollit ſecum. ſapiens, qui fma reliquit
908 558 992 595 iil
908 563 1009 635 I
25 589 598 622 Prima ſolo veſtigia, deinde potitus apertâ
2 623 666 657 Planicie, ſocios iam curſu præterit omnes:
2 655 693 690 Mox animo exultans Diuum ſublimia tentat.
908 668 997 730 l
41 689 711 725 Atque Plato Superum qui oculos in numine fixus,
41 724 663 758 Hisq; inhians, diuinam ingenti pectore curam
1 757 710 791 Concipit, ad terrasq; docens deſcendit ab alto.
1 792 671 825 Atque aliter ſacrum fului os auri, aurea lingu,
41 822 726 859 Sacrorumq; alij proceres: quotum Q ego poſſem:
42 859 644 890 Olethi incertos caſus mea vinceret ætas
41 892 701 924 Cuncta ſimul tandem digeſta in ſede paterent
42 925 671 958 Dicta ſuâ, fuerant quæ iam diſperſa per omnes.
915 923 999 966 I
847 943 882 983 Q
901 954 940 976 E
42 958 589 991 Sic eadem ſedes præberet cuncta legenti,
41 987 662 1025 Diſſidium tandem ſic linguæ & cordis abeſſet.
914 1009 979 1052 I
44 1023 765 1059 Sed modo me moueant quæ vltro Rex maximus olim
43 1057 615 1091 Munera promiſit tantis digniſſima cœptis,
42 1091 659 1125 Forte ego multorum auxilio, duroq; labore
42 1124 668 1158 Præripiam morti immortales primus honores.
44 1158 680 1193 Hoc volui ſcires, dum res abitumq; pararem
43 1192 651 1227 Diſtentus, totiesq; Italis reuocatus ab oris:
701 1214 883 1262 Nede
434 1227 612 1270 Nms
