1333 1367
142 11 704 52 IO FRANC. CAMOENLus
28 61 614 99 Dentibus exertis crepitat: non vrſa pericli
28 98 649 133 Telorumq; memor totam ſe in vulnera iactat.
28 131 619 159 Ah ne te incautum lædat, ne ſe offerat vltro
28 165 619 197 Ah tua ne excipiat neu frangat cautior arma.
27 198 649 233 Damon crudelis, Damon, quem pectore toto
28 230 649 265 Nequicquam miſera excepi; patriamq; peroſa
28 264 621 298 t tibi ſerua forem, vernantia Leminis arua,
28 298 613 333 Adriacas nymphas, & Daphnin dura reliqui.
22 365 797 415 O.FI A NC No C CAM O-
259 420 577 452 NIPERVSINI.
234 456 587 494 Tumulus Iboni I. C.
18 486 743 564 VNCorbi, & viduæ, miſeri nunc flete cliente
120 531 585 564 En iacet hic vefter iure peritus Ibo.
28 564 657 599 Poſt decus emeritæ, poſt tot benefacta ſenectæ,
18 599 586 634 Impia ſanguineæ præmia mortis habet.
31 633 708 666 Oceanum fruſtra fugimus Martemq; cruentum
60 667 555 702 Si rapit imbelles mors violenta toga
260 702 441 734 Paullo Chirugo.
28 733 612 769 Alcinoi gazis ſit opus, tua ſoluere Paulle
25 768 596 801 Munere queis poſſem tot benefacta pari.
25 801 625 834 Me tenuem Fortuna creat. munuſcula ſumas
61 834 664 871 Qualiacunque igitur. mens ea magna facit.
218 869 568 901 Amantis & Mortu dialogus.
31 899 799 935 O Mors, Morsl quid vis? te quætito. cominus adſum.
65 933 641 969 Quid vis? quid? meus vt deſinat eſſe dolor.
28 965 813 1001 Non poſſum. hei mihi,tu quoq; non potes? haud queoiam
705 1000 839 1044 nun
65 998 599 1035 Cur? quia viſceribus nil tibi cordis ineſt
31 1031 796 1071 Cordis ineſt nihil? ergo vbi abeſt? tu noueris. ah a,
68 1065 616 1101 Iam ſcio; raptim illud noftra puella tulit.
31 1098 695 1135 Sed quid agam? facias tibi reſtituatur ademptum;
67 1133 600 1172 Caſſus enim vitâ non vulet ille mori
292 1168 520 1200 Ad Lectorem.
29 1194 656 1257 Iam me, ni fallot, ſteriliu vix concipit tre m-
