1038 1343
433 17 869 53 IO. FRANCISCI
192 30 264 58 556
254 67 688 99 Forſitan & rarâ poſteritate truar.
221 99 862 135 Finge tamen centuim poſt fata relinquere natos:
257 133 784 167 Hei mihi, quot Fabios abſtulit vna dies:
184 166 756 199 Sola poëtarum ſacrata volumina viuunt,
258 200 844 233 Non freta, non ignes, non fera bela timent.
222 233 853 268 Hos igitur geminos, vice prolis, amice, libellos,
256 267 715 299 Perpetui heredes nominis inſtituo.
220 300 841 334 Atq; vtinam, noſtri non ſit ſpes irrita voti
243 334 782 374 Sed cur deſperem? deteriora vigent.
453 369 685 393 Ad Calidamantem.
214 392 840 433 Lethiferam fugitas dum peſtem, peſte teneris t
259 433 858 465 Conſulis hinc comitem ſaucius vnanimem.
220 466 872 500 Si ſapis, heu, redeas nam nulla hac pefte ſecund?
246 500 732 538 Sæuior: heupotius peſte priore peri.
434 535 733 568 Epitaphium Iuli formſis.
223 565 684 601 Hoſpes ſiſte gradum; pios ſalutans
223 601 659 631 Manes: clauditur hic Iulus ille,
224 633 659 669 Cui natale ſolum fuit Cremona;
207 668 650 702 Quo nil pulcrius vlla vidit ætas:
221 701 743 735 Quem vix bis duo luſtra tranſigentem
221 734 679 768 Crudelis miſerum manus perimit:
204 766 761 804 Vnà ſed Charites, Decus, Pudorem.
434 804 749 837 Epitaphium aneræ, canis.
219 833 779 871 Venatrix fueram. peperi Iunone maligna
253 868 795 903 Tam cit marmoreo condita ſarcophago.
217 901 808 935 Miraris tumulum? ſed enim Bandera, viator
251 935 682 972 Icarij meritis occulit aſtracanis.
457 971 610 1004 In picturam.
217 994 732 1036 Viua ſalutiferæ dum virginis ora viator
226 1035 734 1071 Cernis; Apellæi ſperne laboris opus.
162 1057 757 1104 Ederet hæc rutilis ſpirantiaſigna labellis.
252 1102 784 1134 Sed prius artificem tollere ad aſtra iubet.
419 1138 691 1170 Mittit copam depictam.
218 1166 800 1205 Cor mihi miſiſti, venerabile pignus amoris:
212 1201 797 1246 Redder ias ſed inane, tibi.
956 1243 999 1267 Par
