1262 1385
318 8 572 33 CAMOENI.
797 18 836 45 y
1 49 629 87 Par ſibi poſcebat munus tua copa remittit
91 86 673 119 Mittere ſed nequeo quod tibi iam dedimus.
289 122 454 145 Turdos irtit.
1 147 546 183 Turdos hos tibi mittimus; colonus
55 188 510 222 Quos noctu calamis catus necauit.
36 220 593 251 Parua hæc; ſed tamen eſt recens, corona.
1 278 757 342 ANNNI CAM PAN.
294 351 513 376 Ad Carmilianam.
60 387 762 424 V. tibi nunc ſcribo magno compulſus amore,
1 404 762 455 Accipias nimo, CAPMILHANA, bono.
1 453 717 490 Forma quidem fluxa eſt, rapidi ſeu fluminis vnda,
95 491 636 524 Quam gelida hybernâ de niue fecit aqua.
1 522 669 557 Verus Amor, ſycera fides, non fictus amicus,
92 558 565 590 Per nullas fiunt languidiora moras.
901 555 999 610 I
1 590 728 627 Quam facile eſt precibu cariſuccumbere amantis?
82 625 586 657 Pro re tam paruà magna parare potes.
56 658 673 693 Qui, niſi ſim ingratus, ni perfidus ipſe futurus;
91 692 660 725 Perpetuo fiam CARMILIANAtuus.
301 728 484 752 Ad Dianam:
1 758 604 791 Peliacas primum mirata eſt Troia carinas,
91 793 669 827 monias ſpectans per freta vaſta manus:
1 813 688 860 Vndique diſcurrunt, Sigæaquelittora complent,
88 858 682 894 It Priamuſquepuer, Laomedonque ſenex;
1 894 665 936 Inde alij: atque nouas mirantu Iaſonis artes,
87 927 700 964 Hquoreumq; putant llttore adeſſe Deum.
50 959 608 994 Cum diri ſæuos Martis furor iuit in enſes,
910 963 995 1004 .
86 993 612 1019 Præbueræt noſtris non leuenumen auis.
909 1005 979 1049 I
48 1026 606 1060 Primus opes alius fuluo cum vidit in auro
56 1056 680 1094 Quam cupidas cenſes hunc habuiſſe manus?
909 1072 990 1116 I
13 1084 783 1126 Et nouadelectant animos; capiuntq; tenentque:
24 1126 577 1157 Inde etiam factos creditur eſſe Deos.
2 1157 646 1197 Iuppiter unus erat latis Cydonius oris;
84 1193 665 1240 Et Venuimaas r uegentaintii
734 1214 875 1259 M
757 1303 868 1337 t
