1039 1330
460 2 744 39 ANTONII
242 7 280 32 58
241 45 847 78 Mars vnus Geticis, Liber pater vnus in Indis;
279 79 756 112 Ingenio. formâ, non habuere pares.
243 112 814 141 Hinc rudis & facilis mirari cuncta vetuſt:s,
282 146 756 179 Quos raros vidit, credidit eſſe Deos.
243 179 780 212 Ergo iam rarâ facie, vultuq. DIANA,
274 212 779 247 Expectes noſtrâ thura Sabæa manu
245 243 912 280 Id tibi non deſit, proprium indulgere Deorum et;
227 279 799 313 Si capies noſtras, es Dea magna, preces.
528 316 670 348 Ad caidem.
241 345 928 380 Dic formoſa, precor, cauſamq; oſtende DINA,
260 379 756 412 Cur ſine te feſti cernimus vrbe nihil?
241 413 836 447 Siue canant ſacrum dulces Hymena puellæ,
276 447 836 482 Nuptsq; purpureo compta vehatur equo:
245 479 773 512 Annua ſeu ſiant lautis conuiuia menſis;
277 513 758 547 Et canat adiunctâ blanda puella lyr:
220 544 827 580 Bellica ſeu celebrent duri certamina Martis,
276 579 766 612 Haſtaque puluereo concidat icta ſolo
241 613 796 649 Siue quod ad feſtosq, dies & publca vota,
276 647 795 682 Siue quod ad ſanctos pertineatq; Deos:
239 676 928 716 Semper ades; nec ſponte quidem, ſed prima vocaris;
259 714 826 749 Aduentum frigent quælibet ante tuum.
239 743 829 781 Nec ſine te pompas audent celebrare Puellæ,
278 780 781 815 Nec ſine te caſtos Nupta ſubire toros:
239 812 764 850 Bellica nec duri fiunt certamina Martis,
274 844 715 884 Ni ſedeas alto conſpicienda foro.
239 880 823 917 Deniq; tu ludoſq; facis, ſatroſq; Hymenæos,
273 913 729 949 Tu ſacra, tu magni ferrea ſacra Dei.
239 946 988 985 Turba frequens ſequitur: nunquam incomitata videris,
268 978 842 1018 Vt ſequitur magnos, longa caterua, Duces.
237 1011 875 1051 Quid, cum corrumpat ttiſtiſſimus optima liuor,
274 1047 777 1083 Turbaque, mortales, inuidioſa ſumus:
234 1079 895 1119 Nemo tuam inuideat nec vir nec femina formam,
271 1114 724 1152 Gaudeat aſpectu femina, virq; tuo?
232 1144 896 1185 Infima liuor edax pariterq; ſuprema relinquens,
268 1180 790 1227 I medio tantum luridus orbe volat.
934 1224 1015 1251 Eids
