1336 1386
314 1 571 35 CAMPANI.
734 2 905 39 MD
327 46 410 68 Eidem.
47 77 693 112 Cur quoties vultus ſpectas, Blandiſſima, noſtros,
945 98 998 126 .I
55 112 579 144 Illico tu mbis carmina mille petis?
955 108 1007 149 Is
46 143 703 178 Parce precor, non ſunt nobis tua lumina tanti,
38 179 599 212 Vt cogam Aonias, in tua vota, Deas.
33 211 649 245 Protenui mercede labor ſubeundus Amanti
84 245 648 279 Paruus: habent cenſus grandia facta ſuos.
949 266 1002 300 ſ
36 279 605 314 Retia fluminibus latis ſpatioſa parantur,
935 281 999 330 u
32 313 618 346 Curuus at exiguâ vix latet hamus aquà.
38 347 691 380 Simpliciter poteram magnas exponere laudes,
84 380 620 412 Exprimere & titulos per duo verba tuos:
39 413 808 457 EXVPERAS OMNES, dixiſſe, DI ANA: tibique
944 438 984 462 .I
55 446 651 480 Femina par nulla eſt: par tibi nulla Dea eſt.
51 481 634 514 Cur digitis igitur metire volumina: nec te
904 504 983 552 Is
63 514 638 553 Aſſiduuſq; labur, feſſaque cira manet?
307 548 496 574 De Suriana.
36 576 609 616 Qualis ab Aurora ſurgens crinitus Apollo
37 615 608 648 Putpureis orbem luſtrat & ambit equis:
48 647 683 681 Talis in aduentu noſtros SSViAANApenutes
86 682 616 714 SyAereo complet lumine, fertque diem.
48 714 567 749 Illa poteſt vultu rigidos plaeare leones,
82 749 596 782 Tigridas aſpectu, lectere voce Deas.
47 779 820 818 Nec cecinit melius, quem curuus in æquore Delphin
30 817 588 857 Non formidatis per mare vexit aquis.
307 852 523 875 Ad Surianam.
44 878 809 918 Ecquis erit, SVIANA, modus, finiſq; canendi?
26 916 594 951 Si pulcra ad laudes efficiare meas,
40 948 808 992 Quoq; magis canimus, magis hoc videare canenda;
40 985 547 1016 Perpetuum nobis exorietur opus.
906 982 989 1015 A
37 1009 654 1048 Parce tuos niueâ diſſoluere fronte apillos,
86 1049 646 1082 Sat mihi compoſitas eſt ceciniſe comas.
32 1082 662 1117 Parce & inaurato crinem ſuccogere nodo,
51 1099 863 1151 Hei mihi quam multis hac quoq; parte places.
38 1149 689 1184 Cur niueo pendent pretioſa monilia collo?
40 1176 754 1225 Et variâ totiocompolitum aite caput?
653 1204 840 1251 andi
814 1276 927 1307 m
