1033 1346
459 12 737 48 ANTONII
232 65 895 101 Candida per medios humeros, medioſq; lacertos
265 100 780 135 Faſcia quàm tractu conueniente cadit?
211 134 779 169 Seu ſis in tunicâ, tunicâ formoſa videris;
268 168 779 203 Palia ſeu ſumas, allia ſumpta placent.
212 199 825 235 Purpurea formoſa togâ, formoſaq; in auro:
270 235 794 268 Te nigra, te flauo murice tincta decent.
237 268 810 299 Aurea, Tithoni coniunx: argentea, Phœb:
269 302 751 336 Alba, ſoror magni facta videre Iouis.
233 336 755 370 Depoſitâ quoties intras Floralia veſte,
268 370 729 402 Accipere ldæo Iudice poma potes.
236 401 809 435 Ergo ſite noui ſpeciem variare decoris,
255 435 699 470 Et formæ dotes intumulare tuæ:
211 462 814 501 Sine placen igræ, tincto ſeu murice veſtes,
265 502 790 528 Seu nodo, aut fusâ te iuuat ire coma:
216 535 795 573 Elige qua poſſis oculos retinere magiſtros,
224 569 863 603 Sitque tibi ſatis hoc compoſitam eſſe ſemel.
212 601 829 637 Obruimur: noſtros vincunt præconia verſus,
272 637 740 670 Vna ſatis, facie qualibet eſſe potes.
237 671 926 705 Adde etiam innumeras, attelq; doteſque, canendas,
273 704 856 736 In tantis minimi eſt forma putanda bonis.
212 737 796 772 Non cecinit melius, nigri qui pectora Ditis
252 771 744 804 Flexit Apollineæ clarus in arte lyræ.
212 803 863 839 Nec quem ſuppoſitus ſpatioſa per æquora piſcis
222 838 794 872 In patrium vexit, depoſuitque ſolum.
237 872 756 904 Mœnia pugnacis mirari deſine Troiæ,
271 904 749 940 Mœnia Phœbeæ ſtructa canora lyræ:
230 939 756 973 Et quæ creuerunt directis condita ſaxis,
273 973 898 1005 Hæc quoq; non hominum mœnia facta manu.
236 1005 814 1038 Scilicet hac poterit Marpeſia ſaxa mouere,
212 1039 778 1075 Atque adamantæam flectere duritiem.
498 1074 677 1105 De Amicd ſuâ
212 1102 810 1138 Iam mihi ſuſpenſo prope tertia labitur hora
272 1138 813 1173 Nee venit ad dictum tarda Puella locum.
236 1170 848 1207 Confingo cauſas, quæ ſic mea vota morentu:
236 1202 792 1246 Eſunt quæ tiſ excutiunt acrimas.
909 1241 1006 1283 Cogi
