1267 1411
284 33 577 60 CAMPANI.
51 72 769 118 Cogito poſe quidem Dominam, ſed nolle venire;
50 114 683 146 Hoc nihil eſt quod me fortius excruciet,
51 143 719 181 Non poſſe interdum fingo, ſed velle: quid horum
96 180 657 215 Dutius? heul quæuis optio dura mihi eſt:
340 216 491 248 Ad ſeipſum.
50 245 835 291 Aut ego mentis inops. nec habent mea lumina viſum,
96 282 639 315 Aut non, qualis heri, Delius vrget equos.
51 315 670 348 Compita. fana, lares laquearia, mœia, turres,
96 348 682 382 Neſcio quo nunc ſunt pallidiora modo.
51 381 637 416 Mox vbi ſublimi volui trabe ponere lumen,
94 416 645 450 Luce quaſi extinctâ languida lampas erat.
50 449 684 482 Ambuſtos purgo lychnos, renouatur oliuum:
96 482 679 515 Candida ſed lychnum lumina ferre negant.
50 516 653 552 Et patet, & nullum recipit mea ianua Solem:
51 549 589 583 Et patet, & nullum lata feneſtr diem.
51 582 641 616 Nimirum procul eſt, aliamq; illuminat oram
51 616 649 648 Sol meus, in renebris hic miſer ipſe vagor.
51 650 691 685 Ah pereat quiſquis peregrinas quærere terras
94 683 595 718 Repperit & primum curribus egititer.
51 715 691 750 Ille mihi infenſas nimis ingenioſus ad artes;
93 751 540 784 Vtilius potuit non habuiſſe pedes.
42 776 750 819 Me miſerum: nullos capiuntmealuminaſomnes
90 818 546 851 Iam longâ didici peruigilare mora.
57 849 611 883 In latus euoluor, tratis puluinus oberrat;
89 884 552 918 Et nulla poſſum parte iacere thori.
34 915 621 953 Sæpe pulex alte res inſidioſa quieti
88 949 657 985 Creditus eſt humeros ſollicitaſſe mes,
37 982 657 1018 Strata reuoluebam rugas intentus ad omnes,
17 1014 665 1047 Heu mihil nam mordaxnon erat ille pulex:
35 1048 663 1080 Vnus heri comitum mediâ ſtetit obuius vrbe,
64 1081 641 1118 Cùm peterem Dominæ tecta relicta meæ.
34 1113 742 1153 Et quid ait, morbi? triſtis cur pallor in ore eſt?.
90 1148 742 1182 Incolumis fueras, & bene ſanus herit
34 1180 742 1217 Mutat Amor formam, miſeroſq; intercipitus,
72 1215 664 1259 Extenuans. urâ memba ſepulta graui.
