1052 1342
473 48 728 87 ANPONII
208 64 258 94 46s
447 98 591 134 Adſcitſum.
220 130 960 170 Quid faciam? manemne domi, redirumq; Puellæ
248 166 812 200 Expectem? at lento ſubſequar iple graiu?
220 197 947 234 Hoc placet & longas nam ſic Amor mprobus vrgct
257 234 732 265 Sole ſub ardenti carperc pergo :as.
204 267 785 300 Sæpe meum volui, quo nil vicinius agrum,
200 300 781 333 Inque ſuburbanum ſic pedes ire meum.
224 334 780 367 Laſſa fatigatis tumuerunt cruta lacertis,
235 367 836 400 Pes quoque tam paruum terre negabat iter.
226 400 871 431 Nunc longum patimu ventoſo puluere callem,
234 432 841 465 Ouoque magis ferimur, hoc magi ire iuuat.
197 465 816 504 Non iter, atq; ardens medio Sol aere terret,
199 498 738 531 Alta necinceſſus terret arena meos.
180 526 773 563 Nec noceas charæ, Pæau utonſe, Puellæ,
221 565 737 596 Sic radiis noceant nubila nulla tuis.
220 594 894 631 Sic Pythias ſemper celebrent mea carmina laudes,
260 630 658 665 Et ſic itonſis aſpiciare comis.
232 666 759 699 Mnt etiam qui te vis perrura Cyrene,
258 699 772 732 Atq; aliis multis incaluiſſe ferunt:
183 730 887 766 Id mihi nunc proſit; neq; enim potes ipſe negat,
266 764 769 798 Pauiſſe indomitas lata per arua boues.
172 799 810 835 Acrius expertis aliena incommoda tangunt,
265 831 757 869 Et miſeris credit, qui fuit ipſe miſer.
416 867 652 898 Ad Lraccium.
233 898 711 931 Bracci, quem niueæ pares Puellæ
222 931 714 970 Ceperunt laquei, tenentq; captum;
227 963 715 993 Ambos vna trahit manus catena,
182 995 723 1033 Formoſqq; ſimus rapina dextræ,
228 1030 664 1064 Armis cum placeas, at ipſe verſu.
171 1063 699 1096 Auro terga micant tibi, mihi atra
169 1096 644 1129 Squalet ſordidulolacerna filo
174 1128 752 1161 Et vultu capior tamen DANA:
175 1161 711 1199 O quantum eſt animi tuo Poëtæ
181 1192 679 1229 Tuclaros titulis refeis parentes;
219 1225 744 1268 Obſcurum modicæ genus s anell
930 1269 1018 1304 Nobe
24 1301 131 1339 l
