1259 1393
286 40 560 76 CAM. PANI
51 94 440 128 Nobis exiguis dedere tectis-
56 128 493 162 Omni cu ſtatuis loco trophææ.
51 162 455 195 Eutoto celebres in orbe ludos.
52 195 484 231 Fumoſus vacuâ lub æde Vates
52 227 587 264 Vicinum metuo tremens Decembrem.:
52 262 588 300 Nec raucoq; foro, Deûmque templis
51 296 515 344 Campanum gelidæ vident pruinæ.
52 330 441 363 Clari militiæ tuæ triumph,
52 358 674 397 Tyrrhenamq; plagam, ſacramq; Romam
55 396 602 430 Complent, dum tetricæ faues Dianæ:
58 430 520 461 Oduros animos, feruntq; pectus
58 463 605 499 Quam tu nec precibus moues nec atmis
52 499 634 531 Sed vincunt teneræ truces Camœnæ,
55 530 453 564 Sint illæ rigidis pares Sabinis,
51 564 612 598 Thermodonciacas ſecentque mammas
56 598 508 636 Laudari cupiunt tamen Puellæ.
295 633 470 663 Ad Igilim.
58 660 708 698 Magna tuæ eſt in nos vanæ petulantia linguæ,.
51 695 680 732 Iudicium qui ſic carpis, IGILLE meum.
58 731 612 765 Fallor: an ipſe mihi contrarius ire videris?
95 765 549 799 Et petere optatis longe aliena tuis?
51 792 680 831 Quæ mihi formolæ videantur inrbe Puellæ
95 832 727 866 Et qua laudandæ ſint quoque parte rogas.
59 865 659 900 Reſpondi; & quæ ſit nobis ſententia dixi:
92 899 515 929 Et verus ludex libera verba tuli.
54 924 747 968 Accuſas, quoniam videor tranſiſſ DIAN..
93 964 630 996 In numeris illam nee poſuiſſe meis.
58 988 747 1036 Quæ, ſi vera lquor, quanto ære micantius aurum.
93 1029 614 1065 Tanto formoſis anteferenda fuit.
51 1060 676 1098 Immemor es, votiq; tui, primiq; rogatus,
94 1096 676 1131 Nec tibi quo iuſte crmin damner etit.
51 1129 658 1163 Mortales non eſt inter numeranda Puellas,
67 1154 763 1205 Noſta Puellarum eſt cauſſa, DIANA Dea e
244 1199 511 1229 Ad Tirianum.
52 1216 736 1272 Candide laſiuum caris TIæ AN libellum
671 1254 875 1294 Forſi
