<?xml version="1.0" encoding="UTF-8" standalone="no"?><PcGts xmlns="http://schema.primaresearch.org/PAGE/gts/pagecontent/2019-07-15" xmlns:xsi="http://www.w3.org/2001/XMLSchema-instance" xsi:schemaLocation="http://schema.primaresearch.org/PAGE/gts/pagecontent/2019-07-15 http://schema.primaresearch.org/PAGE/gts/pagecontent/2019-07-15/pagecontent.xsd"><Metadata><Creator/><Created>2022-04-12T07:58:26</Created><LastChange>1970-01-01T00:00:00</LastChange><Comments/></Metadata><Page imageFilename="0602.png" imageHeight="1350" imageWidth="1051"><TextRegion id="r1" orientation="0.0" type="paragraph"><Coords points="1,1 1049,1 1049,1348 1,1348"/><TextLine id="l1"><Coords points="483,33 483,69 743,69 743,33"/><TextEquiv><Unicode/></TextEquiv><TextEquiv index="1"><Unicode>ANTONII</Unicode></TextEquiv></TextLine><TextLine id="l2"><Coords points="389,112 504,112 609,109 767,108 767,75 347,75 334,79 215,78 215,116 330,116"/><TextEquiv><Unicode/></TextEquiv><TextEquiv index="1"><Unicode>Forſitan impuros cum ferat ille ſales.</Unicode></TextEquiv></TextLine><TextLine id="l3"><Coords points="931,109 609,110 504,113 389,113 330,117 210,117 210,144 593,144 760,142 931,144"/><TextEquiv><Unicode/></TextEquiv><TextEquiv index="1"><Unicode>Si tibi nulla Venus, nec Amor, nec blanda Voluptas,</Unicode></TextEquiv></TextLine><TextLine id="l4"><Coords points="265,144 265,177 802,177 802,144"/><TextEquiv><Unicode/></TextEquiv><TextEquiv index="1"><Unicode>Nec dulcis ſoboles, coniugiumq; placet:</Unicode></TextEquiv></TextLine><TextLine id="l5"><Coords points="435,212 761,209 761,179 475,179 393,180 373,182 312,184 212,182 212,214 394,214"/><TextEquiv><Unicode/></TextEquiv><TextEquiv index="1"><Unicode>In vacuaq; domo nulli peritura moraris,</Unicode></TextEquiv></TextLine><TextLine id="l6"><Coords points="596,243 765,243 765,210 583,211 531,213 435,213 394,215 263,216 263,246 459,246"/><TextEquiv><Unicode/></TextEquiv><TextEquiv index="1"><Unicode>Deſertoque iaces anxius vſque thoro.</Unicode></TextEquiv></TextLine><TextLine id="l7"><Coords points="825,246 460,246 419,248 212,250 212,275 825,275"/><TextEquiv><Unicode/></TextEquiv><TextEquiv index="1"><Unicode>At mihi iucundos tribuit Venus aurea mores,</Unicode></TextEquiv></TextLine><TextLine id="l8"><Coords points="801,277 595,278 539,280 425,280 358,282 218,282 208,283 204,286 204,310 214,313 489,313 675,310 776,310 785,311 788,313 801,313"/><TextEquiv><Unicode/></TextEquiv><TextEquiv index="1"><Unicode>Nec puto mequercus,nec genuiſſe feras.</Unicode></TextEquiv></TextLine><TextLine id="l9"><Coords points="741,312 595,312 364,315 239,315 211,313 211,343 741,343"/><TextEquiv><Unicode/></TextEquiv><TextEquiv index="1"><Unicode>Nec ſolidas valeo naturæ vincere leges,</Unicode></TextEquiv></TextLine><TextLine id="l10"><Coords points="761,377 761,346 398,347 313,349 265,348 265,379 561,379"/><TextEquiv><Unicode/></TextEquiv><TextEquiv index="1"><Unicode>Conuenit ingenio mollior aura meo.</Unicode></TextEquiv></TextLine><TextLine id="l11"><Coords points="788,411 788,379 562,379 341,382 241,381 217,379 217,412 608,412"/><TextEquiv><Unicode/></TextEquiv><TextEquiv index="1"><Unicode>Terra feros nutrit Libyc regione Leones,</Unicode></TextEquiv></TextLine><TextLine id="l12"><Coords points="779,443 779,412 410,413 360,415 262,415 262,444 551,444"/><TextEquiv><Unicode/></TextEquiv><TextEquiv index="1"><Unicode>Et nemore Aſſyrioluridus anguis hiat.</Unicode></TextEquiv></TextLine><TextLine id="l13"><Coords points="528,478 616,475 841,476 841,444 552,444 507,446 399,446 346,448 237,448 214,446 214,479 342,480"/><TextEquiv><Unicode/></TextEquiv><TextEquiv index="1"><Unicode>Gatgarus at ſegetes gignit Campania cedres,</Unicode></TextEquiv></TextLine><TextLine id="l14"><Coords points="872,477 616,476 471,480 265,481 265,508 872,508"/><TextEquiv><Unicode/></TextEquiv><TextEquiv index="1"><Unicode>Dant Arabes caſiam, feitilis Hybla thymo ct.</Unicode></TextEquiv></TextLine><TextLine id="l15"><Coords points="785,543 785,511 635,510 338,515 227,515 212,513 212,544 658,544"/><TextEquiv><Unicode/></TextEquiv><TextEquiv index="1"><Unicode>Sic non na omnes genuit natura leueros,</Unicode></TextEquiv></TextLine><TextLine id="l16"><Coords points="825,544 659,544 333,548 248,547 248,577 825,577"/><TextEquiv><Unicode/></TextEquiv><TextEquiv index="1"><Unicode>Huic canis, huic curua falce placebit. auis.</Unicode></TextEquiv></TextLine><TextLine id="l17"><Coords points="513,612 787,611 787,578 629,578 311,582 226,578 213,579 213,614 457,614"/><TextEquiv><Unicode/></TextEquiv><TextEquiv index="1"><Unicode>Ille reflectit equos; amat altas ille carinas,</Unicode></TextEquiv></TextLine><TextLine id="l18"><Coords points="568,645 816,644 816,613 640,612 513,613 395,616 238,615 238,646 276,648 410,648"/><TextEquiv><Unicode/></TextEquiv><TextEquiv index="1"><Unicode>Hic laqueos tedit piſcibus, ille feris.</Unicode></TextEquiv></TextLine><TextLine id="l19"><Coords points="203,682 367,678 474,681 602,678 829,678 829,645 568,646 347,650 298,650 186,645 186,686 195,686"/><TextEquiv><Unicode/></TextEquiv><TextEquiv index="1"><Unicode>Cæſaris hic miles, magni hic mercator acerui,</Unicode></TextEquiv></TextLine><TextLine id="l20"><Coords points="921,678 759,680 602,679 498,682 367,679 246,682 246,713 921,713"/><TextEquiv><Unicode/></TextEquiv><TextEquiv index="1"><Unicode>rrNTHIA grata tibi eſt, eſt mihi grata Venus.</Unicode></TextEquiv></TextLine><TextLine id="l21"><Coords points="497,715 497,738 655,738 655,715"/><TextEquiv><Unicode/></TextEquiv><TextEquiv index="1"><Unicode>d enerem.</Unicode></TextEquiv></TextLine><TextLine id="l22"><Coords points="214,746 214,781 890,781 890,746"/><TextEquiv><Unicode/></TextEquiv><TextEquiv index="1"><Unicode>Mollis ades, Cytherea, nouos deflemus Amores:</Unicode></TextEquiv></TextLine><TextLine id="l23"><Coords points="767,813 767,781 504,781 382,783 222,782 222,813 704,814"/><TextEquiv><Unicode/></TextEquiv><TextEquiv index="1"><Unicode>Et ferimur tepidis in tua regna Notis.</Unicode></TextEquiv></TextLine><TextLine id="l24"><Coords points="266,850 283,849 442,847 799,847 799,813 704,815 432,815 339,817 283,817 266,815 238,815 211,813 211,852 262,852"/><TextEquiv><Unicode/></TextEquiv><TextEquiv index="1"><Unicode>Turpiter ad palum mediâ veteranus aren</Unicode></TextEquiv></TextLine><TextLine id="l25"><Coords points="788,848 552,847 442,848 283,850 266,851 258,853 258,878 788,878"/><TextEquiv><Unicode/></TextEquiv><TextEquiv index="1"><Unicode>Ludit; habet metas ſtulta Iuuenta ſuas.</Unicode></TextEquiv></TextLine><TextLine id="l26"><Coords points="831,881 447,881 414,883 260,884 206,881 196,874 175,874 175,915 831,915"/><TextEquiv><Unicode/></TextEquiv><TextEquiv index="1"><Unicode>Nos tamen inuiti Paphios vrgemur ad ignes,</Unicode></TextEquiv></TextLine><TextLine id="l27"><Coords points="778,916 431,915 382,917 270,917 247,915 214,915 214,948 778,948"/><TextEquiv><Unicode/></TextEquiv><TextEquiv index="1"><Unicode>Ferturt i ſanctas hoſtia vincta dapes:</Unicode></TextEquiv></TextLine><TextLine id="l28"><Coords points="766,980 806,981 806,949 539,948 320,951 228,950 222,953 213,953 213,982 490,982"/><TextEquiv><Unicode/></TextEquiv><TextEquiv index="1"><Unicode>Liber eram, nulloque olim vexabar amore</Unicode></TextEquiv></TextLine><TextLine id="l29"><Coords points="580,1014 824,1014 824,982 767,981 491,982 346,985 251,983 251,1016 386,1017"/><TextEquiv><Unicode/></TextEquiv><TextEquiv index="1"><Unicode>Et nil, quod nollem, ferre coactus, eram.</Unicode></TextEquiv></TextLine><TextLine id="l30"><Coords points="709,1047 833,1048 833,1016 497,1016 386,1018 209,1016 209,1049 557,1049"/><TextEquiv><Unicode/></TextEquiv><TextEquiv index="1"><Unicode>Occulte ſubiique iugum; collumque tetendi:</Unicode></TextEquiv></TextLine><TextLine id="l31"><Coords points="565,1081 794,1081 794,1049 558,1049 447,1051 234,1050 199,1053 199,1079 209,1081 246,1083 461,1083"/><TextEquiv><Unicode/></TextEquiv><TextEquiv index="1"><Unicode>Aldemens tacita commodus arte capil</Unicode></TextEquiv></TextLine><TextLine id="l32"><Coords points="840,1082 565,1082 461,1084 246,1084 207,1082 207,1115 840,1116"/><TextEquiv><Unicode/></TextEquiv><TextEquiv index="1"><Unicode>oSic tauri blandaque man laqueoque latente;</Unicode></TextEquiv></TextLine><TextLine id="l33"><Coords points="744,1147 744,1116 257,1117 257,1148 519,1149"/><TextEquiv><Unicode/></TextEquiv><TextEquiv index="1"><Unicode>Indomitiprimum ſic capiuntur equi.</Unicode></TextEquiv></TextLine><TextLine id="l34"><Coords points="789,1149 520,1149 427,1151 316,1151 224,1149 224,1180 789,1181"/><TextEquiv><Unicode/></TextEquiv><TextEquiv index="1"><Unicode>Cur ego vix notam potui laudare Puellam?</Unicode></TextEquiv></TextLine><TextLine id="l35"><Coords points="735,1215 735,1182 449,1184 334,1184 258,1182 258,1214 268,1215 687,1216"/><TextEquiv><Unicode/></TextEquiv><TextEquiv index="1"><Unicode>Et furtiua meo ſubdere ligna rogo?</Unicode></TextEquiv></TextLine><TextLine id="l36"><Coords points="859,1215 746,1215 687,1217 207,1215 207,1255 279,1255 345,1257 859,1257"/><TextEquiv><Unicode/></TextEquiv><TextEquiv index="1"><Unicode>Cur precibus lector blandis ? alienaq; flamma</Unicode></TextEquiv></TextLine><TextLine id="l37"><Coords points="915,1254 915,1280 1006,1280 1006,1254"/><TextEquiv><Unicode/></TextEquiv><TextEquiv index="1"><Unicode>Dum</Unicode></TextEquiv></TextLine><TextEquiv><Unicode/></TextEquiv></TextRegion></Page></PcGts>