1321 1375
762 1 861 19 o
57 20 611 64 Vpereum reparans ſæpe reciſa caput:
16 62 684 97 In tua ſic video ſine lege repullulat arma
49 95 621 128 Caſſia, tam magnâ ſæpe repreſſa manu:
8 129 696 162 Ille ſed admoto candenti in vulnera ferro,
110 162 708 196 Immanem exſtinxit ſtrenuus igne feram.
73 196 686 230 Sic tu, ſi quidquam credi, dux Vrſe, poëtis,
934 199 990 223 IH
102 230 694 265 Vincere non pactis hanc potes; igne potes.
918 249 952 274 t
188 264 656 296 In iubentes comburiares uidiana.
1 289 678 340 Non opus eſt artem comburere Vatis amandi
47 331 716 363 Si cupis vt dominam nullus amatr amet.
1 362 748 407 Inguina comburas ſexus vtriuſqu e furenti
53 396 614 430 Vnde capit mores femna virq; ſuos.
176 431 583 462 De Call maeho Geminianenſi.
23 459 692 498 Callimachus Barbos fugiens ex vrbe futores,
66 496 668 529 Barbara quæ fuerant regna, Latina facit.
249 532 577 562 Ad Ducem Calabria.
1 561 689 596 Aut iam me expedias, dux inuictiſſime; vel me
108 597 690 629 In patriam vacuum quæſo remitte meam.
46 629 769 660 In Calabros tendis, vel forſan tendis Hidruntem.
1 662 656 696 At nequeo vlterius iam tua caſtra ſequi.
61 696 647 730 Nam tua conſector dum ſic tentoria; perdit
1 725 832 784 Noſtracrumena ſonum, noſtraque mula grad um
951 746 1004 773 .
155 765 687 797 Ad Fr. ariam PontisViterbienſem.
912 771 1010 799 .
61 797 704 830 Quas here per campos inter filiceta latentes
103 830 730 862 Cepimus, & noſtro cum eane, Præſul, aues?
57 863 736 903 Non cane, ſed pretio captas ait iſte malignus,
105 896 630 929 Fratribus .tnæis longior, Eutrapelus.
928 902 963 922 ,
899 918 1017 964 I
64 925 816 965 Nec mirum eſt nam qui niſi coctas prendere neſgt;
105 961 801 1000 Miratur volucres cum cane poſſe capi.
250 996 531 1025 In Marcelum.
71 1022 709 1055 Nollem ſub Laur teeum, Marelle, morari,
100 1059 707 1095 Cm veniunt dextrâ fulmina miſſa Iouis.
275 1094 578 1127 n poeticam ſuam.
912 1107 1021 1142 I
58 1118 696 1159 Diſpereant Latiæ ſterilis, mea caſtra, Camœnæa
12 1161 637 1197 Diſpeeat faliax Numen, pollo, tuum.
564 1192 718 1229 Nnn
