1047 1322
442 1 791 27 CALICII.
224 2 271 35 tt
223 42 826 77 Mam ſat arenoſis commiſimus hordea ſulcis,
262 78 804 113 Tritaque ſunt vano ſat mea colla iugo.
229 112 805 145 Tota fuit ſtulto conſumpta labore iuuenta,
227 145 781 180 Paſceret vt vatem vita beata ſeneim.
228 177 828 212 Inuida canities properat: nil Phœbe propinas:
265 211 801 246 Nil mili das Helicon:Pegaſis nda nihil.
230 243 870 279 Coccina fert humeris & coccina qæque ſatelles
267 280 782 313 Et pathios, leno, pharmacopola, cocus.
230 311 936 346 Horumque eſt quicquid nunc cuditur orbe monetæ:
238 344 836 380 Nil aliud vates, quàm BENE dixit. habet.
431 380 635 410 Ad Iouem
231 411 740 445 Qui regis teras fominum, & Deorum
222 444 687 477 Regna; qui rerum ſapienter vnus
222 477 677 518 Ordines cernis, ſcelus atque ſæuo
404 511 650 544 Fulmine terres,
233 544 690 577 Iupiter, tandem pluuiis precamur
235 578 706 611 Parce quas noſtris furibundus agris
233 611 656 648 Non ſin immenſâ iacularis irâ,
421 644 665 678 Fulguribusque.
235 676 724 711 Nos ſumus qui te colimus per annos
236 711 692 744 Thurenec defit tibi pinguis, omni
233 744 746 777 Tempore ad feſtum quoties recurrit
462 777 651 810 Victima ſacris.
232 805 663 845 Parce:ſic coniux taceat ſororque
234 844 623 878 Si tibi Ledæ placeant Lacenæ,
236 878 658 911 Si vel Europæ, vel amica magnæ
463 910 665 937 Furtluuentæ.
476 945 657 970 Factum Sis.
234 978 798 1012 Vela dabet pelago Rufi modd ſola biremis
248 1012 759 1046 In qua vectantur, ſimia, porcus, herus.
234 1046 714 1077 Nauis t: interea tetro repletur odore
268 1078 726 1110 Diuiſas porcus dum ſinit eſſe nates.
168 1105 803 1143 Cludit herus nares: dat pœnas ſimia virg,
270 1145 811 1178 Et dolet attritas terque quaterque nate.
232 1177 735 1218 Seriolam vini Rufus de more gerebat,
912 1214 1006 1240 Dncere
