1230 1395
503 15 597 40 O
223 26 642 54 CANTALCII
776 33 827 63 :
28 64 636 105 Ducere quâ ad Venetos nauita poſſet iter.
44 103 720 140 Cum ſecus haud poſſet deſcribere callida porcum;
84 138 517 171 Camellam exturat ſimia ſeriolæ.
46 171 651 207 Quam rapiens fixit redolenti in podice porci;
82 206 584 241 Diceret vt Rufo;non ego porcus erat.
895 218 968 255 I
46 240 616 274 Tu quicunque feras dicis rationis egentes
81 272 658 307 Dic homo plus, quæſo, quid rationis habet.
311 317 497 348 In Lippum.
1 348 666 392 Lippe tuos quoties oculos de mane videmus,
84 382 555 415 Et fatuunm nullâ cum ratione caput:
1 404 734 452 Tres me monſtriferâ confundis imagine noctes,
85 449 605 481 Et mea terribilis comprimit oſſa pauor.
1 477 651 516 Parce, precor, nobis occurrere luce; verendum
35 516 722 556 Aut ſaltem occurens ſi pudet abde caput.
897 512 976 552 l
187 554 597 591 Ad Pſulem Mutinenſem.
898 588 954 613 a
1 580 702 632 Si memini, nuper Mutinæ digniſſime præſul,
88 624 625 658 Me tibi iuſſiſti ſcribere, quid ſit homo:
1 656 713 697 Sordidus eſt ſeptem primum porcellus in ann,
89 691 696 725 In totidem tanquam ſemper hirundo volat.
899 683 980 715 ht
898 715 982 748 lr
52 725 660 758 At iuuenis, pulcri pauonis nomina ſumit,
87 758 610 791 Tempore quo totum ſe, velut ille, polit.
1 783 636 832 Mox quadraginta fit diſpenſator in annos:
89 825 571 859 Hinc miri exempli conſiliique dator.
904 845 949 865 e:
53 858 711 891 Inde malis medicus cunctis medicamina prabet:
85 892 663 928 Decrepitus, cælum nouit vt Aſtrologus.
314 935 566 970 Ad ntenium.
1 967 604 1010 Donaras hædi nuper me munere magno,
87 1010 624 1042 Ih cuius nullum pectore gramen erat.
55 1042 579 1075 Gallins Bacchi miſiſti tempore obeſas,
43 1074 606 1109 Quas cuperet Virro max mus eſſe fuas.
1 1108 643 1146 Mox candelarum ſancta das luce maniplum,
89 1143 580 1176 Talia cum retulit februa feſta dies.
1 1161 595 1210 ac etiam poſthac miſiſti luce columbos,
87 1206 677 1244 Anſeribus ſimiles turtuibusque pares.
701 1233 858 1283 ine
500 1245 607 1281 NnI
