1230 1395
223 26 642 54 CANTALCII
28 64 636 105 Ducere quâ ad Venetos nauita poſſet iter.
44 103 720 140 Cum ſecus haud poſſet deſcribere callida porcum;
84 138 517 171 Camellam exturat ſimia ſeriolæ.
46 171 651 207 Quam rapiens fixit redolenti in podice porci;
82 206 584 241 Diceret vt Rufo;non ego porcus erat.
46 240 616 274 Tu quicunque feras dicis rationis egentes
81 272 658 307 Dic homo plus, quæſo, quid rationis habet.
311 317 497 348 In Lippum.
32 348 666 391 Lippe tuos quoties oculos de mane videmus,
84 382 555 415 Et fatuunm nullâ cum ratione caput:
32 408 734 452 Tres me monſtriferâ confundis imagine noctes,
85 449 605 481 Et mea terribilis comprimit oſſa pauor.
32 481 651 516 Parce, precor, nobis occurrere luce; verendum
35 516 722 556 Aut ſaltem occurens ſi pudet abde caput.
187 554 597 591 Ad Pſulem Mutinenſem.
32 580 702 632 Si memini, nuper Mutinæ digniſſime præſul,
88 624 625 658 Me tibi iuſſiſti ſcribere, quid ſit homo:
31 656 713 692 Sordidus eſt ſeptem primum porcellus in ann,
89 691 696 725 In totidem tanquam ſemper hirundo volat.
52 725 660 758 At iuuenis, pulcri pauonis nomina ſumit,
87 758 610 791 Tempore quo totum ſe, velut ille, polit.
31 783 636 831 Mox quadraginta fit diſpenſator in annos:
89 825 571 859 Hinc miri exempli conſiliique dator.
53 858 711 891 Inde malis medicus cunctis medicamina prabet:
85 892 663 928 Decrepitus, cælum nouit vt Aſtrologus.
314 935 566 970 Ad ntenium.
32 967 604 1010 Donaras hædi nuper me munere magno,
87 1010 624 1042 Ih cuius nullum pectore gramen erat.
55 1042 579 1075 Gallins Bacchi miſiſti tempore obeſas,
43 1074 606 1109 Quas cuperet Virro max mus eſſe fuas.
32 1107 643 1146 Mox candelarum ſancta das luce maniplum,
89 1143 580 1176 Talia cum retulit februa feſta dies.
32 1163 595 1210 ac etiam poſthac miſiſti luce columbos,
87 1208 632 1244 Anſeribus ſimiles turtuibusque pares.
713 1233 858 1283 ine
