1055 1350
448 3 826 29 CNTALICII.
225 47 813 78 eſine iam tantis donis onerare poëtam;
292 80 800 117 Quem ſcis, Antoni, ieddere poſſe nihil.
466 114 730 148 Ad Vrſem irgirum.
256 145 791 178 Vrſe, ſatis didiciim temporis eſſe futur
289 180 844 214 Vellem pr ſentis tem oris eſſe patum
256 214 813 246 Vlterius ne me per craſtina tempera diſſer:
288 248 805 281 Vis dare quæ dicis munera?tolle moras.
513 282 639 313 Do caſelo.
232 313 998 348 Nafraga cùm præmeret tumidi maris vnda Caſellum
289 349 759 380 Vouitadorato munera magna Ioui.
227 379 816 416 Soſpes abit; tam vota viri valuere precesq;:
225 413 827 447 Vota ſed haud potuit ſoluere:pauper erat.
225 444 888 482 Nil dedit ergo miſer niſi talia verba Tonanti
253 480 806 514 Amplius Oceanum ſi peto, merge pater.
479 515 692 546 In forum iiutum.
225 537 816 585 Si cui pernc tum, quid ſit Patientia, non eſt;
224 581 735 616 Iura Palatino tentet habere foro.
451 615 725 647 De fmi & columba
251 640 776 680 Inſidiis volucres ſolitus deludere paſtor
242 682 763 715 Aicitenens, patriis vt ſpatiatut agris,
225 715 884 747 Ocia proſpexit meditantem forte columbam,
282 749 845 781 Perdere quam prompta cogitatinde manu.
248 781 905 815 Dumque parat tacito viſam pede cædere prdam,
242 814 835 845 Et ſecum raucos dum mouet illa ſonos.
225 848 884 886 Proximalethifcrum miſerans formica periclum,
280 881 761 914 Aucupis inuaſit ſedula dente pedem.
225 914 870 950 Protinus hoc morſulſus, quatit ille phareiram
283 947 810 982 Deque arcu reſonans tenta ſagitta cadit.
225 976 889 1016 Efugit audito ſtrepitu tremefacta per autas,
264 1016 803 1048 Formicæ meritis rauca columba necem.
231 1048 751 1081 Interea paucis lapſis formica diebus
230 1082 783 1115 In liquidis ſitiens pectora merſit aquis.
241 1115 855 1148 Ecce reluctantem volucrs pia conſpicit vndis,
279 1149 746 1182 Quæ mod formicæ libera vixit ope
225 1178 749 1220 Exiguum viridi ramum decerpit oiiuâ,
967 1219 1025 1253 In;
