1230 1392
277 34 592 58 CAPILVPI.
26 73 692 110 ille etiam & genti nomen dedit, armaque fixitj
46 110 686 143 Multa mouens animo ſiluas, ſaltusque peragrat
50 143 673 177 Noctes, atque dies, eſt mollis flamma medullas.
80 177 687 209 Forte die, tardis ingens vbi flexibus errat
33 212 562 244 Mincius, auratus taurino cornua vultu,
32 244 612 277 Populeas inter frondes, lucosque ſonantes
33 277 669 309 Dum canit, & mœſtum Muſa ſolatur amorem:
32 312 563 346 Longe illi media ſe ſe tulit obuia ſilua
33 345 560 378 Cauſſa mali tani pulcerrima Deiopea,
33 379 747 412 Cui pharetra ex humero ſonat arcus, & arma Diauæ,
32 412 684 448 Qualis gemma micat, crines nodantur in aurum,
48 446 605 480 Aurea purpuream ſubnectit fibula veſtem.
49 479 547 513 Agnouit iuuenis diuini ſigna decoris:
33 512 676 545 Illi membra nouus ſoluit formidinetorpor
33 544 672 579 Obſtupuit primo aſpectu, & vox faucibus hæſit,
48 579 529 613 Vt primum fari potuit, ſic incipit ore
33 614 637 648 Suſpirans. imoque trahens à pectore vocem,
83 648 663 681 Cara deûm ſoboles animo gratiſſima noſtro
32 682 611 715 Salue vera Iouis proles, mea maxima cura,
33 715 650 750 Quam nec longa dies pietas nec mitigat vlla,
33 750 665 783 Sola ne perpetua mœrens carpere iuuenta,
33 784 630 816 Iam matura viro? Veneris nec præmia noris?
33 816 662 850 Ah virgo infelix, mitte hanc de pectorecuram.
45 850 572 880 Vtere ſorte tua nimium necrede coloti,
32 879 671 918 Omnia fert ætas, fugit irreparabile tempus.
33 917 686 951 Alma precor miſerere animi non digna ferents,
33 951 648 984 Ad te confugio,& ſupplex tua numina poſco.
81 984 599 1011 Vix ea fatus erat, veluti violauerit oſtro
33 1017 646 1052 Si quis ebur, tales virgo dabat ore colores:
32 1048 631 1085 Deiecit vultum, & demiſſa voce locuta e.
33 1082 682 1117 Deſine meque tuis incendere, teque querelis,
33 1116 877 1152 Quam pro me curam geris, hanc precor, optime, pro me
33 1151 560 1185 Deponas, toties iam dedignata maritos
33 1184 638 1218 Mens immota manet ſola contenta Diana:
33 1217 708 1255 Nanque fatebor ebor quæro.
652 1246 861 1290 Ctum
