1091 1324
566 30 760 54 LII
281 70 856 106 Cettum et im ſiluis, inter deſerta ferarum
271 106 916 140 Malle pati:incœptum fruſtra ſubmitte furorem.
281 140 944 172 Diſce puer virtutem ex me, & non temnere diuos.
279 174 825 208 Hic pietatis honos Patetatri ianua Ditis
277 205 878 241 Qu ſitor Minos vitasque, & crimina diſcit,
282 240 872 275 Caſtigatque, auditq dolos:te triſte manebit
277 273 837 307 Supplicium. votisq; deos venerabere ſeris,
259 308 861 341 Sic ait, & dictis diuinum aſpirat amorem,
274 341 790 375 Edocet humanis quæ ſit fiducia rebus
275 374 906 408 Illum tuibat Amor magis, ægreſcitq; medendo.
276 407 892 441 Tum quaſſaus caput hac eftudit pectore dicta.
312 441 960 476 Omnia peicepi,atque anno mecum ante peregi
274 474 886 507 Ne tantos mii finge metus: non talia curat:
275 507 970 540 Omnia vincit Amor, ſtepitumiq; Acherontis auari
274 541 968 576 Subiecit pedibus: Quis ennm modus adſit Amori?
271 575 978 608 Inde hominum pecudumq; genus, pictæque volucres
271 607 888 643 Et genus æquoreum genitalia ſemina poſcunt,
268 642 843 676 In furias, ignemque ruunt. Regina ſacerdos
269 676 835 710 Marte grauis, partu ſub luminis edidit oras
270 710 916 744 Romanos rerum dominos gentemque togatam.
270 743 902 777 Quid maiora ſequar?pueri, innuptæque puellæ
266 777 871 809 Magnanimi Iouis ingratum aſcendere cubile.
266 810 876 843 Et dubitant homines naturæ accedere partes?
269 843 912 877 Nymphæ Laurentes, præſtanti corpore Nymphæ
266 877 869 909 Degere more feræ, quæ vos dementia adegit?
265 910 839 943 Vana ſuperſtitio in dumis coluiſe Dianam,
262 944 842 977 Æteruum telorum, & virginitatis amorem:
263 977 935 1010 Egregiam vero laudem, & ſpolia ampla refertis,
264 1010 949 1044 Tantorum impenſis operum nihil omnibus actum.
266 1043 814 1076 Tu ne tot incaſſum fuſos patiere labores?
264 1076 879 1110 Quin potius miſerere: mori me denique coges.
260 1110 927 1145 Accipe, daq; fidem. quoniam conuenimus ambo,
262 1143 862 1184 Vis ergo inter nos, quid poſſic vterq; viciſſim
260 1176 494 1207 Erperiamur?
220 1207 927 1255 esſu ado inferis. olumtt igine dignum.
914 1242 1058 1286 Et me
