1252 1387
291 63 559 86 CAPILVPI.
793 67 902 103 s
10 107 711 139 Et me Phœbus amat, nouit namque omnia vates.
1 139 736 174 Te nemus omnc canet,li qid uca carmina poſſunt
1 173 745 210 Semper honos, nomenq; tui laudesq; manebunt,
37 209 603 239 Si te nulia mouet tantarum gloria rerum,
8 239 694 285 Huc geminas nunc flecte acies, tes aſpice noſtras.
892 259 978 318 j
72 275 698 307 Pandite nunc Helicona Deæ, cantusq; mouete.
1 301 717 340 Telum im ane, manu valida quod forte gerebat,
901 317 975 345 5
1 342 632 377 Eriptt mulcens quo non præſtantius vllum
1 375 637 412 Eu opa, atque Aia, viſu mrabile monſtrum,
1 409 718 448 Horrendum & cui turpe caput, cui plutima ceruix,
38 442 634 477 Conſertum tegmen ſpinis, prolixaque barba,
36 476 626 509 Et crurum tenus a merto palcaria pendent,
25 506 708 543 Tantæ molis erat. Me ne huic confidere monſtro
898 512 969 549 i
75 542 692 576 Hæc effata ſilet, laciymasq; effudit, & omnem
900 547 986 581 Fu
1 576 669 613 Impleuit clamore locum, & tremefacta refugit,
1 611 653 646 Improuiſum aſpris veluti qui ſentibus anguem
35 642 694 678 Preſſit humi, retrque pedem cum voce repreſſit.
1 678 626 711 Ille autem pariter curſu, teloque ſecutus,
902 678 989 713 Mi
1 711 766 746 Siſte gradum: quo deinde ruis, quo proripis, inquit,
36 745 752 780 Nunquam hodie effugies, venlam per tela, per ign,,.
37 780 621 813 Nullæ hie inſidiæ, terram mare ſidera iuro.
38 813 639 848 Nec vim tela ferunt. Tereti ceruice reflexam
39 844 718 881 Inſequitur, iam iamq; manu tenet, & premit haſta.
33 880 518 908 Euolat, infelix, & fœmineo vlulatu
39 913 712 947 Sciſſa comam, meſtis late loca queſtibus implet.
39 947 729 981 Forruna omnipotens, quid non ſperemus amantes?
36 979 626 1011 Hic iuuenis iam victor ouans, veſtigia preſſo
39 1013 612 1043 Haud tenuit titubata ſolo, reuolutus arena
36 1047 597 1077 Labitur infelix, non ille oblitus amorum
36 1080 641 1115 Ingemuit deditq; has imo pectore voces
35 1114 623 1147 Adſis tantum, qui tela Typhoea temnis,
38 1146 781 1186 Sis bonus felixq; audacibus annue cœptit,
19 1180 634 1213 Nate Dea, ſi quid pietas antiqua labores
40 1213 642 1247 Reſpicit humanos, dubiis ne deice rebus.
45 1238 770 1288 Ventum ad ſupremum eſt, precibuecterv
895 1278 992 1315 .
