1107 1352
587 33 782 58 AÆLII
295 38 347 64 576
301 78 1004 113 Verum age, & vltcicem pharetrâ deprome ſagittam.
303 113 881 146 Vix hæc ediderat, ruere omnia viſa repente,
304 146 847 179 Paret Amor dictis, cœli in regione ſerena
302 179 828 209 Intonuit læuum:ſonat vnà letifer arcus,
304 212 843 247 Conſtitit hic, curuo direxit ſpicula cornu
305 246 808 280 Nulli viſa cito, perq; ilia venit arundo,
288 280 841 315 Et læuo infixa eſt lateri, mirabile dictu,
302 314 947 348 Pertentat ſenſus, atque oſſibus implicat ignem.
285 347 941 381 Improbe Amor, cui tanta Deo permiſſa poteſtas:
284 382 972 416 Non equidem inuideo, miror magis. Aſpera virgo
251 414 952 448 Continuitque gradum, ſubitoque aceenſa furore
284 447 851 481 Incipit effari: Sequimur te ſancte Deorum
282 481 935 514 Quiſquis es; en ſupplex venio, miſerere tuorum,
282 515 917 549 Clamat, io decus & nemorum Latonia cuſtos.
299 549 958 582 Diique, Deæq; omnes ſtudium quibus arua tueri.
280 582 898 615 Hic domus eſt, inquit, vobis: iam viuite ſiluæ:
281 616 946 650 Maior agit Deus, atque opera ad maiora remittit:
299 649 974 684 Venit Amor, ſubitaque animum dulcedine mouit.
280 684 861 717 Te vero, venerande puer, iam pectore toto
280 717 938 752 Accipio, agnoſeo, quando hæc te cura remordet,
279 751 913 784 Huc ades o formoſe puer, iam tempus agi res:
284 784 912 819 Do quod vis, ſed res animos incognita turbat:
277 817 971 852 Quicquid id eſt timeo:hunc oro defende furorem.
295 852 833 884 Auditis ille hæc placidoſic reddidit ore.
260 886 824 919 Teſtor cara Deos, nihil ills triſte recepto
297 918 1023 954 Carpe manu, namque ipſe volens, facilisque ſequetur:
291 953 863 987 Audentes fortuna iuuat: quis talia demens
295 986 954 1021 Abnuat? Atque animum præſenti pignore firmat:
276 1020 854 1047 His dictis curæ emotæ: venerabile donum
296 1054 907 1087 Fatalis virgæ, monimentum, & pignus amoris
296 1087 891 1121 Dulcibus illa quidem illecebris laſciua puella
298 1119 914 1154 Miraturque, interq; manus, & brachia verſat,
279 1154 897 1188 Explri mentem nequit, ardeſcitque tuendo.
282 1186 957 1222 Tum vero exarſit, iuuenique arrecta cupido,
279 1216 887 1261 Pellis & ad tactum tractanti dura refiſtit,
961 1254 1089 1291 Inii
