1091 1332
530 20 796 52 LLII
250 32 304 63 g
255 69 882 108 Sponte ſua:vmbroſæ penitus patuere cauern.
257 104 846 140 Hic labor ille domus, & inextricabilis error,
259 138 885 171 Hic ſpelunca fuit, vaſtoque immanis hiatu
267 170 916 205 Horrida, quam denſi complerant vndique ſente:
263 205 802 238 Intus aquæ dulces, mellis cœleſtia dona.
261 238 956 272 Ergo iter inceptum peragunt, atque oſeula figunt
261 271 824 305 Neſcio qua præter ſolitum dulcedine læti:
262 305 820 338 Sibila lambebant liguis vibrantibus ora.
256 337 921 371 Continuoque auidis vbi ſubdita flamma medullis
255 372 953 403 Idem omnes ſimul ardor agit, pariterque laborem
259 404 833 436 Sortiti: teneris tepefactus in oſſibus humor
256 436 852 470 ſtuat, & liquido diſtendunt nectare cellas.
256 470 897 502 Tum vero ardentes oculi, atque attractus ab alto
255 502 846 536 Spiritus auditur grauior: tractimq; ſuſurrant
264 536 908 569 Cum gemitu:ſubito non vultus, non color vnus,
261 569 854 604 Non comptæ manſere comæ. moritura puella
258 603 947 637 Saaguineam torquens aciem, maculisq; trements
256 636 766 669 Interfuſa genas, delibans oſcula fatur.
260 669 825 702 Omihi præteritos referat ſi Iuppiter annos
257 703 831 736 Dum te care puer, mea ſola, & ſera voluptas,
250 735 812 768 Complexu teneo, tecum conſumerer æuo
259 769 765 802 Nunc ſcio quid ſit amor, ſanguis meus.
257 800 876 834 rc ait, & liquidum ambroſiæ diffudit odorem
254 835 895 869 Atque huic reponſum paucis ita reddidit heros:
262 868 831 901 Extinxti te, meque ſoror. Nec plura locutus
255 901 943 939 Dentibus mfrendens, flammantia lumina torquem
250 935 888 970 Atque hinc, atque illinc immania terga reſoluit,
257 969 857 1003 Extremosq; ciet gemitus: tum lucidus anguis
255 1002 893 1034 Concidit, & miſtum ſpumis vomit ore cruorem.
252 1035 883 1069 Hei mihi quals erat, quantum mutatus ab illo,
255 1068 881 1102 Ceruicem inflexam poſuit, iacuitq; per antrum,
256 1100 876 1134 E frontem obſcœnam rugis arat:omnis, & vna
258 1133 871 1168 Dilapſus calor, atque immundus olentia ſudor
253 1165 859 1202 Membra ſequebatur: factoq; hic fine quieuit.
251 1197 793 1239 Deſine Mænalioiam deine tibia verſus.
975 1242 1045 1270 e
