1121 1347
579 16 776 43 LÆLII
278 23 342 51 5
299 59 955 94 It cœlo clamorque virum clangorque tubarum.
301 94 925 128 Poſthinc digreſſus pingues ſpatiatur ad aras
301 127 898 160 Et nunc huc, inde huc incertos explicat orbes:
304 160 933 194 Ceu quondam torto volitans ſub verbere turbo.
304 193 968 228 Mmterdum genua impediunt, curſumque recuſant::
303 228 856 261 Langueſcit moriens, obſedit limen amatæ
304 259 933 294 Primitiæ iuuenis miſeræ, terræque per vmbram
305 295 869 324 Stridens, nec dulci declinat lumina ſomno.
306 328 918 362 Quid faceret?ſolans ægrum teſtudine amorem
307 360 926 393 Talia voce refert, gemitum dat pectore ab imo.
309 395 812 427 O decus Italiæ virgo, mea maxima cura
307 427 878 458 Nil noſtri miſerere, mori me denique cogis.
305 459 896 492 Victus amore tui ventos perpeſſus, & imbes.
307 493 865 526 octe ſuper media ſupplex ad limina veni.
308 527 840 560 Per te, per qui te talem genuere parentes
308 559 934 591 Da dextram miſero, noctem non amplius vnam
309 593 935 622 Extremam hanc oro veniam, miſerere laborum
309 627 945 661 Alma precor miſerere animi non digna ferentis.
309 660 992 693 Nec ſum adeo informis, nympharum ſanguinis vna
311 694 870 727 O quoties, & quæ nobis Galatea locuta eſt.
309 727 813 753 Vritur infelix, nam me diſcedere fſeuit.
308 760 857 793 Fors & vota facit. tua dum veſtigia luſtro.
311 791 961 826 Et me Phœbus amat. ſi quid mea carmina poſſunt
303 827 1025 862 Semper honos nomenque tuum landesq, manebut.
306 859 890 892 Tu trodo promiſſis maneas ſub nocle ſilenti
307 893 849 927 Vtere ſorte tua, multos igaua per annos
308 926 885 961 Cauſando noſtros in longum ducis amoress
308 962 897 987 Nec mea iam mutata loco ſententincedit.
308 993 971 1030 Quem fugis ah demens, en hæc promiſſa fides e
309 1027 934 1059 Siſte gradum, quis te noſtris complexibusarcet?
308 1060 897 1095 O digno coniuncta viro ſois omnia verſat,
308 1094 962 1126 Nuſquam tuta fides, crudelem abrumpete vitam
309 1128 952 1161 Mens immota n anet, quæ iam latis ima dehiſcat
309 1160 870 1195 Terra mihi vos potius miſareſcite venti,
304 1191 833 1233 Et noſtras audite picces, læuique doloris
981 1233 1085 1258 Parte
