1213 1381
249 34 591 73 CAPILVPI.
789 41 833 75 ty
58 73 828 107 Non tamen omne malum miſeris nec funditus omnes
39 112 688 145 Corporeæ excedunt peſtes, monimenta doloris.
60 145 707 177 Ardentes papulæ non ipſa in morte relinquunt
64 178 712 212 Non ego cuncta meis amplecti verſibus opto,
57 211 632 244 Non ea vis animo, cithaiâ crinitus IOPAS
60 245 707 279 Perſonat aurata, quæ cauſa indigna ſerenos,
63 279 627 312 Fœdauit vultus, extremæq; agmina caudæ,
61 311 722 344 Semil ominis Caci, genus à quo principe noftrum,
62 344 712 378 Obi, cibus ru ptis, qua vi maria altæ tumeſcant.
48 380 608 412 Felix qui potuit Naturæ accedere partes.
61 411 701 444 Per loca ſenta ſitu, ſuperasq; euadere ad auras,
61 445 697 478 Auſus quin etiam ſuper & Garamantas & Iuds
63 479 589 512 Ignotas tentare vias, vſumque medendi,
63 512 627 543 Fatalis virgæ admirans venerabile donum,
64 544 686 578 Siue Padi ripis. Atheſim ſeu propter amœnum,
62 579 618 611 Ille canit, placidi ſtrauerunt æquora venti,
61 612 616 645 Et mutata ſuos requierunt flumina curſus.
64 645 633 679 Quin ipſæ ſtupuere manus reſonantia iaxa,
65 679 814 712 Nereidum, Phorcique cliorus, eonus omne natantu
60 712 588 743 Attonitis hæſere animis, diuine Poera,
62 746 660 779 Quæ tibi quæ tali œddam pto carmine dona?
63 779 712 813 Quo ſuper eſt, ſed ſummæ ſequar faftigia rerum,
62 813 685 846 Expediam dictis, ſalientem ſanguine venam
60 845 707 878 Sanguineam ingentem, ſugentem vallibus imis,
60 877 798 913 Quanquam animus imeminiſſe horret luctuque refugit,
58 913 596 947 Vipereo generi diſtillat ob ingulne virus.
62 946 633 980 Seipentis furiale malum ſœdiſſma ventris
59 980 637 1012 Proluuics, quod ſæpe malæ legere nouereæ,
60 1012 600 1046 Omnia nam late vaſtat, ſub gurgite vaſto
53 1046 589 1080 Exit, & obducto late tenet omnia limo
59 1080 600 1113 Corrupitq; lacus, infecit pabula tabo
59 1112 628 1145 Terga fuum, & ſalſa lædit rubigine ferrum,
60 1146 624 1174 Hoc metuens cœli menſes, & ſidera ſerua.
60 1179 681 1212 Ipſe pater ſtatuit quid menſtrua luna moneret
55 1211 678 1246 Continuo ſt ægris alius calor, hortida ltum
732 1239 828 1268 Defod-
848 1276 919 1303 -
