1093 1318
575 11 769 42 L L
279 19 323 44 58
281 53 857 86 Deformat macies, pallor ſimul occupat ora.
282 87 897 120 Contemplator item veſtes, velamina nota,
253 118 912 152 Fœda miniſteria, & portarum ingentia clauſtra.
281 154 882 187 Voluitur ater odor tectis, & ſanguine largo
282 187 975 219 Terra torique madent, & harbara tegmina crurui
282 220 915 254 Fluuiorum rex Eridanus pluuialibus hædis,
279 254 813 286 Vorticibus rapidis, & multa flauus arena
281 285 918 320 Haud vndis abolere poteſt ſpolia ila cruenta,
281 320 940 353 Nec pulcer Ganges, aut pingui flumine Nilus,
284 353 991 387 Tum vero attonitæ, atque oculos ſtupor vrget inertes
281 386 896 418 Luminibus tacitis, contactuque omnia fœdant
238 420 933 451 Immundo, tum tecta petunt, tum corpora curant,
281 452 844 485 Turpia membra fimo, ſæui ſpiracula Ditis.
283 485 895 518 Ignauæq; fame cunctantur in ædibus omnes
281 518 865 551 At non in Venerem ſegnes nocturnaq; bella,
284 552 951 586 Tempore quanquam illo catulorum oblita Leæna,
284 586 895 618 Sæuior errauit campis, tum peſſima Tygris.
281 618 940 651 At non tam turpes pecudum tamen vlla ſecuta eſt
282 653 923 686 Concubitus, quæ tanta animum dementia cepit.
281 686 908 720 Europæ atque Aſiæ præſtanti corpore Nymphæ?
238 719 891 752 Tanta ne vos generis tenuit fiducia veſtri?
283 751 979 786 Pro ſcelus. ecce etiam Veneris monimenta nefandæ,
282 785 909 820 Paſiphaë, mixtumque genus, prolesq; biformis.
282 818 909 853 At ſperate Deos memores fandi atque nefandi.
280 853 860 884 Et venerem certis repetunt armenta diebus.
281 887 812 919 Ferrea progenies, cui non certauerit vlla
279 919 938 953 Aut tantum fluere aut totidem durare per annos,
278 952 854 988 In furias. ignemque ruunt ſub ſidere cancri,
282 986 1031 1019 Et cum triſtis hyems, vel cùm ruit imbriferum ver.
278 1019 923 1054 Atque vbi concubitus primos iam nota voluptas
280 1053 830 1087 Sollicitat, tantum notas odor attulit auras
280 1084 856 1121 Deſeruere domos, genitalia ſemina poſcunt
280 1119 874 1154 Noctes atque dies, crepitantiaque æra ſecutæ
250 1151 832 1187 Ad delubra iuuat currus agitare volantes,
283 1185 980 1222 Sæpe diem noctemque, & totum ex ordine menſem:
1006 1221 1059 1248 Sole
