1229 1384
284 39 571 68 CAPILVPI.
47 79 679 116 Sole ſub ardenti gelidiq; ſub ætheris axe
48 115 648 154 Saxa per & ſcopulos, iuuat indulgere choreis,
48 148 615 186 Oraq; corticibus ſumunt horrenda cauatis.
46 179 685 219 Ac neque eas iam frena virum nec verbera ſæua,
46 214 654 252 Perpetui tergo bouis, atque obiecta retardant
44 249 669 281 Flumina, nec miſeri poſſunt reuocare parentes.
49 282 619 320 Quin etiam clauſæ tenebris & carcere cæco,
48 314 642 352 Sit mihi fas audita loqui innuptæq; puellæ,
47 347 649 384 Tum trepidæ inter ſe coëunt, & ſæpeſine vllis
47 380 603 417 Coniugijs, vento grauidæ, mirahile dictu,
45 415 621 448 Ante annos, audetq; viris concurrere virgo,
47 446 732 479 Horrendum dictu, me ne huic confidere monſtro?
47 482 665 519 Hoc quondam monſtro horribiles exercuit iras
48 514 697 553 Hortator ſcelerum, creſcentis origine mundi,
47 548 661 582 Sublimes animas Stygias detruſit ad vndas.
45 580 726 617 Inde hominum pecudumq; genus, pictæq; volueres
46 615 549 652 In peius ruere ac retro ſublapſa referri
46 648 591 684 Heu pietas, heu priſca fides virtutis auitæ,
46 679 679 719 Omnipotens genitor qui fœdera fulmine ſaneit,
45 715 687 752 Tum primum virus ſerpentibus addidit atris,
44 748 550 786 Et paſſim riuis currentia vina repreſſit,
45 782 550 819 Mellaq; decuſſit folijs, mortalia corda
44 817 555 853 Expectata ſeges vanis eluſit auenis,
45 848 600 880 Iuſtitia excedens terris, miſerabile viſu,
44 882 700 919 Prima fugit. ſubeunt morbi, triſtisq; ſenectus,
42 917 683 949 Et metus, & male ſuada fames, & turpis egeſtas,
41 950 589 980 Et belli rabies, & amor ſucceſſit habendi,
40 981 698 1019 Iuſanumve forum, tum partu terra nefando,
42 1015 661 1055 Cæumq; Iapetumq; creat, fratresq; ſuperbos.
40 1050 564 1084 Ex illo in lucem Stygijs emiſſa tenebris,
41 1078 793 1122 Vana ſuperſtitio, magnum quæ ſparſa per orbem
40 1117 654 1152 Tum pater extructos diſiecit fulmine montes,
39 1149 636 1187 Et coniuratos cœlum reſcindere fratres,
40 1183 593 1220 Diſiecitq; rates, euertitq; æquora ventis.
28 1212 765 1263 Hime pecudes, amenta viros, genus omne ferarumt
788 1243 825 1271 Et
