<PcGts xmlns="http://schema.primaresearch.org/PAGE/gts/pagecontent/2017-07-15" xmlns:xsi="http://www.w3.org/2001/XMLSchema-instance" xsi:schemaLocation="http://schema.primaresearch.org/PAGE/gts/pagecontent/2017-07-15 http://schema.primaresearch.org/PAGE/gts/pagecontent/2017-07-15/pagecontent.xsd"><Metadata><Creator>User123</Creator><Created>2020-04-25T21:20:14</Created><LastChange>2020-04-25T21:20:14</LastChange></Metadata><Page imageFilename="0630.png" imageHeight="1339" imageWidth="1075"><TextRegion id="r0" type="paragraph"><Coords points="1,1 1073,1 1073,1337 1,1337"/><TextLine id="r0_l001"><Coords points="508,29 508,60 711,60 711,29"/><TextEquiv index="1"><Unicode>LLII</Unicode></TextEquiv></TextLine><TextLine id="r0_l002"><Coords points="246,47 246,69 290,69 290,47"/><TextEquiv index="1"><Unicode>592</Unicode></TextEquiv></TextLine><TextLine id="r0_l003"><Coords points="422,112 449,110 489,110 513,108 609,108 754,104 866,105 866,69 618,69 554,71 448,70 365,72 350,77 248,77 248,114 333,114"/><TextEquiv index="1"><Unicode>Torquet agens tircum, cineri promifſa Sichæo,</Unicode></TextEquiv></TextLine><TextLine id="r0_l004"><Coords points="784,137 858,137 860,136 860,105 754,105 609,109 513,109 489,111 449,111 386,114 251,115 251,140 638,140"/><TextEquiv index="1"><Unicode>Non ſeruata fides. Pallas ne exurere claſſem</Unicode></TextEquiv></TextLine><TextLine id="r0_l005"><Coords points="387,178 455,178 540,174 634,174 879,168 879,138 639,140 609,142 516,143 436,146 250,148 250,180 332,180"/><TextEquiv index="1"><Unicode>Argiuûm atque ipſos potuit ſubmergere ponto?</Unicode></TextEquiv></TextLine><TextLine id="r0_l006"><Coords points="441,211 478,209 610,208 644,206 883,201 883,169 634,175 540,175 455,179 387,179 290,182 251,181 252,214"/><TextEquiv index="1"><Unicode>Quid repetam exuſtas Erycino in littore claſſes?</Unicode></TextEquiv></TextLine><TextLine id="r0_l007"><Coords points="375,246 414,244 487,244 583,241 645,241 704,238 812,237 853,235 943,235 951,240 951,209 540,209 251,215 251,247 286,247"/><TextEquiv index="1"><Unicode>Quid memorem Alciden indigna morte peremptum,</Unicode></TextEquiv></TextLine><TextLine id="r0_l008"><Coords points="427,277 527,277 661,272 883,269 883,237 813,237 759,239 704,239 645,242 252,248 252,277 299,279 380,279"/><TextEquiv index="1"><Unicode>Neſciaq; humanis precibus manſueſcere corda ?</Unicode></TextEquiv></TextLine><TextLine id="r0_l009"><Coords points="633,308 668,306 839,303 839,273 661,273 527,278 427,278 380,280 299,280 251,278 251,311 403,311"/><TextEquiv index="1"><Unicode>Diſcerptum latos iuuenem ſparſere per agros</Unicode></TextEquiv></TextLine><TextLine id="r0_l010"><Coords points="762,338 836,341 841,343 902,342 902,306 710,306 633,309 567,309 503,311 404,311 294,314 252,313 252,344 510,344"/><TextEquiv index="1"><Unicode>Mulcentem Tigres, &amp; agentem carmine quercus.</Unicode></TextEquiv></TextLine><TextLine id="r0_l011"><Coords points="776,372 776,339 682,340 510,345 252,345 252,373 762,373"/><TextEquiv index="1"><Unicode>Horreſco referens, vna ſub nocteiugali,</Unicode></TextEquiv></TextLine><TextLine id="r0_l012"><Coords points="632,408 691,405 909,402 909,369 837,369 825,372 786,372 762,374 643,374 457,379 253,378 253,411 436,411"/><TextEquiv index="1"><Unicode>Cæſa manus iuuenum fœde, thalamiq; cruent.</Unicode></TextEquiv></TextLine><TextLine id="r0_l013"><Coords points="966,442 966,405 753,405 691,406 632,409 366,413 253,412 253,443 467,443 503,441 571,441 643,438 726,438 770,436 844,437 853,443 867,443"/><TextEquiv index="1"><Unicode>Heu cadit in quenquam tantum ſcelus? artonouercæ</Unicode></TextEquiv></TextLine><TextLine id="r0_l014"><Coords points="712,469 803,469 803,438 643,439 571,442 503,442 373,446 254,446 254,477 379,477"/><TextEquiv index="1"><Unicode>Ora puer prima ſignans intonſa iuuenta</Unicode></TextEquiv></TextLine><TextLine id="r0_l015"><Coords points="720,502 827,502 827,470 712,470 585,474 495,475 461,477 380,477 324,479 251,478 251,504 685,504"/><TextEquiv index="1"><Unicode>Excufſus curru, moribundus voluitur aruis,</Unicode></TextEquiv></TextLine><TextLine id="r0_l016"><Coords points="452,541 521,541 677,538 713,536 811,535 811,503 720,503 611,507 467,508 349,512 257,511 257,542 260,543 405,543"/><TextEquiv index="1"><Unicode>Turbatis diſtractus equis. qis talia fando</Unicode></TextEquiv></TextLine><TextLine id="r0_l017"><Coords points="553,574 622,571 732,571 784,569 859,570 868,576 932,576 932,536 713,537 636,540 452,542 368,545 295,545 255,543 255,577 393,577"/><TextEquiv index="1"><Unicode>Temperet à lachrymis totum vulgata per orbem?</Unicode></TextEquiv></TextLine><TextLine id="r0_l018"><Coords points="802,602 802,571 622,572 553,575 394,577 353,579 256,578 256,610 395,611"/><TextEquiv index="1"><Unicode>Et pro purpureo pœnas dat Scylla capillo.</Unicode></TextEquiv></TextLine><TextLine id="r0_l019"><Coords points="414,643 478,643 541,640 689,639 797,635 930,636 930,606 629,606 586,608 396,611 373,613 279,613 256,611 256,644 374,645"/><TextEquiv index="1"><Unicode>Eloquar an ſileam? natorum ſanguine matrem</Unicode></TextEquiv></TextLine><TextLine id="r0_l020"><Coords points="611,672 917,668 917,637 797,636 689,640 541,641 478,644 414,644 320,647 257,645 257,675 551,675"/><TextEquiv index="1"><Unicode>Commaculare manus? Summi regnator Olympi,</Unicode></TextEquiv></TextLine><TextLine id="r0_l021"><Coords points="407,710 621,707 722,703 824,702 960,703 970,705 985,705 994,709 1000,709 1000,661 980,661 973,666 965,668 937,669 611,673 551,676 349,680 257,680 257,713 317,713"/><TextEquiv index="1"><Unicode>O pater, an ne aliquas ad cœlum hic ire putandum eſt?</Unicode></TextEquiv></TextLine><TextLine id="r0_l022"><Coords points="456,742 525,743 592,740 732,738 774,736 921,735 921,704 722,704 621,708 407,711 317,714 264,713 244,714 244,744 412,744"/><TextEquiv index="1"><Unicode>Adſpicis hæc? an te genitor cum fulmina torques,</Unicode></TextEquiv></TextLine><TextLine id="r0_l023"><Coords points="976,738 969,737 848,736 629,740 525,744 456,743 362,746 246,745 246,777 267,778 392,778 428,776 598,774 620,772 749,771 798,769 882,769 900,772 950,772 962,778 976,778"/><TextEquiv index="1"><Unicode>Nequicquam horremus? noſtri non pleno laboris,</Unicode></TextEquiv></TextLine><TextLine id="r0_l024"><Coords points="445,809 626,807 736,803 862,803 884,806 884,771 798,770 749,772 620,773 598,775 428,777 392,779 259,778 259,812 344,812"/><TextEquiv index="1"><Unicode>Quæ regio in terris? nullo diſcrimine cædem</Unicode></TextEquiv></TextLine><TextLine id="r0_l025"><Coords points="769,836 883,836 883,807 862,804 736,804 579,809 445,810 344,813 260,813 260,842 536,842"/><TextEquiv index="1"><Unicode>Suſcitat, irarumq; omnes effundit habenas,</Unicode></TextEquiv></TextLine><TextLine id="r0_l026"><Coords points="523,874 616,874 744,870 853,869 853,837 769,837 493,844 308,846 254,845 254,876 475,876"/><TextEquiv index="1"><Unicode>More furens torrentis aquæ, vel turbinis atri.</Unicode></TextEquiv></TextLine><TextLine id="r0_l027"><Coords points="742,903 889,901 890,874 617,874 322,879 258,877 258,907 642,907"/><TextEquiv index="1"><Unicode>Effera vis animi ſubigit decernere amantes</Unicode></TextEquiv></TextLine><TextLine id="r0_l028"><Coords points="805,936 893,937 893,904 742,904 684,907 589,909 258,912 258,938 765,938"/><TextEquiv index="1"><Unicode>Vulneribus crebris, dominorum fallere dextras.</Unicode></TextEquiv></TextLine><TextLine id="r0_l029"><Coords points="907,940 881,937 703,939 591,943 438,943 385,945 258,944 258,976 561,976 706,973 760,970 890,970 900,976 907,976"/><TextEquiv index="1"><Unicode>Infelix monſtrum, quo non præſtantius vllum,</Unicode></TextEquiv></TextLine><TextLine id="r0_l030"><Coords points="603,1009 676,1006 835,1003 835,971 760,971 706,974 561,977 261,979 261,1010 498,1010"/><TextEquiv index="1"><Unicode>Ore vomens ignes, armare in prælia fratres.</Unicode></TextEquiv></TextLine><TextLine id="r0_l031"><Coords points="440,1043 604,1042 758,1037 853,1038 853,1006 716,1006 603,1010 499,1010 465,1012 382,1013 259,1013 259,1045 390,1045"/><TextEquiv index="1"><Unicode>Atque odijs verſare domos, ruit omnia late</Unicode></TextEquiv></TextLine><TextLine id="r0_l032"><Coords points="719,1073 789,1070 842,1070 842,1041 640,1041 543,1044 258,1046 258,1076 490,1077"/><TextEquiv index="1"><Unicode>Fœmina, palantes vtroque ab littore gentes,</Unicode></TextEquiv></TextLine><TextLine id="r0_l033"><Coords points="642,1107 758,1104 857,1104 857,1072 753,1072 719,1074 628,1075 586,1077 491,1077 449,1079 314,1079 259,1077 259,1109 619,1109"/><TextEquiv index="1"><Unicode>Territat inualidas vt aues: populosq; feroces</Unicode></TextEquiv></TextLine><TextLine id="r0_l034"><Coords points="600,1141 666,1141 764,1137 857,1136 857,1105 758,1105 642,1108 619,1110 509,1111 318,1112 258,1110 258,1142 263,1143 536,1143"/><TextEquiv index="1"><Unicode>Veſtigat luſtrans, pedibusq; euiſcerat vncis,</Unicode></TextEquiv></TextLine><TextLine id="r0_l035"><Coords points="682,1174 757,1170 844,1170 870,1173 903,1174 903,1139 731,1139 666,1142 537,1143 501,1145 292,1145 257,1143 257,1175 601,1175"/><TextEquiv index="1"><Unicode>Regnorum immemores turpiq; cupidine captos,</Unicode></TextEquiv></TextLine><TextLine id="r0_l036"><Coords points="876,1174 844,1171 757,1171 682,1175 602,1175 452,1178 344,1178 259,1176 259,1207 683,1207 720,1205 823,1205 835,1207 876,1207"/><TextEquiv index="1"><Unicode>Maius adorta nefas maioremq; orſa furorem.</Unicode></TextEquiv></TextLine><TextLine id="r0_l037"><Coords points="779,1246 842,1246 842,1208 684,1207 589,1208 504,1211 393,1211 259,1208 259,1249 656,1249"/><TextEquiv index="1"><Unicode>Mœnibus in patrijs regali ſplendida luru</Unicode></TextEquiv></TextLine><TextLine id="r0_l038"><Coords points="973,1238 973,1263 1044,1263 1044,1238"/><TextEquiv index="1"><Unicode>ter</Unicode></TextEquiv></TextLine><TextLine id="r0_l039"><Coords points="169,1288 120,1289 105,1291 105,1336 169,1336"/><TextEquiv index="1"><Unicode></Unicode></TextEquiv></TextLine></TextRegion></Page></PcGts>