1220 1388
284 27 559 55 CAPILVP.
31 75 713 108 Inter ſacra Deum iuuenesante ora parentum
3 107 603 139 Per varios ſtrnit caſus, mulebribus armis.
40 139 621 173 Obuia multa virum demittit corpora morti,
32 172 696 212 Sanguineam torquens aciem fremit ore cruento.
11 206 555 245 Rumoresq; ſert varios, cui triſtia bella
31 240 559 279 Iræq; inſidiæq;, & crimina noxia cordi
40 273 662 312 Nate patris ſummi grates peiſoluere dignas
4 304 695 346 Non opus eſt noſtræ, gentem effugiſſe nefandam.
6 339 662 382 Quod ſupereſt, oro propius tua numina fimes,
1 373 588 408 Illa dolos dirumq; nefas in pectore verſat,
25 404 675 445 Eripe mhis inuictemalis, via prima ſalutis
1 440 676 478 Ad teconfugio, pacem te poſcimus omnes
1 471 667 512 Vna omnes iuuenum primi priſciq; Quirites.
35 507 728 544 Adſpice nos, dira bellum cum gente gerendum
24 540 720 575 Triſtius haud illis monſtrum, mihi frigidus horror
23 573 744 611 Membra quatit, ſonitumq; pedum vocemq; tremiſc.
24 607 598 644 Carpit enim vires paulatim, vritq; videndo
1 641 650 688 Fœmina, Dijtalem terris auertite peſtem
263 676 416 709 Ariſteus.
22 709 680 747 Nymphæ, noſter amor, paul maiora canamus,
34 741 695 778 Arma inter Regum, magno tubante tumultu,
35 776 560 808 Paſtor Ariſteus folijs ornatus oliuæ,
31 808 567 839 Fatidicæ Mantus, & Thuſci filius amnis,
35 840 700 878 Carminibus patrijs Tiberini ad fluminis vndam
23 874 616 912 Suſpiciens cœlum lcrymis ita fatur abortis.
71 906 686 946 Heu quia namtanticinxerunt æthera nimbi,
34 941 622 978 Intonuere poli, ac venti; velut agmine facto,
35 974 605 1006 Mutati tranſuerſa fremunt, it turbida cœlo
36 1005 640 1044 Tempeſtas telorum, & ferreus ingruit imber,
34 1039 616 1078 Ardentes clypeos, atque æra micantia cerno
32 1073 581 1109 Armorum ſonitum toto Germania cœlo,
1 1109 604 1146 Audijt, & rauco ſtrepuerunt cornua cantu:
33 1139 602 1178 E trepidæ matres preſſere ad pectora natos,
19 1171 636 1206 Stant belli cauſæ. en iterum crudelia retro
17 1204 620 1249 Fata vocant, ſæuit toto impius orbe
745 1235 821 1270 Egre
