1233 1385
337 20 608 44 CAPIBVPI
78 58 688 95 eo ſe quiſque viri ſumma nltuntur opum vi,
79 95 686 131 Qui ſibi iam requiem pugnæ, rebusq; ſalutem
77 129 760 162 Sperabant, nunc arma volunt, Martemq; fatigant.
77 160 619 194 Armati ferro, & criſtis capita alta coruſci.
78 194 696 233 Quo ruitis, quæve iſta repens diſcordia ſurgit?
78 228 717 262 Qus furor iſtenouus? quæ vos fortuna quietos.
80 261 648 290 Sollicitat, tantæ ne animis cœieſtibus iræ?
80 294 635 328 Ne pueri, ne tanta animis adſueſcite bella,
79 328 751 360 Ambo animis, ambo infignes præſtantibus armis,,
81 361 631 393 Neu patriæ validas in viſcera vertire vires.
81 394 637 420 Ocohibete itas: coëant in fœdera dextræ
80 427 713 463 Qua datur, aſt armis concurrant arina cauete.
81 461 707 493 Tuq; prior tu parce ltalum fortiſſime Ductor,
62 493 643 528 Nee tibi regnandi veniat tam diræ cupido,
80 526 616 561 Nora tibi iam quæ paſſus terraq; mariq;.
79 560 680 593 Nulla ſalus bello. pacem te poſcimus omnes.
76 595 658 628 Matres atque viri, puoriq; parentibus orbi
74 628 719 661 Dirum execrantur bellum tege pace Latinos
78 661 755 695 Omnibus exhauſtos iam caſibus, omnium egenos
78 694 737 728 Quid memorem infandas cædes, deſertaq; regua
78 728 638 761 Paſtorum, & longè ſaltus, dateq; vacantes?
79 761 744 793 Sanguine adhuc noſtr recalent Tiberina fluentæn
77 794 647 827 Pro Latio obteſtor, pro maieſtate tuorum
78 828 667 861 Proijce tela manu. paribus ſe legibus amba
76 862 655 894 Inuictæ gentes æterna in fœderamittant
111 895 788 927 Nunc ad te, & tua, magne pater conſultæ reuertox
62 928 734 960 Ad te confugio, &ſupplex, Rex optime gum,
76 960 788 995 Quid grauidam bellis vrbem; & cordaaſpera tentass
74 993 728 1026 Littus ad Auſonium? potuitquæ plurima virtus,
75 1026 668 1060 Eſſe, fuit, toto certatum eſt corpore Regni.
75 1058 757 1093 Deſine iam tandem, precibsq; inflecterenoſtris;,
77 1093 622 1125 Cede Deo, nec te vllius violentia vincat,
77 1124 811 1159 Quin gnatam egregio genero præq; omnibus vnum
76 1157 774 1191 Pædicam, & repetens iterumq; iterumq; monebo
79 1191 726 1226 œs paterno fœdere iungap
796 1225 880 1260 m
