1072 1348
528 38 701 63 L LI
244 44 287 71 5
232 81 788 113 Durate, & voſmet rebus ſeruate ſecundis.
234 115 884 151 O paſſi grauiora, dabit Deus his quoque ſinem
247 149 875 181 In freta dum fluuij current vulgata per orbem
235 182 849 215 Intemerata fides, Capitoliimmobile ſaxum
248 215 863 249 Accolet, imperiumq; pater Romanus habebit,
233 250 812 284 Miſſus in imperium, cœli cui ſidea parent,
237 284 811 317 Inferniq; lacus, atque altæ mœnia Romæ.
235 316 816 350 Ille canit: placidi ſtrauerunt æquora venti.
238 350 837 384 Intonuit læuum, & vibratus ab æthere fulgs
237 383 795 417 Collectasq; fugat nubes, ſolemq; reducit.
521 419 705 441 DAMo. N.
236 448 876 480 Sole recens orto, magnam Mauottis ad rberm
239 481 794 515 Tnsmbenstereti Damon ſic cœpit oliuæ.
241 514 910 550 Aggredere o magnos aderit iam tempus honores
237 548 853 583 Cata Deûm ſoboles, magnæ ſpes altera Rom
238 583 799 615 Macte noua virtute pur, diuine poëta,
237 615 920 651 Quid ſttuis? aut quâ ſpe tununc in montibus errs
250 649 803 682 Treicia fretus cithara, fidibusq; canoris?
251 681 846 716 Deſine am tandem Tyrio conſpectus in oſtro
238 716 857 749 Atque humiles habitare caſas, & figere ceruos.
250 749 790 783 Vtere ſortetua, nemorum Latonia cuſtos
236 782 773 815 parumq; toros, & depreſſas conualles
236 814 773 847 ſa colat, fatis hue te poſcentibus affer.
249 848 890 882 Mior agit Deus, atque opera ad maiora remittit
246 882 879 915 Mulcentom tigres, & agentem carmine quercus
241 914 865 948 uropæ atque Aſiæ præſtat componere fluctus:
247 948 805 981 Hoc virtutis opus, fatrem ne deſerefrator
238 981 744 1016 .Ille quidem tonſæ folijs ornatus oliuæ
249 1015 846 1049 Per populos dat iura, viamq, affectat Olympo
246 1049 912 1083 Ante antos animumq; gerens, curamq; virilems.
249 1079 841 1115 Tuq; ades, iuceptumq;nà decurte laborem,
246 1114 947 1148 Huc cape conſilijs comitem, & coniunge volentem.
247 1148 865 1182 Ambo auimis, ambo inſignes pietate vel armis
249 1177 875 1213 Conſulitein medium, & rebus ſuccurrite feſis.
110 1211 778 1314 0mepn viute
963 1252 1029 1281 Eece
