1225 1389
281 18 591 48 CAPILVPI
801 32 843 53 C
251 66 636 96 Ad Coſmum Medicem Florentin.
380 103 469 124 Durem.
68 133 621 167 O præſtans animi iuuenis, cui regia paret
69 167 595 200 Diues opum, diues pictai veſtis, & auri,
68 200 627 232 Vrbs Etruſca ſolo ſtudiiſq; aſperrima belli,
1 233 699 268 Flos veterum, virtuſq; virum, poſt multa tuorum
1 264 706 301 Funera, poſt varios hominumq; vrbiſq; labores,
4 300 642 329 Veniſti tandem Deus æthere miſſus ab alto.
1 328 770 367 Credo equidem, nec vana fides, genus eſſe deorum.
1 366 608 401 Ora puer prima ſignans intonſa iuuenta,
69 400 680 433 Mœnibus in patriis, magno turbante tumultu,
1 433 732 467 Miſſus in imperium magnum popularibus auris,
70 469 735 502 Sceptra tenes, nam te voluit Rex magnus olmpi,
1 481 656 534 Hos inter motus exortem ducere honorem,
2 534 653 567 Iuſtitiaque dedit gentis componere fluctus.
1 564 623 602 Afpice ventoſi ceciderunt murmuris auræ,
1 601 671 637 quora tuta ſilent, Italum fortiſſime ductor
1 635 694 668 Perge modo, pelagoque volans da vela patenti
1 664 675 702 Matre Dea monſttante viam, ſed facta parentis
9 700 610 735 Profuerit meminiſſe magis, villoſaq; ſetis
1 734 677 769 Pectora. Nonilli quiſquam ſe impune tuliſſet,
904 728 939 758 l
1 768 593 807 Obuius armato cuncti ſe ſcire fatentur
66 800 673 835 Seu ſpumantis equi foderet calcaribus armos
905 802 939 833 .
1 822 755 904 ææææææ
1 898 758 935 Quin etiam veterum effigies, decora alta parentum,
1 930 630 969 Mores, & ſtudia, & ſacris in poſtibus arma
1 963 664 1002 Admiranda tibi pugnataque in ordine bella
1 999 695 1034 Multæmanu Medica, totum vulgata per orbem,
62 1035 625 1069 Nate Deâ, namte maioribus ire per altum
61 1068 606 1099 Auſpiciis manifeſta fides: in te ora Latini
59 1102 691 1135 In te oculos referunt, fas extera quærere regna;
60 1134 717 1169 Maior agit Deus, atque opera ad maiora remittit.
59 1168 676 1201 Ergo omni ſtudio laudis ſuccenſus amore,
58 1200 732 1236 Magnanimoſq; duces, atque hæc exempla ſecutus,
506 1238 594 1270 Pꝑs
755 1234 838 1261 Aude.
