1225 1389
281 18 591 48 CAPILVPI
251 66 636 96 Ad Coſmum Medicem Florentin.
380 103 469 124 Durem.
68 133 621 167 O præſtans animi iuuenis, cui regia paret
69 167 595 200 Diues opum, diues pictai veſtis, & auri,
68 200 627 232 Vrbs Etruſca ſolo ſtudiiſq; aſperrima belli,
54 233 699 268 Flos veterum, virtuſq; virum, poſt multa tuorum
54 265 706 301 Funera, poſt varios hominumq; vrbiſq; labores,
55 299 642 329 Veniſti tandem Deus æthere miſſus ab alto.
55 329 770 367 Credo equidem, nec vana fides, genus eſſe deorum.
54 367 608 401 Ora puer prima ſignans intonſa iuuenta,
69 400 680 433 Mœnibus in patriis, magno turbante tumultu,
55 433 732 467 Miſſus in imperium magnum popularibus auris,
70 469 735 502 Sceptra tenes, nam te voluit Rex magnus olmpi,
55 498 656 534 Hos inter motus exortem ducere honorem,
54 534 653 567 Iuſtitiaque dedit gentis componere fluctus.
55 567 623 601 Afpice ventoſi ceciderunt murmuris auræ,
55 601 671 635 quora tuta ſilent, Italum fortiſſime ductor
55 635 694 668 Perge modo, pelagoque volans da vela patenti
55 667 675 702 Matre Dea monſttante viam, ſed facta parentis
54 700 610 735 Profuerit meminiſſe magis, villoſaq; ſetis
55 734 677 769 Pectora. Nonilli quiſquam ſe impune tuliſſet,
55 767 593 803 Obuius armato cuncti ſe ſcire fatentur
66 800 673 835 Seu ſpumantis equi foderet calcaribus armos
55 901 758 935 Quin etiam veterum effigies, decora alta parentum,
54 934 630 969 Mores, & ſtudia, & ſacris in poſtibus arma
55 967 664 1002 Admiranda tibi pugnataque in ordine bella
54 999 695 1034 Multæmanu Medica, totum vulgata per orbem,
62 1035 625 1069 Nate Deâ, namte maioribus ire per altum
61 1068 606 1099 Auſpiciis manifeſta fides: in te ora Latini
59 1102 691 1135 In te oculos referunt, fas extera quærere regna;
60 1134 717 1169 Maior agit Deus, atque opera ad maiora remittit.
59 1168 676 1201 Ergo omni ſtudio laudis ſuccenſus amore,
58 1200 732 1236 Magnanimoſq; duces, atque hæc exempla ſecutus,
755 1234 838 1261 Aude.
