1308 1422
791 95 964 119 LÆLII
504 139 1023 174 Quin etiam muros optatæ molior vrbis
539 174 766 199 Victus amore tui.
503 205 1033 236 Neu helli terrere minis, abſiſte moueri,
537 240 773 267 Omnia tuta vides.
500 264 1160 305 Hos inter motus non hæc ſine numine diuûm
535 311 917 341 Te quoq; magna manent,
498 339 1043 372 Per varios caſus, per tot diſcrimina rerum
535 375 771 399 Intemerata Fides
502 407 1127 441 Læta deum partu ſuper & Garamantas & Indos
535 441 793 473 Proferet imperium.
484 474 1072 508 Ne dubita, medias acies medioſq; per ignes
508 508 819 533 Fata viam inuenient.
676 541 887 574 Ad fFortunam.
495 573 1247 606 Fortuna omnipotens, magnum & memorabile numen.
492 607 1123 640 Europæ atque Aſiæ, nam te dare iura loquuntur
496 641 1102 673 Omnibus errantem terris, huc dirige greſſum
495 675 1055 708 Aëra per vacuum pemicibus ignea plantis,
475 708 1106 743 Vel mare per medium fluctu ſuſpenſa tumenti,
492 742 1124 775 Adſis otantum, atque aimis illabere noſtris,
492 776 1134 809 Alma precor: magno laudum perculſus amore,
496 808 1094 843 Noctes, atque dies ſupplextua nomina poſco,
492 842 1112 870 Da facilem curſum, da famam extendere factis,
493 875 1181 909 Carminibus Patriis ſupera & Garamantas & Ind,
492 909 1042 942 Oceani finem iuxta, Solemque cadentem,
491 941 1106 976 Te ſine nil altum mens inchoat, en age ſegnes
489 976 1129 1009 Rumpe moras omnes, audacibus annue cœptis.
489 1009 1046 1039 Huc ades. inſani feriantſine littore fluctus,
487 1042 1125 1077 Et ſi quid ceſſare potes requieſce ſub vmbra,
489 1076 1123 1110 Mecum vna in ſiluis, ſuſceptum perfice munus:
491 1109 1043 1143 Nulla meis ſine te quæretur gloria rebus,
488 1143 1178 1176 Carmina nulla canam, magnam Mauortis ad vrbem
486 1177 999 1210 Immunem tanti belli, tua maxima cura
487 1207 1137 1243 Ipſ immota manet, ſpectatque interrita pugnas,
489 1242 1075 1277 Hos inter motus, atque hæc certamina tanta
489 1274 1208 1311 Ama inter Regum atq; horrentes Marte atinos.
1192 1312 1268 1341 Salue
