1135 1348
330 1 642 43 CAPILVPI.
77 43 644 80 nati natorum, & qui naſcentur abillis.
185 80 693 115 Benedictus gius ad Lælium Capilupum.
77 113 574 144 Si vera eſt Læli Samij ſententia vatis,
115 146 700 181 Quæ tua nunc anima eſt ante Maronis erat.
182 181 650 213 Llj Capilupi ad Penedctum gium,
379 215 451 236 Ceto.
3 226 655 283 Opræſtans animi longa cum veſte ſacerdos,
78 279 641 311 Flos veterum virtuſq; virûm, diuine Poëta.
4 312 696 383 aææ:
5 379 695 413 Præmia digna ferant, grates perſoluere dignas,
5 412 709 481 et:
4 465 811 512 HQuid loquor? aut vbi ſum? quæ mentem inſania mutat?
83 511 602 544 Omnia fert ætas, & quo carmine dicam
4 540 733 578 Iam ſenior? non lingua valet, non corpore notæ,
4 577 670 613 Sufficiunt vires. quatit æger anhelitus attus.
5 610 749 646 Dicam equidem fretus cithara, fidibuſque canoris
71 644 732 680 Fatidice Mantus, ſi quis tamen hæc quoque, ſi quis
4 663 730 711 Captus amore leget, Tiberini ad fluminis vndam.
4 712 703 747 Te nemus omne canet, Tu ſeruantiſſimus æqui.
5 743 729 777 decus omne tuis, magnam Mauortis ad vrbem.
5 777 604 811 Cura tibi diuum effigies & templa tueri,
5 809 640 845 Et fontes ſacros, arces quibus altus Apollo
7 839 661 876 Præſidet, & cantu vocat in certamina diuos.
3 861 712 911 Salue vera Iouis proles, cui carmina ſemper,
4 909 702 976 :æææ
292 979 624 1010 Ad PaullumIII. P M.
5 1001 690 1043 Salue ſancte Parens, rerum cui ſumma poteſtas,
4 1042 707 1077 Os, humeroſq; Deos ſimilis, Sebethide Nympha
7 1076 763 1110 Quem genuit, multaq; inſignem reddidit arte
4 1105 651 1143 Omnibus errantem terris, formoſus Apollo,
3 1142 677 1176 Ad te confugio, & ſupplex tua numina poſco
1 1168 671 1211 Mrachia protendens, ſemper miſerate labores
750 1206 851 1248 Partils
