1135 1348
330 1 642 43 CAPILVPI.
77 43 644 80 nati natorum, & qui naſcentur abillis.
185 80 693 115 Benedictus gius ad Lælium Capilupum.
77 113 574 144 Si vera eſt Læli Samij ſententia vatis,
115 146 700 181 Quæ tua nunc anima eſt ante Maronis erat.
182 181 650 213 Llj Capilupi ad Penedctum gium,
379 215 451 236 Ceto.
65 238 655 280 Opræſtans animi longa cum veſte ſacerdos,
78 279 641 311 Flos veterum virtuſq; virûm, diuine Poëta.
65 379 695 413 Præmia digna ferant, grates perſoluere dignas,
65 475 811 512 HQuid loquor? aut vbi ſum? quæ mentem inſania mutat?
83 511 602 544 Omnia fert ætas, & quo carmine dicam
65 541 733 578 Iam ſenior? non lingua valet, non corpore notæ,
65 577 670 613 Sufficiunt vires. quatit æger anhelitus attus.
65 610 749 646 Dicam equidem fretus cithara, fidibuſque canoris
71 644 732 680 Fatidice Mantus, ſi quis tamen hæc quoque, ſi quis
65 676 730 711 Captus amore leget, Tiberini ad fluminis vndam.
65 711 703 747 Te nemus omne canet, Tu ſeruantiſſimus æqui.
65 743 729 777 decus omne tuis, magnam Mauortis ad vrbem.
65 777 604 811 Cura tibi diuum effigies & templa tueri,
65 809 640 845 Et fontes ſacros, arces quibus altus Apollo
65 842 661 876 Præſidet, & cantu vocat in certamina diuos.
65 875 712 911 Salue vera Iouis proles, cui carmina ſemper,
292 979 624 1010 Ad PaullumIII. P M.
64 1001 690 1043 Salue ſancte Parens, rerum cui ſumma poteſtas,
64 1042 707 1077 Os, humeroſq; Deos ſimilis, Sebethide Nympha
65 1076 708 1110 Quem genuit, multaq; inſignem reddidit arte
64 1109 651 1143 Omnibus errantem terris, formoſus Apollo,
65 1142 677 1176 Ad te confugio, & ſupplex tua numina poſco
65 1174 671 1211 Mrachia protendens, ſemper miſerate labores
750 1206 851 1248 Partils
