<?xml version="1.0" encoding="UTF-8" standalone="no"?><PcGts xmlns="http://schema.primaresearch.org/PAGE/gts/pagecontent/2019-07-15" xmlns:xsi="http://www.w3.org/2001/XMLSchema-instance" xsi:schemaLocation="http://schema.primaresearch.org/PAGE/gts/pagecontent/2019-07-15 http://schema.primaresearch.org/PAGE/gts/pagecontent/2019-07-15/pagecontent.xsd"><Metadata><Creator/><Created>2022-04-12T08:23:38</Created><LastChange>1970-01-01T00:00:00</LastChange><Comments/></Metadata><Page imageFilename="0649.png" imageHeight="1387" imageWidth="1167"><TextRegion id="r1" orientation="0.0" type="paragraph"><Coords points="1,1 1165,1 1165,1385 1,1385"/><TextLine id="l1"><Coords points="236,5 236,57 613,57 613,5"/><TextEquiv><Unicode/></TextEquiv><TextEquiv index="1"><Unicode>CAPILVPI.</Unicode></TextEquiv></TextLine><TextLine id="l2"><Coords points="206,61 206,91 713,91 713,61"/><TextEquiv><Unicode/></TextEquiv><TextEquiv index="1"><Unicode>Ad Coſmum Medicem Florentin.</Unicode></TextEquiv></TextLine><TextLine id="l3"><Coords points="389,98 389,119 479,119 479,98"/><TextEquiv><Unicode/></TextEquiv><TextEquiv index="1"><Unicode>Ducem.</Unicode></TextEquiv></TextLine><TextLine id="l4"><Coords points="631,128 79,127 79,141 78,140 78,162 631,162"/><TextEquiv><Unicode/></TextEquiv><TextEquiv index="1"><Unicode>prætans animi iuuenis, cui regia paret</Unicode></TextEquiv></TextLine><TextLine id="l5"><Coords points="604,164 540,164 513,162 340,162 195,164 78,163 78,195 604,195"/><TextEquiv><Unicode/></TextEquiv><TextEquiv index="1"><Unicode>Diues opum, diues pictai veſtis, &amp; auri,</Unicode></TextEquiv></TextLine><TextLine id="l6"><Coords points="637,196 118,195 78,196 78,227 637,227"/><TextEquiv><Unicode/></TextEquiv><TextEquiv index="1"><Unicode>Vrbs Etruſca ſolo ſtudiiſq; aſperrima belli.</Unicode></TextEquiv></TextLine><TextLine id="l7"><Coords points="78,229 78,263 710,263 710,229"/><TextEquiv><Unicode/></TextEquiv><TextEquiv index="1"><Unicode>Flos veterum, virtuſq; vrum poſt multa tuorum</Unicode></TextEquiv></TextLine><TextLine id="l8"><Coords points="716,265 645,265 599,263 78,263 78,294 94,295 716,296"/><TextEquiv><Unicode/></TextEquiv><TextEquiv index="1"><Unicode>Fuanera, poſt varios hominumq; vrbiſq; labores,</Unicode></TextEquiv></TextLine><TextLine id="l9"><Coords points="651,298 647,297 252,296 150,297 78,295 78,321 651,321"/><TextEquiv><Unicode/></TextEquiv><TextEquiv index="1"><Unicode>Veniſti tandem Deus æthere miſſus ab alto.</Unicode></TextEquiv></TextLine><TextLine id="l10"><Coords points="779,329 218,331 81,329 81,362 779,362"/><TextEquiv><Unicode/></TextEquiv><TextEquiv index="1"><Unicode>Credo equidem, nec vana fides, genus eſſe deorum.</Unicode></TextEquiv></TextLine><TextLine id="l11"><Coords points="618,364 79,363 79,395 618,396"/><TextEquiv><Unicode/></TextEquiv><TextEquiv index="1"><Unicode>Ora puer prima ſignans intonſa iuuenta,</Unicode></TextEquiv></TextLine><TextLine id="l12"><Coords points="689,396 79,396 79,428 689,429"/><TextEquiv><Unicode/></TextEquiv><TextEquiv index="1"><Unicode>Mœnibus in patriis, magno turbante tumultu,</Unicode></TextEquiv></TextLine><TextLine id="l13"><Coords points="741,432 636,430 80,429 80,461 87,462 741,462"/><TextEquiv><Unicode/></TextEquiv><TextEquiv index="1"><Unicode>Miſſus in imperium magnum popularibus auris,</Unicode></TextEquiv></TextLine><TextLine id="l14"><Coords points="744,465 525,463 79,463 79,494 90,495 744,497"/><TextEquiv><Unicode/></TextEquiv><TextEquiv index="1"><Unicode>Sceptra tenes, nam te voluit Rex magnus olympi,</Unicode></TextEquiv></TextLine><TextLine id="l15"><Coords points="79,497 79,526 666,526 666,497"/><TextEquiv><Unicode/></TextEquiv><TextEquiv index="1"><Unicode>Hos inter motus exortem ducere honorem,</Unicode></TextEquiv></TextLine><TextLine id="l16"><Coords points="663,531 592,529 503,531 78,529 78,562 663,563"/><TextEquiv><Unicode/></TextEquiv><TextEquiv index="1"><Unicode>Iuſtitiaque dedit gentis componere fluctus.</Unicode></TextEquiv></TextLine><TextLine id="l17"><Coords points="632,564 616,563 77,563 77,594 632,594"/><TextEquiv><Unicode/></TextEquiv><TextEquiv index="1"><Unicode>Afpice ventoſi ceciderunt murmuris auræ,</Unicode></TextEquiv></TextLine><TextLine id="l18"><Coords points="680,629 680,596 76,596 76,629 185,628 268,630 527,630"/><TextEquiv><Unicode/></TextEquiv><TextEquiv index="1"><Unicode>quora tuta ſilent, Italum fortiſſime ductor</Unicode></TextEquiv></TextLine><TextLine id="l19"><Coords points="703,630 77,630 77,662 703,663"/><TextEquiv><Unicode/></TextEquiv><TextEquiv index="1"><Unicode>Perge modo, pelagoque volans da vela patenti</Unicode></TextEquiv></TextLine><TextLine id="l20"><Coords points="684,664 594,665 543,663 74,663 74,695 684,697"/><TextEquiv><Unicode/></TextEquiv><TextEquiv index="1"><Unicode>Matre Dea monſttanteviam, ſed facta parentis</Unicode></TextEquiv></TextLine><TextLine id="l21"><Coords points="619,698 73,696 73,728 619,729"/><TextEquiv><Unicode/></TextEquiv><TextEquiv index="1"><Unicode>Profuerit meminiſſe magis, villoſaq; ſetis</Unicode></TextEquiv></TextLine><TextLine id="l22"><Coords points="686,729 676,729 668,731 653,730 587,732 74,729 74,760 81,761 259,763 686,763"/><TextEquiv><Unicode/></TextEquiv><TextEquiv index="1"><Unicode>Pectora. Non illi quiſquam ſe impunetuliſſet,</Unicode></TextEquiv></TextLine><TextLine id="l23"><Coords points="602,797 602,764 451,765 75,762 75,795 581,798"/><TextEquiv><Unicode/></TextEquiv><TextEquiv index="1"><Unicode>Obuius armato cuncti ſe ſcire fatentur</Unicode></TextEquiv></TextLine><TextLine id="l24"><Coords points="683,794 665,794 656,799 76,796 76,828 378,831 683,831"/><TextEquiv><Unicode/></TextEquiv><TextEquiv index="1"><Unicode>Seu ſpumatis equi foderet calcaribus armos</Unicode></TextEquiv></TextLine><TextLine id="l25"><Coords points="756,830 748,830 744,832 378,832 60,830 60,861 206,863 756,863"/><TextEquiv><Unicode/></TextEquiv><TextEquiv index="1"><Unicode>rduus aima tenens, ſecum pedes iret in hoſtem,</Unicode></TextEquiv></TextLine><TextLine id="l26"><Coords points="764,868 670,866 466,866 411,864 206,864 72,862 72,895 764,899"/><TextEquiv><Unicode/></TextEquiv><TextEquiv index="1"><Unicode>Aſper, acerba ſonans, flammantia lumina torquens,</Unicode></TextEquiv></TextLine><TextLine id="l27"><Coords points="766,900 689,901 637,899 419,899 303,897 58,896 58,929 247,928 356,930 389,932 475,930 766,932"/><TextEquiv><Unicode/></TextEquiv><TextEquiv index="1"><Unicode>Quin etiam veterum effigies, decora alta parentum,</Unicode></TextEquiv></TextLine><TextLine id="l28"><Coords points="495,963 639,964 639,933 535,931 389,933 312,930 73,930 73,961 439,965"/><TextEquiv><Unicode/></TextEquiv><TextEquiv index="1"><Unicode>Mores, &amp; ſtudia, &amp; ſacris in poſtibus arma</Unicode></TextEquiv></TextLine><TextLine id="l29"><Coords points="673,965 495,964 402,966 260,965 194,963 71,963 71,994 242,995 286,997 673,997"/><TextEquiv><Unicode/></TextEquiv><TextEquiv index="1"><Unicode>Admiranda tibi, pugnataque in ordine bella</Unicode></TextEquiv></TextLine><TextLine id="l30"><Coords points="704,1000 690,999 595,997 468,997 399,999 307,999 242,996 54,996 54,1027 132,1027 190,1029 704,1029"/><TextEquiv><Unicode/></TextEquiv><TextEquiv index="1"><Unicode>Multamanu Medica, totum vulgata per orbem,</Unicode></TextEquiv></TextLine><TextLine id="l31"><Coords points="634,1032 630,1031 537,1030 294,1032 222,1030 72,1030 72,1062 634,1063"/><TextEquiv><Unicode/></TextEquiv><TextEquiv index="1"><Unicode>Nate Deâ, næm te maioribus ire per altum</Unicode></TextEquiv></TextLine><TextLine id="l32"><Coords points="614,1064 333,1065 71,1063 71,1093 614,1093"/><TextEquiv><Unicode/></TextEquiv><TextEquiv index="1"><Unicode>Auſpiciis manifeſta fides: in te ora Latini</Unicode></TextEquiv></TextLine><TextLine id="l33"><Coords points="700,1097 510,1097 404,1099 287,1097 70,1097 70,1127 227,1128 270,1130 700,1130"/><TextEquiv><Unicode/></TextEquiv><TextEquiv index="1"><Unicode>In te oculos referunt, fas extera quærere regna;</Unicode></TextEquiv></TextLine><TextLine id="l34"><Coords points="726,1132 516,1131 302,1132 227,1129 70,1129 70,1159 76,1160 163,1162 251,1162 282,1164 726,1164"/><TextEquiv><Unicode/></TextEquiv><TextEquiv index="1"><Unicode>Maior agit Deus, atque opera ad maiora remittit.</Unicode></TextEquiv></TextLine><TextLine id="l35"><Coords points="683,1195 683,1168 679,1166 388,1165 383,1166 282,1165 251,1163 69,1163 69,1194 222,1196 681,1196"/><TextEquiv><Unicode/></TextEquiv><TextEquiv index="1"><Unicode>Ergo omni ſtudio laudis ſuccenſus amore,</Unicode></TextEquiv></TextLine><TextLine id="l36"><Coords points="741,1231 741,1195 684,1195 675,1198 496,1199 304,1199 221,1196 67,1195 67,1232 454,1232 479,1230 573,1230 592,1232 728,1232"/><TextEquiv><Unicode/></TextEquiv><TextEquiv index="1"><Unicode>Magnanimoſq; duces, atque hæc exempla ſecutus,</Unicode></TextEquiv></TextLine><TextLine id="l37"><Coords points="764,1231 764,1266 847,1266 847,1231"/><TextEquiv><Unicode/></TextEquiv><TextEquiv index="1"><Unicode>Aude,</Unicode></TextEquiv></TextLine><TextEquiv><Unicode/></TextEquiv></TextRegion></Page></PcGts>