1036 1344
514 31 687 55 LÆLII
227 74 747 110 Quin etiam muros optatæ molior vrbis
262 110 490 135 Victus amore tui.
226 141 756 172 Neu belli terrere minis, abſiſte moueri,
260 175 497 202 Omnia tuta vides.
223 199 882 241 Hos intec motus non hæc ſine numine diuûm
258 247 639 276 Te quoq; magna manent,
221 275 767 307 Per varios caſus, per tot diſcrimina rerum
258 311 494 335 Intemerata Fides
225 343 852 376 Læta deum partu ſuper & Garamantas & Indos
258 377 516 409 Proferet imperium.
207 410 795 443 Ne dubita, medias acies medioſq; per ignes
232 443 542 468 Fata viam inuenient.
416 476 611 503 Ad Fortunam.
218 507 973 541 Fortuna omnipotens, magnum & memorabile numen
215 541 846 575 Europæ atque Aſiæ, nam te dare iura loquuntur
219 575 886 611 Omnibus errantem terris, huc dirige greſſum
218 609 778 643 Aëra per vacuum pemicibus ignea plantis,
198 642 829 677 Vel mareper medium fluctu ſuſpenſa tumenti,
215 677 847 709 Adſis otantum, atque aimis illabere noſtris,
215 710 856 744 Alma precor: magno laudum perculſus amore,
219 743 818 776 Noctes, atque dies ſupplextua nomina poſco,
215 776 835 806 Da facilem curſum, da famam extendere factis,
217 809 903 844 Carminibus Patriis ſupera & Gatamantas & Indo
215 844 766 876 Oceani finem iuxta, Solemque cadentem,
215 876 830 910 Te ſine nil altum mens inchoat, en age ſegnes
213 911 851 943 Rumpe moras omnes, audacibus annue cœptis.
213 944 769 974 Huc ades, inſani feriant ſine littore fluctus,
211 976 848 1012 Et ſi quid ceſſare potes requieſce ſub vmbra,
214 1011 846 1044 Mecum vna in ſiluis, ſuſceptum perfice munus:
215 1044 822 1078 Nulla meis ſine te quæretur gloria rebus,
212 1076 899 1111 Carmina nulla canam, magnam Mauortis ad vrbem
211 1112 723 1144 Immunem tanti belli, tua maxima cura
212 1142 859 1177 Ipſa immota manet, ſpectatque interrita pugnas,
214 1178 799 1211 Hos inter motus, atque hæc certamina tanta
184 1202 931 1247 Amainter Regum atqs horrentes Marte Iatinos.
914 1245 997 1274 Salue
