1207 1348
322 2 633 45 CAPILVPI
63 44 636 91 nati natorum, & qui naſcentur ab illis.
177 84 686 116 Benedictus gius ad Lælium Capilupum.
72 115 566 145 Si vera eſt Læli Samij ſententia vatis,
110 145 707 186 Quæ tua nunc anima eſt ante Maronis erat.
174 183 643 217 Lælij Capilupi ad Benedictum Agium,
372 217 445 238 Ceto.
63 243 648 284 præſtans animi longa cum veſte ſacerdos,
63 282 635 314 Flos veterum virtuſq; virûm, diuine Poeta.
71 315 690 351 Quæ tibi, quæ tali reddam pro carmine dona?
64 348 615 384 Di, ſi qua eſt cœlo pietas quæ talia curet,
64 381 688 414 Præmia digna ferant, grates perſoluere dignas.
64 415 665 448 Non opus eſt noſtræ. Sat erit tua dicere facta.
63 448 703 481 Nunc olim, quocunq; dabunt ſe tempore vires.
64 480 805 517 Quid loquor? aut vbi ſum? quæ mentem inſania mutat?
64 514 596 547 Omnia fert ætas, & quo catmine dicam
63 546 728 585 Iam ſenior? non lingua valet, non corpore notæ,
64 581 665 615 Sufficiunt vires. quatit æger anhelitus artus.
63 615 744 647 Dicam equidem fretus cithara, fidibuſque canoris
63 647 728 681 Fatidice N antus, ſi quis tamen hæc quoque, ſi quis
63 680 725 714 Captus amore leget, Tiberini ad fluminis vndam.
75 714 698 747 Te nemus omne canet, Tu ſeruantiſſimus æqui.
64 747 726 781 Ti decus omne tuis, magnam Mauortis ad vrbem.
63 781 600 815 Cura tibi diuûm effigies & templa tueri,
63 814 636 847 Et fontes ſacros, arces quibus altus Apollo
64 847 658 881 Præſidet, & cantu vocat in certamma diuos.
64 880 720 913 Saluae vera Iouis proles, cui carmina ſemper,
63 914 676 948 Et citharæcordi. dum ſpiritus hos reget artus,
74 946 700 980 Semper honore meo, ſemper celebrabere donis.
290 981 622 1006 Ad PaullumIII. P M.
63 1010 689 1047 Salueſancte Parens, rerum cui ſumma poteſtas,
63 1045 707 1079 Os, humeroſq; Deos ſimilis, Sebethide Nymph
64 1077 762 1113 Quem genuit, multaq; inſignem reddidit arte
64 1110 651 1144 Onibus errantem terris, formoſus Apollo,
64 1143 677 1180 Ad te confugio, & ſupplex tua numina poſco
64 1177 672 1212 Mxachia protenden, ſemper miſerate labores
750 1199 852 1246 Fartili
