1207 1348
322 2 633 45 CAPILVPI
806 15 852 39 r
1 45 636 91 nati natorum, & qui naſcentur ab illis.
177 84 686 116 Benedictus gius ad Lælium Capilupum.
72 115 566 145 Si vera eſt Læli Samij ſententia vatis,
110 145 707 186 Quæ tua nunc anima eſt ante Maronis erat.
174 183 643 217 Lælij Capilupi ad Benedictum Agium,
372 217 445 238 Ceto.
2 244 648 284 præſtans animi longa cum veſte ſacerdos,
3 279 635 314 Flos veterum virtuſq; virûm, diuine Poeta.
71 315 690 351 Quæ tibi, quæ tali reddam pro carmine dona?
4 321 615 384 Di, ſi qua eſt cœlo pietas quæ talia curet,
4 381 688 414 Præmia digna ferant, grates perſoluere dignas.
5 414 665 457 Non opus eſt noſtræ. Sat erit tua dicere facta.
4 448 703 481 Nunc olim, quocunq; dabunt ſe tempore vires.
3 480 805 517 Quid loquor? aut vbi ſum? quæ mentem inſania mutat?
4 509 596 547 Omnia fert ætas, & quo catmine dicam
4 546 728 585 Iam ſenior? non lingua valet, non corpore notæ,
4 581 665 617 Sufficiunt vires. quatit æger anhelitus artus.
5 615 744 647 Dicam equidem fretus cithara, fidibuſque canoris
6 644 728 681 Fatidice N antus, ſi quis tamen hæc quoque, ſi quis
6 674 725 714 Captus amore leget, Tiberini ad fluminis vndam.
75 714 698 747 Te nemus omne canet, Tu ſeruantiſſimus æqui.
5 739 726 781 Ti decus omne tuis, magnam Mauortis ad vrbem.
5 781 600 819 Cura tibi diuûm effigies & templa tueri,
911 795 941 843 I
5 814 636 847 Et fontes ſacros, arces quibus altus Apollo
4 842 658 889 Præſidet, & cantu vocat in certamma diuos.
3 881 720 913 Saluae vera Iouis proles, cui carmina ſemper,
3 914 676 954 Et citharæcordi. dum ſpiritus hos reget artus,
74 946 700 980 Semper honore meo, ſemper celebrabere donis.
290 981 622 1006 Ad PaullumIII. P M.
5 1011 689 1051 Salueſancte Parens, rerum cui ſumma poteſtas,
6 1045 707 1079 Os, humeroſq; Deos ſimilis, Sebethide Nymph
5 1064 762 1113 Quem genuit, multaq; inſignem reddidit arte
4 1107 651 1144 Onibus errantem terris, formoſus Apollo,
1 1143 677 1195 Ad te confugio, & ſupplex tua numina poſco
1 1177 672 1212 Mxachia protenden, ſemper miſerate labores
750 1199 852 1246 Fartili
