1051 1349
520 57 686 83 LLII
202 61 254 87 4
244 99 616 132 O nos beatos ter quaterque,
279 133 711 166 Quos pius, & Medicus gubernu
215 166 610 199 Non alter illo iuſtius imperat,
211 199 624 233 Nec ſol quid illo mitius aſpicit.
245 233 582 267 Seu promit ex vndis Eois,
280 264 668 298 Siue diem Heſperiis recondit.
215 298 739 334 Quid iam moraris? Hic quoque te iubot
211 332 634 360 Ad ſo reuerti: non tibi temnere
244 365 587 399 Fas iuſſa patris cui ſuperne
279 399 785 439 Claue datum eſt reſerare Olympum
210 432 567 459 Erure multas delitias licet,
214 463 594 497 Curiſq; liber gaudia colligas:
244 497 611 523 Ex vrbe Roma non minores
280 531 679 564 Percipies, mihi crede, fructus:
208 564 598 596 S dulce ruri nunc tibi deuio
212 597 768 632 Sb ſolis ortus, aut merulam, ant gruem
248 630 577 658 Vidiſſe, vel turdos edaces
280 664 636 698 Retibus implicitos doloſis:
214 697 665 731 At ſuaue Romæ iam tibi purpura
208 731 658 764 Fulgente claro, cernere plurimos
247 764 704 799 Quos ſpes honorum cepit, & quor
282 798 625 830 Sicut aues laqueus fefellit.
212 831 741 864 Nec te pigebit, qui innumeris bonos
214 864 643 896 irtuti amicos muneribus beas,
247 897 638 930 Spectare, qui piſces vt hamo,
281 931 610 963 Sic auidi capiuntur auro.
213 964 654 997 Et te iuuabit qui placidum tenes
208 998 712 1030 Portum periclis iam procul omnibus,.
249 1030 585 1063 Videre quos fellacis Aulæ
284 1065 667 1097 Aura vehit rapidas per vndas.
173 1096 711 1130 Ludumq; Eortunæ aſpicere, & iocum
173 1127 705 1163 Quæ ſæpe dignos calcat, & opprimit.
249 1163 681 1192 Atque immerentes cœli ad aſtra
287 1195 605 1224 Diuitiis & honore tollit.
129 1222 718 1272 ectanda proſunt talia: qu docent
912 1269 1009 1297 Ouam
