1231 1370
303 12 587 39 CAPILVPI.
60 52 519 87 Se obiicit ſemper mihi te canenti:
60 89 479 122 Et mei cymba ingenij grauatur
233 122 457 154 Pondere iniquo.
54 144 554 186 Tetamen noſtro; vt potero, libello
53 188 536 222 Inſeram, atque vna tua facta texam
54 221 535 257 Ne meæ tanto careant honore, &
232 255 453 281 Nomine chartæ.
53 278 506 322 Tu mei curam memorem reſerua
54 323 544 353 Interim rerum columen mearum:
54 356 486 398 Ne minus noſtræ tibi ſit ſalutis
235 390 416 415 Paruula cura
241 425 481 456 In aquam Virginem.
54 446 607 491 Fons qui virgineo fulges ſpectabilis ore,
99 490 606 524 Et Tiberim rurſus per vada nota petis:
54 521 665 559 Tolle caput, tibi Roma venit lætiſſima mater
101 557 614 590 Obuia quemraptum fleuerat ante ſibi.
54 583 742 630 Teque ſinu iam iam excipiens, noua pectore ſentit
102 624 638 658 Gaudia, & aduentu iure ſuperba tuo eſt.
54 654 686 692 Tu decus antiquum, tu priſcos reddis honores,
101 691 650 724 Pluraq; das nobis commoda. plura feres.
54 723 629 759 Inſtar enim fluuij curris per ſtrata viarum,
72 758 581 793 Et vitreis erras conſpiciendus aquis.
53 786 677 832 Ludis & in gremio matris, lymphaque ſalubri
103 825 584 859 Abluis e noſtro frigidus ore ſitim.
54 851 745 898 Dumque leui reuocas fugientes murmure ſomnos,
102 893 610 925 Iam confecta graui corda dolore leuas.
54 918 779 959 Hac iter æternum vt facias, tibi candidus hœdus
54 959 651 990 Flore coronatos corruet ante pedes.
327 994 423 1026 Epiſtola.
54 1022 679 1060 Dum Lycus â patriâ digreſſus tendit ad vrbem
54 1058 623 1093 Hocfaciens iter, inuiſit me dulcis amicus,
54 1157 642 1192 Vtq; viæ durum mox poſſet ferre laborem.
53 1188 567 1233 Excepi lætus: de multis multa locuti,
782 1218 856 1243 De te
