1231 1370
303 12 587 39 CAPILVPI.
798 17 842 46 u
60 52 519 87 Se obiicit ſemper mihi te canenti:
60 89 479 122 Et mei cymba ingenij grauatur
233 122 457 154 Pondere iniquo.
1 144 554 186 Tetamen noſtro; vt potero, libello
1 184 536 222 Inſeram, atque vna tua facta texam
1 218 535 257 Ne meæ tanto careant honore, &
232 255 453 281 Nomine chartæ.
1 277 506 326 Tu mei curam memorem reſerua
1 324 544 353 Interim rerum columen mearum:
1 356 486 398 Ne minus noſtræ tibi ſit ſalutis
235 390 416 415 Paruula cura
241 425 481 456 In aquam Virginem.
1 444 607 498 Fons qui virgineo fulges ſpectabilis ore,
99 490 606 524 Et Tiberim rurſus per vada nota petis:
1 511 665 563 Tolle caput, tibi Roma venit lætiſſima mater
101 557 614 590 Obuia quemraptum fleuerat ante ſibi.
2 578 742 632 Teque ſinu iam iam excipiens, noua pectore ſentit
102 624 638 658 Gaudia, & aduentu iure ſuperba tuo eſt.
3 645 686 698 Tu decus antiquum, tu priſcos reddis honores,
101 691 650 724 Pluraq; das nobis commoda. plura feres.
4 713 629 766 Inſtar enim fluuij curris per ſtrata viarum,
72 758 581 793 Et vitreis erras conſpiciendus aquis.
4 786 677 832 Ludis & in gremio matris, lymphaque ſalubri
103 825 584 859 Abluis e noſtro frigidus ore ſitim.
4 844 745 899 Dumque leui reuocas fugientes murmure ſomnos,
102 893 610 925 Iam confecta graui corda dolore leuas.
6 918 779 959 Hac iter æternum vt facias, tibi candidus hœdus
3 959 651 990 Flore coronatos corruet ante pedes.
327 994 423 1026 Epiſtola.
4 1022 679 1062 Dum Lycus â patriâ digreſſus tendit ad vrbem
4 1059 623 1096 Hocfaciens iter, inuiſit me dulcis amicus,
3 1086 700 1167 ææ
5 1157 642 1192 Vtq; viæ durum mox poſſet ferre laborem.
2 1174 567 1233 Excepi lætus: de multis multa locuti,
782 1218 856 1243 De te
505 1226 601 1265 R
