1094 1356
527 36 746 61 LLII
271 79 845 117 Dete præſertim, cum ſis mihi carus & illi
273 115 839 147 Te mihi narrauit præfixum vulnere amoris
277 148 868 181 Sub vetulæ imperio meretricis degere vitam,
276 182 839 216 Teq; indigna pati: faſtus tolerare ſuperbos
277 215 849 244 Illius, & multas ſine ſomno ducere noctes:
275 247 907 281 Et tibi sæpe genas guttis manare, nec vnquam
272 281 715 316 Apparere tuo riſus veftigia vultu.
262 315 836 347 Obſtupui, & dolui, cum te non carior alter
274 348 904 382 Sit mihi, colla iugo nunc te ſubmittere amoris,
275 382 815 414 Cum tua iam mores alios efflagitet ætas.
275 412 892 446 Nondum igitur te longa dies cognoſcere caſſes
278 447 858 480 Edocuit, quos ante pedes tibi callida tendit?
278 471 973 514 Nec dum artem, qua te miſerum deludit amante?
278 512 914 547 Cum ſaciem nigram fuco conuertit in albam?
275 546 918 580 Nec nucis agnoſcis tinctos modo cortice canos?
277 579 933 613 Confictaſq; dolis lacrymas? quas exprimit vſque
275 613 855 647 Dum digitis oculos terit: & ſuſpiria ab imo
276 645 919 681 Pectore ficta trahit, queis tecum ſubdola certat
274 680 821 713 Dum tu non ficto ſuſpiras ſtultus amore,
275 714 810 748 Et tua non falſis madefi unt fletibus ora.
277 747 910 781 Ah miſer hanc cumulas argenti pondere & auri
271 781 898 814 Illacrymans, lectiſq; rubro de gurgite conchis;
275 813 947 848 Daſque gregem comitum, quas India toſta colorat
273 848 930 881 Atque preces addis lacrymas vt mittat, & omnem
273 880 894 915 Triſtitiam, & veſtræ res ſint in amore ſecundæ.
273 913 877 948 Illa ſinu in tacito gaudet, furtimq; cachinnat,
272 946 829 979 Et charum magis eſſe ſuis te iurat ocellis:
281 979 847 1013 Vtq; ſui memor eſſe velis te voce precatur
283 1013 944 1046 Supplice: cum vigilas, & cum tua lumina condit
283 1047 888 1080 Somnus, vt occurrat menti tua ſemper imago.
280 1079 844 1111 Teq; rogat lateri affixus ſis omnibus horis,
275 1112 820 1145 Ne Thais te blanditiis à ſe abſtrahat vlla.
277 1143 797 1181 Teſtaturq; Deos, atque alti ſidera cœli.
276 1178 798 1210 Non donis te poſſe ſuo de corde reuelli,
274 1209 985 1248 Non prece, non lacrymis, magica non artenec erbi
943 1247 1063 1274 At m-
