1230 1385
295 39 574 68 CAPILVPI
55 81 697 117 At maioratuis ſi quiſquam munera præbet
57 110 698 149 Te ſubito excludit: potiorq; eſt alter amator.
58 150 599 183 Sed promiſſa fides vbi ſit ſi quæris, inulta
56 184 654 217 Ferre ait hæc ventos vacuas periuria in auras.
57 215 923 288 Hinc lacrymæ. hinc gemitus, rabieſq; immenſa, furorue
58 249 730 284 Hinc miſer ante fores, foribus mala multa ſuperbis
56 284 626 317 Ingeris, & paulo poſt ipſo in limine ſupplex
61 318 619 351 Spargis odoratos flores, atque oſcula figis,
60 349 669 383 Te ſæpe incuſans quod verba minantia poſtes
57 384 595 417 Iecit in aduerſos tua vox expreſſa dolore.
58 417 662 451 Tu ne igitur ſpatium vitæ famulaberis omne?
57 452 625 484 Et patieris opes, quas iam peperereparentes
61 483 687 518 Sudore ingenti, meretricem abſumere auaram?
56 517 623 551 Et virtute tibi quæſitum demere honorem?
60 550 724 583 Heu neſcis quod dulce magis nunc melle videtu
59 584 629 616 Mox fore felle tibi nec fallor triſtius ipſo.
60 617 637 652 Et quanto magis ipſe bibis, ſitis arida tantò
60 651 601 685 Te magis exurit, ſiccis & faucibus angit.
58 682 672 717 Nam flammis alimenta tuis improuidus affers
58 718 699 751 Semper inexpletæ Veneri noua pabula præben::
55 752 668 784 Vnde magis feruet corde, & fornacibus ignis.
57 782 718 819 Ah quanto eſt ſatius neruos te intendere, vt iſtum
57 819 641 852 Eiicias ardorem animo, quàm viuere vitam
60 850 772 885 Quæ magis atque magis ſuccendat mente furore,
40 884 689 917 Difficile eſt fateor ſubitò & radicitus omnem
56 918 616 952 Exſtirpare tuo quæ inſedit pectore peſtem:
59 951 716 983 Non deſperandum tamen eſt: ratio omnia vincis.
59 984 633 1017 Cui ſi præbueris faciles vt te decet aures,
59 1016 687 1051 Inde pedem referes, quo ſe tuus impulit æſtu,
59 1049 669 1082 Illa tibi monſtrabit iter, mentemque tenebri
59 1083 592 1118 Eripiens circumfuſis, te in luce locabit.
58 1114 672 1149 Eia age æe ex alto iam tandem collige ſomno.
60 1149 631 1183 Audacterq; iugo iam fortis ſubtrahe coll;
58 1183 580 1218 Ipſa dat ingentes ratio tibi viuida vires.
