1115 1358
598 31 782 56 LII
515 74 781 107 Ad Clementem PM.
309 102 1046 139 Parce metu & lacrimis, pater ſanctiſſime; Roma,
349 142 887 174 Omnia quæ potuit vincere, vincet aquas.
309 172 963 201 Non flammæ, non tela illam, non aëris aura
310 207 944 240 Corrupta, aut ſterilis perdere gleba poteſt.
309 239 1046 276 Quod deerat, fluuio obruitur: caput extulit vndis.
343 272 814 308 Illa tamen, viſo teque refluxit aqua.
310 305 942 342 Salue, Roma, Deûm certe domus: irrita quando
343 341 964 380 In te arma, & fruſtia cuncta elementa ruunt.
526 376 795 408 De Româ aqui obruta.
303 403 949 438 Cum Romam adſpiceret tantis inuoluier vndis;
341 439 864 471 Neptunum dictis ſic Venus adgreditur:
311 469 903 506 Nnne ſatis ferro & flammis periuria Troi
338 504 871 539 Vltus? aquis miſeros inſequeris cineres?
306 535 867 571 Ille autem: Iuno aërias quæ temperat oras
335 570 859 607 Auſa nefas, pluuiâ Tibridis auxit aquas.
532 609 665 630 De Iunone.
305 636 905 671 Summerſam penitus fluuio Saturuia Romam
335 671 769 707 Vidit, & irridens talia dicta dedit.
300 704 955 741 Ne quidquam Eneas Troiæ ex ardente receptos
333 736 882 776 Iactat, ſi Phrygios obruit vnda Deos.
513 775 744 807 DePylide Lſo.
299 798 980 840 Hanc gemmam, mea mi, Phyllis cum traderet olim;
331 837 824 866 Hæc dicta, & dictis oſcula miſta dedit.
300 869 1039 905 Cor tibi iampridem atq; Animam & noſtra iſta Labella
331 903 1056 943 Sunt data: quod reliquum eſt, nunc cape Lyſe, Oculos.
495 940 614 972 ſus.
297 970 938 1010 Hoc mihi munus amor miſit meus, & ſimul iſta,
332 1005 806 1042 Quæ tulit illius nomine verba puer:
296 1037 896 1073 Vt te perpetuum videant, quibus inuidet ipſa,
327 1070 898 1107 Hos tibi dat Phyllis, Lux tua, Lyſe, oculos.
554 1108 621 1130 Idem.
293 1134 1015 1183 Hanc dono mihi dat gemmam mea Phyllis, & addit
329 1168 824 1202 Verba magis tanto munere cara mihi:
293 1197 968 1240 Te ſolum vt ſpectent, quando ipſis cetera ſordent,
1013 1246 1075 1270 Hæs
