1208 1365
316 11 597 39 CeILVPI..
781 23 844 55 nn
55 53 507 91 Qæ modo inuicti poſuiſtis arma,
50 89 624 122 Rmrſus audentes capite;atque in hoſtem
54 122 490 150 Nominis noſtri, & fidei, ſecundo
238 157 435 181 Vertite Marte.
51 188 445 222 Hac iter vobis erit ad beatas
51 221 524 254 .theris ſedes. ſuperumque menſis,
1 256 473 289 Et choro accepti ferietis altum
263 289 524 324 Vertice Olympum.
308 325 467 357 Ad.ycorim.
52 355 611 390 thera ſol rapid percurrens aureus axe,
90 390 622 423 Horæ momento datque adimitq; diem:
53 423 589 457 Tu no argutis petcurrens aurea ocellis,
92 456 638 488 Horæmomento dſque adimiſque diem.
1 488 608 522 Hincſe felicem dicit, quem lumineluſtras;
92 522 658 555 Quem ſpolias, miris ſe miſerum eſſemodis.
1 556 521 588 Sol varios flores e pratis elicit, at t
46 588 501 617 Diuinos ſenſus elicis ex animis.
1 621 536 667 Inter ſidereosnus ſol enitet ignes,
90 656 612 690 Inter virgineos tu quoque ſola choros.
1 685 590 729 Ergo tibi,& ſoli ſi par conceſſa poteſtas;
34 723 547 756 Sol alter nobis, pulcra Lycoris, eris.
203 758 563 790 Ad Carolum I. Gall.Regem
56 789 664 824 Qui tibiſæpe dolos ſtruxit, qui vincla parauit,
92 823 594 856 Tu puer in laqueos induis arte ſenem
1 854 667 889 Vtque manu Aleides preſſit fera cornua tauri,
91 889 562 922 Sic premis illus colla ſuperba pede.
1 923 639 963 Et telis Pythona trucem, velut alter Apollo,
91 956 611 991 Qui tua vaſtabat xgna opulenta, necas
1 976 697 1023 Nunc florent, tollntque caput tua lilia;, & aſtris
91 1022 567 1051 Clarius, hoſtili tincta cruore micant
248 1058 561 1090 Ad Fdericum Pendaſium.
50 1088 547 1123 Pendaſi amicis omnibus cariſſime,
56 1122 571 1156 Qud vſque libris inuolutus, nunc agis?
1 1155 575 1191 Cauſſasne rerum in luce clarâ collocas
57 1190 523 1229 Scriptis? opacà nube nobis abditas?
759 1215 858 1244 Ani-
539 1224 626 1249 Rr
