1087 1403
467 75 775 106 HIPOLTT
215 125 692 163 Aa ſidera extra mente tendis altius.
230 159 695 192 Scrutans ſacrata perugil volumina?
229 193 677 225 Mihi ielatum eſt. te polre pumice
220 223 794 262 Quendam libellum, quem diebus proximis
230 258 696 291 Texiſti, & arte & ingeni vimaximâ.
224 294 735 324 Mirum nec vllinam perennes euomat
221 323 793 357 Cur H.tna flammas noſcis, & quo fulmina
223 359 687 394 Pacto creata ex arce cœli decidant.
224 393 716 428 Et vnde flabris vexet Auſter æquor,
232 427 684 460 Suis que Pontus finibus non extat.
222 457 754 493 Nec quidquam in atrâ condidit caligine
230 490 731 523 Natura rerum, quin tibi ſit cognitum,
221 521 698 558 Poſſis que verbis explicare candidis;
231 555 667 587 Seu vis Latinis, ſiue mauis patriis.
223 585 745 621 His te decorum, & præditum virtutibus
229 621 746 653 Mirantur omnes, & beatum exiſtimant.
227 656 679 692 At mi videris eſſe Diuis proximus,
223 688 715 725 Choris que eorum iure dignus inſeri,
223 719 786 759 Qud nullus auri pondere, aut honoribus
229 757 699 791 A recto & æquo te poteſt deducere.
222 789 755 823 Qud tu timore mortis, ipſo tramite
228 824 748 856 Virtutis vnquam non recedis auius;
221 853 762 893 Quòd omnibus ſis dulcis, atque amabilis
230 889 728 923 Tuo lepore, & comitate, & moribus
222 921 780 958 Hæc illa virtus; quæ me amicum reddidit
222 958 676 991 Tibi, facitque, vt vnice te diligam.
221 990 719 1024 Optemque tecum viuere, vt tuæ fruar
226 1024 682 1050 Mentis nitore, & aureis ſententiis,
229 1055 769 1090 Quas fundis ore, in quo repletæ floribus
228 1090 711 1124 Puroque rore mella conſtruunt apes.
229 1122 649 1150 O me beatum, ſi mihi fas, leniter
229 1156 716 1188 Quod reſtat æui, tecum amice degeret
226 1188 722 1222 Sed ipſa quando nunmeis neceſſitas
229 1222 729 1255 Aduerſa votis me tenet, qui aduolem
225 1254 722 1289 Ad te repente; ſis mei non immemor,
882 1286 1021 1321 Mihique
