1209 1345
289 9 556 34 CAPILV.PI.
18 51 552 90 Mihiq; amore quod facis reſpondea,
22 85 455 122 Viuasq; felix cum tuorum copiâ
21 117 548 154 Librorum, amici qui tibi ſunt optimi:
32 151 443 189 Tuisq; ſæpe me reuiſas litteris,
21 184 533 218 Ooibus mihi eſſe nil poteſt iucundius.
147 216 695 251 Ad An on. Iantum Epiſc Foroliienfem.
25 252 513 287 Ianotte, nullus quo mihi iucundior,
28 279 610 322 Qui temperare acerbitatem temporum
24 318 540 353 Tuo lepore, & ſuauitate es efficax,
37 352 528 386 Fixasq; cutas mente amici auellere;
27 384 611 418 Iam meremſe: quid moraris amplius?,
26 419 530 447 Siccæ receſſit ſtella iam Caniculæ,
39 451 551 484 Et blanda mordent leniter nos frigora,
32 485 568 518 Nec pulue e vllo ſordida aut luto eſt via,
28 517 606 552 At pulcra & ampla, parsq; adhuc virentibus
29 551 537 585 Obtecta quercus hic & illic frondibus.
32 585 533 617 Nec obſtat ipſe cui libens obtemperas
31 618 548 651 Iulus, vrbis lumen, atque orbis decus,
43 651 464 685 Quin te relaxes occupationibus,
42 684 545 718 Vt noſtri amoris perfruamur fructibus.
36 718 561 748 Ni me reuiſes, iam furentem ſenties,
33 749 610 785 Paſſim & replentem voce campos horridâ,
42 785 477 817 Velut leonem; qui catello mitiot
35 817 504 849 Ludit Piſauri cum puerulis, & ſilet;
37 851 499 884 Vinclisq, liber ferreis & carcere,
38 881 623 916 Non figit vllum denteduro, aut vnguibus.
46 917 499 945 At derelictus ſolusà turba, fremit;
45 950 525 983 Caudâq; terram ſæpius ferit ferox;
36 984 555 1017 Irarum & ſtu concitatus perfurit.
43 1017 534 1051 Amariorem non ſenectus me facit,
45 1050 484 1082 At ipſa folitudo; quâ nil triſtius
47 1082 544 1115 Effudit vrna, quæ intulit mortalibus
47 1117 673 1150 Quicunquetentant noſtra morbos corpora
44 1150 492 1182 Hic elegantes ſint licer multi viri,
42 1183 474 1216 t litterati & præditi virttibus,
721 1208 894 1246 s
