1305 1407
701 92 1010 122 HIPPOLHI
472 137 1091 172 Queis cum libenter temporis partem tero
473 171 984 199 Sermone dulci; non tamen ſic intimus
472 204 1014 237 Nobis eorum quiſquam, vt illi credere
473 236 955 268 Altâ latentes mente ſenſus audeam:
473 268 974 307 Hoc eſſe videor mancus & ſolus mihi.
471 303 916 334 At arcta noſtri ſic amoris vincula,
473 338 1035 374 Quæ nos peractis quinque Iuſtris vinciunt,.
472 369 928 405 Tuiq; mores ſic meis conſentiunt,
474 403 925 439 Vt vnus ipſe tuiba mi ſis maxima,
471 435 966 477 Vitamq; tecum dulceſit traducere,.
469 468 932 503 Tibiq;noſtrocorde preſſapandere.
471 502 941 533 Quid in ſecundis eſt amico ſuauius?
469 535 969 572 Qui cum iocari & perfrui poſſis bonis.
471 567 922 604 Quid rebus illo in aſperis optatius?
469 601 980 640 Qui æque dolendo te dolentem leniat,
468 636 955 667 Curasq; amaras comitate exhauriat?
466 669 905 701 Exoptet alius plena farris horrea,
445 701 937 739 Et mille ſeptus ambulet clientibus,
447 732 935 773 Magnisq; rerum copijs circumfluat
464 770 982 806 uro& ſmaragdis impeditus tempora:
462 802 932 835 Iamorte tecum ſit mihi vas viuere:
462 836 922 867 Seurure, Iæto inotio, ſeu turbidos
461 869 902 905 Inter tumultus vrbis, in negorijs.
460 900 948 936 Vbique nobis ſuauitatis plurimum
459 933 996 968 Affert vetuſtas noſtri amoris mutui,
459 968 873 1001 Et acta vita pariter procul dolis,
457 999 986 1039 Riſusq; ab omni ſemper parte quærims
455 1035 876 1069 Iocis ſeuera condientes, & ſale
458 1066 952 1107 Nouiq; ſemper cauiſa nobis gaudij eſt
455 1104 1022 1140 Rerum memoria, quas ſimul tractauimus;
456 1134 970 1171 Nec non laborum, quos diu ſubiuimus
454 1168 932 1203 Iactati ab aulæ ſæpe nigro turbedine,
456 1201 1031 1239 Dum puppe eàdem vecti in altum tendimus.
585 1237 968 1273 Ad Io Franciſcum Paſqualinum.
437 1258 934 1318 Amice candide & mihi cariſſime,
1133 1316 1236 1352 Que
