1183 1343
301 9 616 44 CAPILVPI.
49 60 595 104 uem ſum idelem expertus in periculis,
51 96 556 137 Meisq; rebus proſperis dulciſſimum.
51 130 443 162 Mihi videris omnibus beatior
54 161 603 202 Quicunque in vrbe, Paſqualine, viuimus.
51 196 512 229 Præſens & acta vita cognita eſt tua,
54 229 489 269 Tuiq; ſenſus non mihi reconditi.
55 263 511 299 Viiſti honeſtis ſemper in negotijs,
57 293 630 334 Prudens, apertusq; vt virum probum decet,
58 328 607 362 Nec vlli acerbus, aut moleſtus, aut grauis:
58 362 529 395 At nunc ſolutus omnibus curis, tibi
57 394 622 429 Vinis, nec aurum te, aut honores detinent,
60 428 553 469 Quos obtulere ſponte amici & ſæpius,
61 462 561 502 Quin deſtinatum perſequaris otium.
59 496 547 533 Recte beatum parte ab omni te puto,
60 529 604 566 Nam mortis inclementiæ non immemor,
62 561 568 602 Quæ dura nos vel oſcitantes opprimit,
60 596 594 630 Freno & catena ſpiritum domas tuum,
63 629 533 667 Nec ampliare rem laboras amplius:
63 662 525 700 Sed quod paraſti, eo libenter vteris.
62 696 556 728 Non te catinum lucidum mags vitro,
63 729 507 765 Salisve puti pulcra concha deficit,
46 762 549 797 Nec te miniſter, qui ſalubrescolligat
62 795 515 828 Herbas, & arte non ſueta condiat:
44 828 538 866 Tibiq; menſa ſtrata ſemper floribus
63 865 593 899 Ridet, nitetq;, vt prata verno tempore
61 895 591 931 Iactatq; odores hinc & hinc ſuauiſſimos.
62 928 566 962 Nec vina deſunt poculis ſpumantibus,
66 961 528 999 Quæ laſſa poſſunt recreare corpora.
63 993 574 1026 Abeſt nec hædus, nec caniſtra dulcibus
64 1027 557 1064 Repleta pomis, quæ dat arbor fertilis.
66 1061 515 1097 Hoc apparatu ſæpe amicos accipis,
65 1094 524 1131 Quorum lepore captus obliuiſceris
63 1125 650 1165 Quæcunque nobis vita fert incommoda.
65 1160 544 1196 Nec æqua mens in aſperis rebus tibi,
65 1191 627 1229 Nec deeſt ſecundis: hæc quietis eſt caputt
788 1222 848 1246 Hee
