1159 1366
263 8 558 32 C.APILVP.
770 14 813 39 s
60 51 523 86 E quo te dulci voce Thalia vocat.
22 84 690 117 ACrotto ne flecte aciem, ſate ſanguine Regum,
66 118 592 152 Ardua qui tutum per iuga monſtrat iter.
20 151 554 185 Neu labot a tantis vllus te terreat auſis;
64 184 579 218 Ecce tibi e ſummo Gloria montenitet.
19 218 609 250 Illa dies noctesq; tuum vigilare Maronem
14 251 555 285 Iuſſit, vt egregiâ fingret arte modos.
26 284 620 316 Illa tuum toties Fertandum frigus, & æſtum,
1 318 536 351 Et graue Mauortis ferre coëgit onus.
1 346 657 384 Te quoque multa decet tolerare, vt verſibus illi,
1 384 556 418 Huic armisſimilis, clara per ora voles
1 415 625 453 Non honor eſt facili legiſſe e colle coronam,
1 451 580 484 Nec præda exiguo parta labore iuuat.
1 478 642 518 Ergo vigil decerpe ſenis dicta aurea Homeri,
1 517 574 551 Sicut apis flores quæ legit ante diem.
1 547 584 584 Et radio metire ſolum, ſtellasq; globumq;
1 583 539 616 Solis, & ingertis littora curua maris.
1 614 582 650 Vtq; Iouis celeri volucris ſecat aëra pennâ,
1 648 600 685 Sic mente æthereas tu quoque curre vias.
1 678 734 720 Iamq; frementis equi preme terga ſuperbus, & aude
1 717 576 750 Dente feros haſtâ ſternere paruus apros.
1 751 610 785 Alcides etiam geminos puer impiger angues.
1 781 592 816 Dum tumidi tollunt ſibilia colla, premit.
1 815 631 849 Sed colere imprimis ex toto corde potentem,
1 847 569 883 Diſce Deum, & leni nos regere imperio.
1 880 688 915 Nunc ſtudia hæc corditibi ſint: at pulcra iuuentas,
1 914 525 951 Veſtierit primo cum tibi flore genas,
1 944 677 984 Tunc in bella rues, Thracasq, animoſus in hoſtes,
1 982 549 1016 Et dabis aduerſos pectore & enſe neci.
8 1014 600 1050 Et ſpolia in patriam magnis quæſita periclis,
48 1051 550 1083 Oceano, & terra Marte fauente, feres.
14 1082 646 1115 Tunc ego, ſi dederint tantis ſupereſſe triumphis
45 1116 575 1149 Fata mihi, numero te gtauiore canam.
6 1149 552 1184 aterea hoc exilemel cape pignus amoris
47 1183 565 1216 Carmen, & inceptum perfice lætus iter.
