1113 1365
510 31 824 71 HIPPOLYTI
280 48 371 75 G6
510 85 818 114 Ad Ioannem Autriacum.
285 116 876 152 O decus Europæ iuuenis, qui ſanguine eretus
320 150 823 185 Cæſaris, audaci nunc freta claſſe ſecas.
285 184 905 219 Iam cape tela manu, teq; aude credere pugnæ:
322 217 825 254 Cuncta tibi cœli ſigna ſecunda fauent.
286 253 918 286 Nullaq; iam pluuias auis increpat ore morantes,
322 285 843 318 Nec turbata Notis amplius vnda tumet.
286 317 929 352 Et turpi dat tergafugæ perterritus hoſtis;
324 350 824 387 Qui videt imperium te penes eſſe freti.
288 382 870 418 Rumpe moras, & vince mari felicibus auſis:
325 417 830 445 Nullus erit terras mox domuiſſe labor.
288 449 852 483 En tibi Roma parat; terrâ pontoq; ſubacto,
325 481 849 518 Auguſtum duplici cingere fronde caput.
291 514 855 549 Iam venias, diuûmq; ſactis mfige columnis
324 548 790 583 Victor in gæo partatrophæa ſalo.
289 580 938 618 Et Graio domiti in campo ſpolia ampla Tyranni,
325 615 807 652 Puppe coronata pe maria alta vehas.
291 648 843 683 Huc etiam tuus euictis pater inclytus Afris
326 683 769 719 Aurea de Lybiæ littore dona tulit.
291 714 900 753 Et merità ornatus, populo plaudente, corona,
324 749 831 783 Hac niueo inceſſit ſæpe ſuperbus equo.
292 782 859 817 Felices ambol cum te quoque læta fouebit
327 816 845 850 Iure triumphantem Martia Roma ſinu.
292 850 869 884 Illa tuos nunquam ceſſabit tollere honores
326 885 874 913 Laudibus, & nomen voce iterare tuum
294 915 866 947 Cùm te victorem exuuijs orientis onuſtum
327 951 848 983 Cernet, & ante tuas oppida capta rotas.
288 980 986 1017 Hæc inter, Paphon agnoſcet bimaremq; Corinthon,
327 1016 909 1044 Et Gnidon, & claram ſole nitento Rhodon:
292 1049 816 1083 Et loca ſacra tuo nobis qua ſita labore
331 1082 870 1117 Suſpiciet, quondam ſanguine tincta Dei:
293 1116 883 1150 Spectabitq; ſuo currentem mollius Indum
326 1149 882 1181 Flumine; nam victis per vada ſerpet aquis.
158 1176 901 1214 Brachiaq; cuinctos Thracas post terga videbit,
325 1214 826 1248 Atque Deo captas mille fauente rates.
970 1248 1094 1286 Qquue
