<?xml version="1.0" encoding="UTF-8" standalone="no"?><PcGts xmlns="http://schema.primaresearch.org/PAGE/gts/pagecontent/2019-07-15" xmlns:xsi="http://www.w3.org/2001/XMLSchema-instance" xsi:schemaLocation="http://schema.primaresearch.org/PAGE/gts/pagecontent/2019-07-15 http://schema.primaresearch.org/PAGE/gts/pagecontent/2019-07-15/pagecontent.xsd"><Metadata><Creator/><Created>2022-04-12T08:40:40</Created><LastChange>1970-01-01T00:00:00</LastChange><Comments/></Metadata><Page imageFilename="0684.png" imageHeight="1365" imageWidth="1113"><TextRegion id="r1" orientation="0.0" type="paragraph"><Coords points="1,1 1111,1 1111,1363 1,1363"/><TextLine id="l1"><Coords points="510,31 510,71 824,71 824,31"/><TextEquiv><Unicode/></TextEquiv><TextEquiv index="1"><Unicode>HIPPOLYTI</Unicode></TextEquiv></TextLine><TextLine id="l2"><Coords points="510,85 510,114 818,114 818,85"/><TextEquiv><Unicode/></TextEquiv><TextEquiv index="1"><Unicode>Ad Ioannem Autriacum.</Unicode></TextEquiv></TextLine><TextLine id="l3"><Coords points="726,149 876,150 876,116 683,117 602,120 457,120 450,119 444,116 285,116 285,152 612,152"/><TextEquiv><Unicode/></TextEquiv><TextEquiv index="1"><Unicode>O decus Europæ iuuenis, qui ſanguine eretus</Unicode></TextEquiv></TextLine><TextLine id="l4"><Coords points="693,183 823,182 823,151 726,150 553,154 320,156 320,185 654,185"/><TextEquiv><Unicode/></TextEquiv><TextEquiv index="1"><Unicode>Cæſaris, audaci nunc freta claſſe ſecas.</Unicode></TextEquiv></TextLine><TextLine id="l5"><Coords points="905,184 693,184 654,186 573,187 434,187 319,190 285,189 285,219 565,219 668,218 714,216 879,216 885,219 905,219"/><TextEquiv><Unicode/></TextEquiv><TextEquiv index="1"><Unicode>Iam cape tela manu, teq; aude credere pugnæ:</Unicode></TextEquiv></TextLine><TextLine id="l6"><Coords points="604,253 631,251 824,249 825,217 714,217 668,219 322,222 322,253 397,254"/><TextEquiv><Unicode/></TextEquiv><TextEquiv index="1"><Unicode>Cuncta tibi cœli ſigna ſecunda fauent.</Unicode></TextEquiv></TextLine><TextLine id="l7"><Coords points="918,253 605,253 397,255 341,255 286,253 286,286 681,285 796,282 896,282 903,286 918,286"/><TextEquiv><Unicode/></TextEquiv><TextEquiv index="1"><Unicode>Nullaq; iam pluuias auis increpat ore morantes,</Unicode></TextEquiv></TextLine><TextLine id="l8"><Coords points="758,316 843,316 843,285 460,286 376,289 322,288 322,318 706,318"/><TextEquiv><Unicode/></TextEquiv><TextEquiv index="1"><Unicode>Nec turbata Notis amplius vnda tumet.</Unicode></TextEquiv></TextLine><TextLine id="l9"><Coords points="879,318 865,319 851,317 758,317 633,320 286,320 286,352 643,352 762,349 830,349 873,350 877,352 879,352"/><TextEquiv><Unicode/></TextEquiv><TextEquiv index="1"><Unicode>Et turpi dat tergafugæ perterritus hoſtis;</Unicode></TextEquiv></TextLine><TextLine id="l10"><Coords points="642,386 822,383 824,382 824,350 644,352 591,354 324,355 324,387 435,387"/><TextEquiv><Unicode/></TextEquiv><TextEquiv index="1"><Unicode>Qui videt imperium te penes eſſe freti.</Unicode></TextEquiv></TextLine><TextLine id="l11"><Coords points="722,416 870,416 870,382 642,387 288,387 288,418 655,418"/><TextEquiv><Unicode/></TextEquiv><TextEquiv index="1"><Unicode>Rumpe moras, &amp; vince mari felicibus auſis:</Unicode></TextEquiv></TextLine><TextLine id="l12"><Coords points="830,417 722,417 600,420 458,419 325,420 325,445 830,445"/><TextEquiv><Unicode/></TextEquiv><TextEquiv index="1"><Unicode>Nullus erit terras mox domuiſſe labor.</Unicode></TextEquiv></TextLine><TextLine id="l13"><Coords points="670,480 852,480 852,449 625,450 467,453 288,452 288,483 609,483"/><TextEquiv><Unicode/></TextEquiv><TextEquiv index="1"><Unicode>En tibi Roma parat; terrâ pontoq; ſubacto,</Unicode></TextEquiv></TextLine><TextLine id="l14"><Coords points="655,514 849,513 849,481 670,481 609,484 422,485 325,488 325,518 490,518"/><TextEquiv><Unicode/></TextEquiv><TextEquiv index="1"><Unicode>Auguſtum duplici cingere fronde caput.</Unicode></TextEquiv></TextLine><TextLine id="l15"><Coords points="855,514 655,515 611,517 428,520 291,519 291,549 600,549 729,547 846,547 849,549 855,549"/><TextEquiv><Unicode/></TextEquiv><TextEquiv index="1"><Unicode>Iam venias, diuûmq; ſactis mfige columnis</Unicode></TextEquiv></TextLine><TextLine id="l16"><Coords points="664,581 758,581 790,579 790,548 601,549 556,551 464,552 324,552 324,583 619,583"/><TextEquiv><Unicode/></TextEquiv><TextEquiv index="1"><Unicode>Victor in gæo partatrophæa ſalo.</Unicode></TextEquiv></TextLine><TextLine id="l17"><Coords points="938,580 785,580 758,582 664,582 501,586 363,586 289,583 289,618 533,618 713,614 821,614 861,615 868,618 938,618"/><TextEquiv><Unicode/></TextEquiv><TextEquiv index="1"><Unicode>Et Graio domiti in campo ſpolia ampla Tyranni,</Unicode></TextEquiv></TextLine><TextLine id="l18"><Coords points="683,648 807,647 807,615 713,615 452,620 325,620 325,652 514,652"/><TextEquiv><Unicode/></TextEquiv><TextEquiv index="1"><Unicode>Puppe coronata pe maria alta vehas.</Unicode></TextEquiv></TextLine><TextLine id="l19"><Coords points="843,648 683,649 634,651 422,654 316,654 291,652 291,683 675,683 721,681 822,681 826,683 843,683"/><TextEquiv><Unicode/></TextEquiv><TextEquiv index="1"><Unicode>Huc etiam tuus euictis pater inclytus Afris</Unicode></TextEquiv></TextLine><TextLine id="l20"><Coords points="769,715 769,683 492,685 326,688 326,719 524,719"/><TextEquiv><Unicode/></TextEquiv><TextEquiv index="1"><Unicode>Aurea de Lybiæ littore dona tulit.</Unicode></TextEquiv></TextLine><TextLine id="l21"><Coords points="900,714 824,714 817,716 654,717 524,720 319,720 291,718 291,751 376,753 468,753 545,750 859,748 885,749 893,753 900,753"/><TextEquiv><Unicode/></TextEquiv><TextEquiv index="1"><Unicode>Et merità ornatus, populo plaudente, corona,</Unicode></TextEquiv></TextLine><TextLine id="l22"><Coords points="831,781 831,749 697,751 545,751 468,754 324,753 324,783 725,783"/><TextEquiv><Unicode/></TextEquiv><TextEquiv index="1"><Unicode>Hac niueo inceſſit ſæpe ſuperbus equo.</Unicode></TextEquiv></TextLine><TextLine id="l23"><Coords points="859,815 859,782 476,787 345,787 292,783 292,817 620,817"/><TextEquiv><Unicode/></TextEquiv><TextEquiv index="1"><Unicode>Felices ambol cum te quoque læta fouebit</Unicode></TextEquiv></TextLine><TextLine id="l24"><Coords points="845,848 845,816 327,820 327,850 608,850"/><TextEquiv><Unicode/></TextEquiv><TextEquiv index="1"><Unicode>Iure triumphantem Martia Roma ſinu.</Unicode></TextEquiv></TextLine><TextLine id="l25"><Coords points="869,882 869,850 609,850 499,853 356,853 323,850 292,850 292,884 498,884"/><TextEquiv><Unicode/></TextEquiv><TextEquiv index="1"><Unicode>Illa tuos nunquam ceſſabit tollere honores</Unicode></TextEquiv></TextLine><TextLine id="l26"><Coords points="326,885 326,913 874,913 874,885"/><TextEquiv><Unicode/></TextEquiv><TextEquiv index="1"><Unicode>Laudibus, &amp; nomen voce iterare tuum</Unicode></TextEquiv></TextLine><TextLine id="l27"><Coords points="294,915 294,947 866,947 866,915"/><TextEquiv><Unicode/></TextEquiv><TextEquiv index="1"><Unicode>Cùm te victorem exuuijs orientis onuſtum</Unicode></TextEquiv></TextLine><TextLine id="l28"><Coords points="327,951 327,983 848,983 848,951"/><TextEquiv><Unicode/></TextEquiv><TextEquiv index="1"><Unicode>Cernet, &amp; ante tuas oppida capta rotas.</Unicode></TextEquiv></TextLine><TextLine id="l29"><Coords points="986,980 879,980 779,984 608,985 290,984 290,1016 672,1017 766,1015 958,1014 964,1017 986,1017"/><TextEquiv><Unicode/></TextEquiv><TextEquiv index="1"><Unicode>Hæc inter, Paphon agnoſcet bimaremq; Corinthon,</Unicode></TextEquiv></TextLine><TextLine id="l30"><Coords points="909,1016 766,1016 570,1019 480,1018 420,1019 379,1017 327,1017 327,1044 909,1044"/><TextEquiv><Unicode/></TextEquiv><TextEquiv index="1"><Unicode>Et Gnidon, &amp; claram ſole nitento Rhodon:</Unicode></TextEquiv></TextLine><TextLine id="l31"><Coords points="783,1081 816,1082 816,1050 374,1052 322,1049 292,1049 292,1082 693,1083"/><TextEquiv><Unicode/></TextEquiv><TextEquiv index="1"><Unicode>Et loca ſacra tuo nobis qua ſita labore</Unicode></TextEquiv></TextLine><TextLine id="l32"><Coords points="780,1114 870,1115 870,1082 540,1085 378,1085 331,1083 331,1116 549,1117"/><TextEquiv><Unicode/></TextEquiv><TextEquiv index="1"><Unicode>Suſpiciet, quondam ſanguine tincta Dei:</Unicode></TextEquiv></TextLine><TextLine id="l33"><Coords points="590,1148 883,1148 883,1116 668,1116 549,1118 399,1118 293,1116 293,1147 360,1148 393,1150 532,1150"/><TextEquiv><Unicode/></TextEquiv><TextEquiv index="1"><Unicode>Spectabitq; ſuo currentem mollius Indum</Unicode></TextEquiv></TextLine><TextLine id="l34"><Coords points="882,1180 882,1149 590,1149 532,1151 393,1151 360,1149 326,1149 326,1180 853,1181"/><TextEquiv><Unicode/></TextEquiv><TextEquiv index="1"><Unicode>Flumine; nam victis per vada ſerpet aquis.</Unicode></TextEquiv></TextLine><TextLine id="l35"><Coords points="901,1181 532,1181 520,1183 413,1184 290,1179 290,1214 901,1214"/><TextEquiv><Unicode/></TextEquiv><TextEquiv index="1"><Unicode>Brachiaq; cuinctos Thracas post terga videbit,</Unicode></TextEquiv></TextLine><TextLine id="l36"><Coords points="826,1215 401,1216 325,1214 325,1248 826,1248"/><TextEquiv><Unicode/></TextEquiv><TextEquiv index="1"><Unicode>Atque Deo captas mille fauente rates.</Unicode></TextEquiv></TextLine><TextLine id="l37"><Coords points="970,1248 970,1286 1094,1286 1094,1248"/><TextEquiv><Unicode/></TextEquiv><TextEquiv index="1"><Unicode>Qquue</Unicode></TextEquiv></TextLine><TextEquiv><Unicode/></TextEquiv></TextRegion></Page></PcGts>