1283 1396
715 83 1022 119 IPPOL
494 139 959 169 Se ſe tollet humo, vox veluti leuis;
529 174 893 206 Et ſummum feriet polum.
492 204 1017 238 Prq Chriſti imperio, & nomine qui ſua.
494 239 982 273 Supponunt rigidis colla ſecuribus,
493 273 951 305 Extincti, veniam ſanguine ſupplici
529 307 890 339 Nobis a domino impetrant.
495 339 980 372 Vos ergo ante Dei ſuppliciter pedes,
495 372 965 405 Abſciſſi validis membra bipennibus
495 406 1014 439 Mecum corde preces fundite: paruulis
530 441 894 471 Nam magnus Deus annuit.
491 473 976 503 Præ tantis meritis vos ego carmine
496 505 1056 536 Nunc dicam patrio, nuuc Latio canam,
495 536 956 569 Cum terras rutilâ Soltetigit face,
528 569 874 595 Cum nox in tenebris ſilet.
608 613 1108 649 Ad Rmam, de Hortu, qui vocantur vulg
793 649 912 671 Eeluedere.
494 686 1082 720 lue Roma, Pij magnis decorata triumphis,
531 720 942 754 Illius & largâ facta beata manu
497 753 1178 787 Nunc merito caput extollis, modo mœnibus aucta,
530 786 1031 821 Tutaq;, & egregijs conſpicienda vijs.
498 821 995 848 Et merito iactas eucta Palatia cœlo,
533 853 1016 886 Et nuper miris ſlructa theatra modis.
498 885 1131 919 Hæc centum cumulata bonis ad ſidera ſurgun,
532 919 1006 953 Diuitijsq; nouis iure ſuperba nitent.
498 952 1148 986 Hic ſigna, hic ſtatuæ poſitæq; in fronte columnæ,
527 987 1163 1021 Queis magis haud vſquam lucida gemma micat.
500 1019 1152 1053 Hic quoque peruigili quondam ſeruata dracone
532 1054 988 1085 Aurea dat nobis mala beatus ager:
500 1086 1025 1113 E totus viret aſſidue florentibus herbis,
535 1119 1031 1151 Semper & Arrabio fragat odore locus.
500 1152 1131 1183 Hic etiam volucrum cantus potes aure canoros,
535 1184 1037 1217 Haurire & vitreo pellere fonte ſitim.
500 1217 1211 1254 Plcrius hoc pulcro adſpectu nil vidimus vnquam,
533 1251 1069 1290 Non Sol qui luſtrat lumine cuncta ſuo.
1212 1297 1281 1324 s
