1147 1349
300 1 569 28 CAPILVPI.
29 46 524 85 Expetit multis precibus Colonus;
30 81 482 120 Vt queat natos teneros, ſenemq;
244 115 476 147 Paſcere patrem.
29 144 465 185 Supplices audi miſeros agreſtes,
44 182 538 216 Ne fame heu dirâ pereant, ſituq;
43 216 479 249 Horreat campus, penitusq; ceſſet
242 251 471 276 Fructus aratri.
29 272 563 318 Tu quoque in Thracas metuendus arcu
43 316 631 353 Bella age, & morbos procul hac ab vrbet
30 351 458 384 Vtmalis rurſus redeant fugatis,
243 386 598 417 Tempora in aurum
29 417 497 451 Imminet peſtis Latio & ruina:
30 451 531 483 Iam ferus Mauors ruit huc cruore
30 484 453 528 Italo adſperſus, niſi nos ab alto
232 519 474 552 Adſpicis æquus.
30 540 439 585 Eripe tanto Italiam periclo;
29 585 566 619 Iulium ſerua innumeros in annos,
30 618 560 655 Cui data eſtrerum merito ſacrarum
207 653 508 686 Summa poteſtas.
29 674 484 719 Hue ades lauru caput implicatus:
29 719 433 754 Nos tibi ſacras ſtatuemus aras
30 753 535 787 Compotes voti, dabimusq; ſanctos
242 788 460 813 Thuris honores.
37 822 565 853 Tum graui taurus redimitus auro,
30 848 599 890 Cui breuerupit modò fronte cornu,
29 887 538 930 Dum ſatur lætis iuueneſcit aruis,
239 922 406 957 Imbuet aras.
284 957 455 989 Ad mam.
30 976 706 1024 Ergo ego, quià puero tot iam fugientibus ans
30 1021 687 1055 Roma tuo in gremio, rerum pulcerrima, vixi,
36 1054 746 1089 Iam ſenior nunquam poſthac te lumine cernam
30 1088 696 1123 Irgo ego, Tibri pater, patrio mihi carior amne
38 1121 614 1156 Qui me poſt curas & multa negotia laſſum.
37 1155 602 1187 Sæpe tuo leni recreaſti murmure, & vndà;
30 1187 680 1232 Noſtra tuis nunquam ponam veſtigia ripis?
755 1207 851 1251 il
