1059 1349
415 9 738 46 HPPOLYTI
208 56 803 109 vavb Ingebam mihi feſsA ætate beatam?
212 91 786 143 Nec vos, o Septem colles, hortiq; reuiſam?
212 127 751 179 n quibus ipſe tener collegi ſæpe nitentes
214 159 754 209 Rore roſas, feciq; nouo de flore corollas;
213 193 807 248 Pigra gelu & ſqualens alibi cum terra rigeret.
217 225 814 275 Non ager Aſſyrius vobis contendat odore
215 258 846 308 Pathenopeq; ſuis cedat bene olentibus herbis;
218 293 820 344 Ver proprios quando vobis conceſſit honores.
220 326 802 375 Nec veitiis fruar, dulces ante omnia amici,
219 356 912 411 Amplius alloquijs? quibus olim incommoda noſtræ
222 396 743 447 Speraui demens leniri poſſe ſenectæ.
221 428 755 480 Ofortuna potens, vt nos ſpe ludis inai,
223 458 803 509 Cuuctaq;, veloces ſi vis mutantur in horasl
221 489 830 540 Afer & Hitcanus Romam colit, & colit Indus,
216 524 858 583 Quiq; bibit Tanaim, quem ſæua Btitannia partu
222 558 768 607 Euit, & Tauri qui natus vertice montis.
224 593 758 643 At nos quos vtero mitis tulit Itala tellus,
225 623 851 676 Sedula quos veluti nutrx modo Roma fouebat,
225 659 847 710 ritcpibusq; viris caros, nulliq; moleſtos,
227 692 897 747 Cogimur heu miſeri obſcuris nunc viuere in oris.
228 726 838 779 Ornnia præ Româ loca conſita nocte videntur.
229 760 823 809 Nec vos o Thermæ, nec vos Capitolia, & alta
229 792 847 846 Templa Deûm, nec vos æquata Palatia cœlo
228 825 879 876 iſere iam poſſum, ſparſus modo tempora canis;
230 859 901 916 Quæ toties ego ſum primis ingreſſus ab anuis,
229 893 793 945 Ee ſemper colui, & ſuſpexi veſter alumnus,
232 927 875 979 Munereq; inſignis veſtro & deoratus honore:
226 958 941 1012 Ne tua ſancte pater, quæ nunc ſtruis ampla theatra
222 993 799 1042 Meriri licet his oculis, nec monte ſalubrem
231 1024 875 1084 Quam deducis aquam; nec ſacras quas Pius ædes
233 1061 812 1110 Ponis, & exornas fulgenti marmore & auro.
225 1091 976 1145 Mœnia quid referam? quibus Vrbem prouidus auges,
234 1127 836 1180 Et quibus illa feros hoſtes circumdata temnit.
237 1158 970 1220 Qudve Piam memorem portam? quid ſtrata viarum
234 1192 937 1258 o id decora? vſque tuis quæ ſumptibus adiicis aulæ.
958 1225 1015 1252 Me
