1051 1338
449 15 747 42 IPPOLYTI
214 24 264 49 S44
419 58 769 94 Epitaph. Chriſtophori Columbi.
222 90 847 126 O Ligur, Italiæ decus, & lux certa, Columbe
257 125 831 158 Heu breuis extinctum te quoque teſta capit.
219 159 902 195 Te modo non potuit terras qui amplectitur omnes
259 193 762 227 Oceanus, magno continuiſſe ſinu.
223 226 749 253 Illius es fines vltrà rate vectus ad Indos,
258 259 818 295 Quo prius haud pennis Fama tetendit iter.
452 295 660 328 Epitaph. Caroli V.
161 320 888 365 Carolus hlc ſitus eſt; magnos qui ſæpe coëgit
257 361 685 394 Europæ reges ſubdere colla iugo.
155 385 912 435 Qui Libyam domuit, Thracasq; fugauit, & armt
260 427 701 458 Adiunxit regnis Indica regna ſuis.
142 456 777 506 Qui mox ſe inuictum vicit; ſe fortior ipſo,
261 488 872 525 Cum ſpolium ſpreuit, quicquid & orbis habet.
149 512 723 558 Pulcrius, imperij ſeſe ſpoliaſſe corona,
148 546 809 595 Quàm reges forti tot domuiſſe manu.
423 592 746 627 Epitaph. HſmriiiGa. Regi.
154 621 921 669 Pro Gallis, Henrice, feros dum tendis in hoſtes,
216 660 776 694 In latere hæſerunt ſpicula nulla tuo.
154 693 828 760 ::
98 755 811 799 Ah ſcelus: haud potuit te Pax arcere periclo,
261 795 719 828 Illa licet per te ſit modo lapſa polo.
96 808 865 865 Nec tua quæ forti ſeruaſti pectore regna,
258 861 723 886 Seruari à Mortis te valuere manu.
383 895 832 929 Ad Hippol. Gontagam Ferrandi fliam.
120 928 900 964 Hippolyta, exſtinctum iam deſine flere parentem
117 962 738 997 Et pulcro roſeas vngue notare genas.
95 994 887 1038 jNon iſti decorant gemitus laciimæq; ſepulcrum
257 1029 724 1061 Non qui floridulo defluit ore cruor.
80 1032 890 1106 Atdecorant. cruor & gemitus quos edidithoſtis,
255 1095 724 1130 Qui cecidit toties illius ante pedes.
418 1130 736 1161 De Lycoride lætiti mortu.
142 1152 724 1196 Deflebat mater cari modo funera nati,
253 1194 742 1232 Cuirigido Mauos abſtulit enſe caput.
881 1226 998 1272 Impro-
