1177 1382
345 15 641 64 CAPILVPI.
64 68 570 105 Mmprouiſum illi ſe fiius obtulit alter,
109 105 719 140 Quem merſum Eridani fama ferebat aquis
64 139 735 172 Vt vidit natum incolumem, quem fleuerat olim
95 173 587 207 Amiſſum, ſubit concidit exanimis.
63 206 602 240 Sic perijt vi lætitiæ ſemel icta Lycoris,
69 240 613 280 Qu nequijt gemino fixa dolore mori.
275 281 559 314 Epitaphium Iulij cæſaris.
63 307 700 354 Qui mod inautatis Capitolia ad alta quadrigis
109 346 559 380 Vectus, & Eoos rexit & Heſperios,
63 379 644 414 Ecce cadit Cæſar, transfoſſus pectora ferro;
108 413 662 446 Et ſimul e dextrâ ſceptra ſuperba cadunt.
73 447 712 477 Vmbra ſumus. cui vix fuerat ſat maximus Orbi,
76 480 658 517 Nunc huius cineres paruulus Orbis habet.
268 523 442 551 In Silenum.
64 544 603 584 Vita mihi iucunda fuit: mihi dolia cordi,
64 588 602 622 Et cyathi, & plenis vina fuere cadis.
64 622 724 664 Nec mihi amara dies, cùm noſtra ad limina venit.
64 655 590 690 Et pede percuſſit Mors violenta fores.
64 689 732 724 Namq; pedum ſtrepitus noſtras non attigit aures;
105 724 659 758 Corpus erat ſomno, mensq; ſepulta mero.
302 765 467 789 In ebrium.
71 797 635 831 Dum vixi, ſine fine bibi. ſic imbrifer arcus,
106 832 568 866 Sic tellus pluuias Sole peruſta bibit.
64 865 634 900 Sic bibit adſidue fontes & flumina Pontus,
106 899 645 932 Sic ſemper ſitiens Sol maris haurit aquas.
70 932 653 965 Ne te igitur iactes plus me, Silene, bibiſſe;
64 965 697 1001 Et mihi da victas tu quoque, Bacche, manus.
296 1008 425 1032 In eundem.
64 1039 645 1073 Iactabunt alij pattum ſibi ſanguine nomen,
63 1072 569 1105 Regiaq; audaci colla ſubacta manu.
63 1103 712 1144 Et tumulo inſcribent, depulſos mœnibus hoſtes,
103 1138 602 1171 Mlleq; diſiectas Marte fauente rateis.
64 1169 795 1211 Maxima palma mihi, Baccho duce, pocula mille
64 1204 623 1256 Grandla, cum mu.to ſæpe bibiſſe mero.
781 1239 847 1277 l-
