1051 1338
452 41 769 65 HIPPOLTTI
216 84 874 124 Gloria nec tenuis, ſi Cantharus ante ſepulcrum
256 118 815 151 Pendet, & immenſi. noſtra trophæa, Cadi.
216 180 808 227 icmnlor dum tevlia mebat.
452 156 626 183 In eundem.
261 225 834 258 Sed mihi cum Baccho plurimus vſus erat.
216 256 820 292 Non igitur ſit ſparſa nouis mea floribus vrna;
262 291 721 324 Sed potius dulci ſparſa ſit illa mero.
216 320 787 360 Vt fuit huius odor viuo mihi floris odore
260 358 707 386 Suauior, extincto ſic erit ille mihi.
427 399 691 432 Ad Laur. Gambaram.
226 430 736 464 Quid fles adſidue iucundifunus amici,
265 463 771 496 Quem potes e Stygijs eripuiſſe vadis?
228 497 936 529 Sume Lyram, & lacrimis careant muliebribus orae
265 530 814 565 Te lyra, non lacrimæ, culte poëta, decent.
228 563 786 597 Turpe tibi, cineres fletu decorare perenni,
263 597 790 633 Qos tibi perpetuis fas celebrare modis.
457 639 595 671 Delycidâ.
231 671 944 705 Sternit humi, heu, patrem Lycidas, dum verbere tor
266 705 803 741 Concutit, & duro calce fatigat equum
231 738 796 772 Ille miſer, patre extincto ſe protinus enſe
266 773 756 805 Traijcit, & moriens talia voce refert:
230 805 821 840 Fas vtinam bis poſſe morl: fic debita poſſem,
268 840 781 872 Care pater, geminâ reddere morte tibi.
231 870 858 907 Pro letho tibi quod peperi, pro munere vitæ
265 906 855 939 Quam duxi haud ſatis eſt me cecidiſſe ſeme.
459 950 562 981 De Lyco.
232 981 940 1014 Dum pugnat Lycus ob patriam, cadit obrutus haſtis.
268 1012 814 1045 Et matrem adſpiciens iam moriturus, ait:
216 1040 927 1085 ro patris, mihi dulce mori: te propter, amarum e.
269 1080 867 1115 Hinc atque hinc gemino victus amore trahor.
216 1107 861 1146 Illa grauem egregiâ ſuperans virtute dolorem.
270 1145 720 1182 Hæc ſiccis oculis aurea dicta dedit:
216 1172 852 1217 Redde quibus ebes animam lætusq; libensq;,
270 1212 798 1245 Tu patriæ & cœlo, non mihi, natus eras.
