1160 1318
366 18 645 55 APILVPI
325 71 539 95 In M. Antonium.
76 109 704 151 Quid facis Antoni? perdis ciuemq; ſenemq;,
132 144 635 178 Quilinguæ & patriæ dicitur eſſe pater.
75 177 683 211 Ille dedit linguæ lucem, patriæq; ſalutem;
130 212 693 243 Tu morte vnius tollare vtramque putas?
95 244 827 278 Falleris. Vrbs etiam nunc ſtat, Cicerone perempt;
131 278 683 312 Et magis atque magis lingua Latina viget.
96 311 684 345 Nam, tua quæ ſolum reſonabant illius ore
131 345 716 383 Crimina, nunc eadem mille per ora ſonant.
324 388 459 411 In eundem.
76 419 734 453 Dextra tua, Antoni, perfuſa eſt ſanguine ciuis:
130 453 638 487 Qin potius patrio tincta cruore rubet.
94 485 806 521 Quem iugulas, vno ore vocat patria ipſa Parentem
129 520 617 554 Vtq; Patri lacrimas dat laniata genas.
76 553 704 587 Ah miſer, exſtinxti qui poſt ſua funera viuit,
129 587 625 620 Enſeq; transfixus guttura, voce ſonat.
76 619 773 662 Nam lingua illius totum iam ſparſa per orbem eſt;
126 655 679 689 Inq; tuum torquet ſpicula, vt ante, caput.
219 696 720 730 In aquam Virginem Romam ductam.
89 736 731 771 Virgo, quæ nitidis transluces candida ab vndis,
125 771 645 804 Vt nitetè puro ſplendida concha vitro;
76 803 666 837 Huc adſis, ſtudio matris terrâ eruta ab altâ;
127 836 598 871 Illa ſacro accipiet te veneranda ſinu.
76 870 652 905 ic tuto poteris, nullo tardata timore,
131 904 650 939 Perq; vias omnes currere, perq; domos.
76 937 759 978 Nec fraus virgineum, nec vis violabit honorem
124 970 682 1009 Sanctus enim ſaMctâ regnat in Vrbe pudor.
250 1013 591 1037 Ad Laurentium Gmbaram.
76 1031 735 1084 le, nouum vittute ſuâ qui repperit Orbem-
127 1078 550 1104 Oceani inſuetas auſus inire vias.
76 1109 723 1145 Argumentum ingens tibi præbet fortibus auſis;
124 1143 705 1177 Victor in Europam cum ſpolia ampla refert.
89 1175 778 1211 At tu materiæ clarum addis, Gambara, honoram
75 1209 670 1251 Grandeq; Apollineâ carminis arte decus,
791 1230 874 1276 Na
