1042 1320
450 10 757 35 HIPPOLII
215 15 268 42 c
220 53 832 87 Nam verſu decorata tuo noua facta Columbi,
254 87 770 123 Sparſa velut Solis lumine ſigna, nitent.
484 125 629 147 Ad eundem.
220 154 885 188 Gambara, dum celebras petijt qui puppibus Indos
256 188 785 221 Primus, & Hiſpanis parta trophæa tulit:
219 223 720 255 Magna tui verſus exornant illius acta;
254 257 711 281 Non ſecus ac verſus illius acta tuos.
219 289 874 323 Amborum virtus duplici cumulata decore eſt:
253 324 755 356 Alter ab alterius lumine lumen habet.
220 357 835 391 Sic gemmis ornata nitet magis Indica concha:
255 391 816 424 Sic magis in conchâà gemma repoſta micat.
396 425 726 456 Ad Lælium Paſqualinum.
200 456 802 493 Iam Læli ſuperare aude celſi ardua Pindi,
252 489 744 523 Carmen vbi egtegiâ texuit arte Maro.
217 515 892 555 Ecce, iter ad durum tibi plectro & voce canor
252 557 836 586 Molliat, Aonidum iam chorus omnis a deſt:
217 591 810 624 Teq; vocat montis de vertice Cynthius alto:
250 625 700 657 Nec mirum. ſimiles diligit ille ſui.
216 658 858 693 Non mentum iuuenile tegit tibi barba, nec illi:
251 692 762 726 Nec magis illius quàm tua forma nitet.
216 722 831 762 Nunc illi es ſimilis: ſed cum te frondelyraq
250 757 724 793 Ipſe ſuâ ornarit Cynthius, alter eris.
394 795 809 826 Ad Vincentium Iuſtinianum.
213 826 734 861 Vincenti, egregio ſic enitet aurea virtus
249 861 736 894 Ore tuo, vt puro lucida gemma vitro.
213 893 869 929 Nec fuco aut maculis adſperſa adparuit vnquam
248 928 816 961 Ceu Sol qui nitidum fertſine nube diem
214 961 758 1027 :ææ:
211 1028 800 1061 Perge viam. non te Sortis ſuper ætheris otas
243 1061 747 1101 Nunc rota, ſed Virtus te tua ſola vehit.
400 1097 605 1120 In nuidum.
209 1126 768 1162 Si quis Romanâ me furtim mordet in aul
244 1161 729 1196 Inuidus, & ficta ſe mihi fronte tegit:
208 1191 809 1233 Detogat potuus quæ condit mente, palamq;
920 1236 994 1264 Euo-
