1159 1310
277 8 586 53 CAPI.
39 57 615 97 Euomat in noſtrum tetra venena caput.
37 97 636 130 Spicula nil curo linguæ mihi nota malignæ 3
92 130 614 163 Sed metuo ignotis ſpicula tincta dolis.
37 157 673 197 Nauita ſic ſcopulos temnit quos proſpicit alto;
90 197 638 231 Qu cœco latitant gurgite, ſaxa timet.
259 231 578 265 DefinteluliIII. P. M.
37 256 579 298 Ofortunatæ volucres, quæ ruris amœni
89 297 632 331 Dum canitis laudes, garrula lympha ſalit.
56 331 596 365 O fortunati piſces, qui murmure ſilua
87 364 637 399 Dum reſonat, ſacro ducitis amne choros:
54 399 595 431 Inuideo vobis: ſecurum degitis æuum,
83 432 563 466 Inſidias vobis non ſtruit vlla manus.
37 466 634 501 Hic vtinam, vel auis vos inter dicere carmen
37 498 630 534 Poſſem ego, vel piſcis ludere mutus aquâ.
253 534 614 566 In fontem Card. Madrutij.
37 563 635 600 Opictæ volucres, lætos date gutture cantus,
87 601 558 634 Madrutij vobis munereparta quies.
37 628 689 668 Retibus haud cinxit nemus, vt vos implicet illis,
87 668 527 702 Sed vos vt tutas reddat ab inſidijs.
37 701 664 735 Iam vos non laqueis, non viſco decipit auceps.
85 735 607 769 Nec tela in veſtrum ditigit vlla caput.
37 765 646 803 Nec laniare poteſt vos duro miluius vngue:
83 803 579 837 In vos imperium nec Iouis ales habet.
37 837 606 871 Laudibus hunc igitur, qui vobis otia fecit,
85 870 614 901 Tollite, & hæc varijs dicite rura modis.
330 906 452 936 De cæsare.
37 936 650 978 Ifter, in Euxinum qui magnis flexibus æquor
37 970 587 998 Tendis, & inuicti Cæſaris arma vehis,
36 1003 742 1044 Tolle caput: tibi iam Tigris, tibi Nilus & Indus
37 1037 554 1066 ,Seruiet, & Tanais ſub tua iura fluet.
37 1065 612 1104 Ecce feros ſolo adſpectu iam diſijcit hoſtes
36 1102 546 1151 Cæſar, vt imbelles regius ales aues.
250 1140 534 1171 Ad Baſilium anchum.
37 1162 595 1202 Sim licet adſidue ferrato carcere clauſus;
87 1204 590 1238 Tranſilit æratas mens mea ſæpe fores:
747 1237 833 1271 Atqus
