1159 1310
277 8 586 53 CAPI.
39 57 615 97 Euomat in noſtrum tetra venena caput.
1 97 636 130 Spicula nil curo linguæ mihi nota malignæ 3
92 130 614 163 Sed metuo ignotis ſpicula tincta dolis.
2 156 673 197 Nauita ſic ſcopulos temnit quos proſpicit alto;
90 197 638 231 Qu cœco latitant gurgite, ſaxa timet.
259 231 578 265 DefinteluliIII. P. M.
8 256 579 298 Ofortunatæ volucres, quæ ruris amœni
89 297 632 331 Dum canitis laudes, garrula lympha ſalit.
894 306 929 341 l
56 331 596 365 O fortunati piſces, qui murmure ſilua
87 364 637 399 Dum reſonat, ſacro ducitis amne choros:
894 372 930 397 1:
54 399 595 431 Inuideo vobis: ſecurum degitis æuum,
83 432 563 466 Inſidias vobis non ſtruit vlla manus.
5 466 634 501 Hic vtinam, vel auis vos inter dicere carmen
29 498 630 534 Poſſem ego, vel piſcis ludere mutus aquâ.
253 534 614 566 In fontem Card. Madrutij.
1 564 635 600 Opictæ volucres, lætos date gutture cantus,
893 592 927 621 .
87 601 558 634 Madrutij vobis munereparta quies.
894 621 928 649 :
1 626 689 668 Retibus haud cinxit nemus, vt vos implicet illis,
87 668 527 702 Sed vos vt tutas reddat ab inſidijs.
1 701 664 735 Iam vos non laqueis, non viſco decipit auceps.
85 735 607 769 Nec tela in veſtrum ditigit vlla caput.
9 761 646 803 Nec laniare poteſt vos duro miluius vngue:
83 803 579 837 In vos imperium nec Iouis ales habet.
20 837 606 872 Laudibus hunc igitur, qui vobis otia fecit,
85 870 614 901 Tollite, & hæc varijs dicite rura modis.
330 906 452 936 De cæsare.
1 936 650 979 Ifter, in Euxinum qui magnis flexibus æquor
30 970 587 998 Tendis, & inuicti Cæſaris arma vehis,
5 1003 742 1044 Tolle caput: tibi iam Tigris, tibi Nilus & Indus
1 1037 554 1066 ,Seruiet, & Tanais ſub tua iura fluet.
1 1065 612 1104 Ecce feros ſolo adſpectu iam diſijcit hoſtes
1 1103 546 1151 Cæſar, vt imbelles regius ales aues.
250 1140 534 1171 Ad Baſilium anchum.
1 1152 595 1202 Sim licet adſidue ferrato carcere clauſus;
87 1204 590 1238 Tranſilit æratas mens mea ſæpe fores:
747 1237 833 1271 Atqus
502 1241 581 1267 Ss5
