1144 1392
570 100 921 135 HIPPOLYTI
345 110 402 131 o-
343 141 1063 179 Atque mare immenſum & terras circumuolat omnes,
379 178 815 210 Libera, cœleſtes itq; reditq; vias.
345 211 1033 245 Hac ego te abſentem complector, candide amice
383 245 873 278 Hac ego ſæpe tuis perfruor adloquijs:
345 278 950 312 Adfixusq; tuo lateri per amœna locorum,
381 311 901 344 Incedo, Phœbus qua tibi monſtrat iter.
346 344 1043 380 Non hic ſunt lacrimæ aut gemitus, non nubilus aët,
379 379 973 412 Nec Notus immiti turbine perflat humum:
351 411 1032 442 Sed, cithara & antu reſonans, micat aureus æther,
380 445 861 473 Mulcet odoratas & leuis aura roſas.
345 477 984 511 H ego permixtus Muſis noua carmina canto,
381 511 872 544 Carmina, quæ donat Calliopea mihi.
349 544 954 578 OMuſæ, colui magno vos ſemper honore:.
381 578 879 610 Poſthac maiori ſemper honore colam.
345 612 898 643 Vos mihi mordaces lenitis earmine cutas,
378 646 814 679 Et penitus toto vellitis ex animo.
344 679 864 712 Vos è Caſtalio ſinitis me fonte liquores
379 713 982 748 Sumere, & Aſcræum me quoque inire nemus.
345 748 988 783 Per vos nunc lætus viuo: vix credere dignum eſt.
378 780 860 813 Me placide in turpi viuere poſſe ſitu.
346 814 993 848 Credideris tu, Lanche, tamen, qui paupere tecto
381 847 824 881 Colligis è Muſis gaudia tanta tuis.
346 881 1010 915 Nam veluti per prata nouos metit vndique flors
379 915 895 945 Læta apis, & mirâ conſtruit arte fauos:
347 947 956 981 Sic alacer ſtudio inuigilas, atque aurea vatum
378 980 883 1015 Paſſim dicta legens, nobile texis opus.
185 1010 253 1043 u
344 1015 892 1049 Et quamuis te pauperies anguſta fatiget,
377 1049 958 1083 Et premat immerito; fers graue lætus onus:
345 1082 883 1114 Egregiiq; operis miro ſuccenſus amore
378 1115 918 1148 Diuitias ſpernis, quas rude vulgus amat:
343 1147 944 1182 Er tibi quæris opes, quas non aboleuerit ætas,
152 1157 249 1191 I
377 1181 953 1214 Non Mars, non ignis, non rapidi vnda freti.
345 1212 906 1250 Quin potius frueris magno ſudore paratis:
336 1247 947 1283 Nam Sophiæ eſt hortis iam tibi parta quies.
345 1276 975 1325 Sis felix, noſtriq; memor: tua maxima virtus
1066 1320 1128 1346 No
