1175 1372
304 44 572 83 CAPILVPI.
83 98 598 139 Non vnquam noſtro defluet ex animo.
167 137 668 171 Ad Camilum Capilupum, fratr filium.
51 169 663 205 Cernere ſi poſſes Virtutem; cernis vt glen:
88 203 592 236 Illius, haud huius captus amore fores.
51 235 631 273 Nam nihil in terris Virtute eſt pulcrius ips;
51 269 611 305 Nil ipsâ immenſus dignius orbis habet.
50 303 662 341 Diuitias non illa cupit, quas expetit gle;
51 338 525 373 Sed nos diuino munere ſola beat.
50 367 698 408 Nam Superûm delapſa choris nos tollit ad aſtra,
94 404 577 438 Ducit & ad ſummi regna beata Iouis.
51 433 754 476 Sic Theſeus Virtute duce, & qui contudit Hydram
97 470 572 506 Atque alij, menſis accubuere Deûm.
51 503 731 542 Hucigitur, maleſane, tuum iam trans fer amore
100 537 652 576 O quanta eſt flammis dignior iſta tuisl
51 571 574 607 Illi gratus eris; non te formoior alter.
98 605 575 640 Formoſis Virtus pulcra fauere ſolet.
50 632 696 679 Huc aciem precor ingeni iam flecte, Camille;
102 672 633 706 Sic fas eſt homini poſſe videre Deam.
51 700 727 746 Ouam ſimu ac cernes, totus flagrabis amoret
99 741 590 783 Et dices, gle, mi modo cara vale.
321 776 441 806 Vita Senis.
51 801 715 843 Sit mihi quæ niteat domus, & qui floreat hort
102 841 601 875 Conditaq; ex ignis vina Falerna cadis.
51 865 678 914 Et dape non emptâ mecum contentus amicus,
102 906 629 936 Laudibus, extollat facta vetuſta ſenex.
51 938 813 979 Lumina non vnquam condat mihi ſomnus ad ignem
104 976 560 1007 Dum verſo patrij nobile vatis opus
51 1000 639 1043 Inq; ſinu ludens, teneris mihi colla lucertis
107 1043 649 1074 Implicet, ac libet paruulus ora nepos:
51 1067 678 1113 Detq; mihi requiemnocturnis lectulus horis:
106 1108 620 1142 Et volucris lætos Sole oriente modos.
50 1140 635 1175 Hinc fugiat morbus nulla ſanabilis arte:
108 1170 704 1207 Sit dolor hinc lateris; ſit quoque cura procul.
51 1201 756 1244 Nec mihi mens vnquam langueſcat conſcia recti
107 1239 597 1269 Viuat & æternum firmior alma fide.
777 1266 851 1294 tt
