1055 1337
491 25 791 60 HIPPOLYTI
251 29 295 58 sr
252 68 839 104 Si tot dona ſeni dederit mihi rector Olympi;
290 104 778 140 Optandæ magni non mihi regis opes.
452 139 799 170 Ad Gregorium TII. P. M.
255 169 851 205 ancte pater, qui luce Deûm perfuſus, in alto
291 205 808 239 Stas ſolio, & nitido Sol vt in axe, nites:
255 237 815 267 Non curru te dextra ſuo Fortuna, nec aura
290 271 875 306 Principis, aut hominum ſuſtulit vila manus:
257 304 898 335 Sed tua te virtus ad ſummum euexit honorem
290 339 793 373 Quiq; ſacro æthereas indicat igne vias.
256 371 970 405 Sic quoque vir iuſtus quondam, duce fretus eodem,
289 405 790 438 Eſt in flammiferis vectus ad aſtra rotis.
308 433 897 470 Ad Clæudiam Ragoniam, antea Olympiam
561 471 652 495 dictam.
258 501 891 538 Claudia, dum partu vix editalucis in auras
289 538 869 572 Sol velut exoriens, vndique clara nites,
254 571 933 606 Impoſitum merito fuit hoc tibi, Olympia, nomen;
287 605 928 642 Quod te nunc etiam candida Nympha decet.
252 639 872 673 In te namq; ſitum eſt, roſeoq; renidet ab ore
290 672 851 711 Quicquid perſpicui pulcer olympus habet.
255 706 847 739 Non iuperat candore tuum via lactea pectus,
289 740 836 774 Nec coma, quæ ſtellis addita, luce comas.
257 773 837 807 Quæq; roſis adſperſa genas it præuia Soli,
288 807 827 840 Nunquam viſa magis fronte nitere tua;
253 840 802 873 In quam translucet radianti Virginis aſtro
263 874 723 905 Purior, ecaſto pectore cana fides.
253 906 856 940 Nec Veneris par ſtella tuis micat aurea ocellis,
119 925 166 962 I
288 940 821 974 Nec qui flammiferis æthera luſtrat equis.
251 973 919 1008 Non iubar illa die, non hic fert noctis in vmbrâ:
279 1008 747 1041 Sed tu fers nobis nocte dieq; iubar.
251 1041 893 1073 Nec Diana, choros cùm cœlo argentea ducit,
285 1074 783 1108 Te magis incedit conſpicienda pede.
249 1107 921 1146 Et, quod acu depinxit, opus cum vicit Arachnem
285 1141 820 1174 Pallas, idem tenuitu quoque pingis acu:
252 1173 837 1204 Et reliquos Natura tibi dedit huius honores,
285 1207 823 1242 ueis inter magnas fulget honeſta Deas:
950 1242 1028 1285 Adie-
