1147 1327
255 12 532 40 CAPILVPI.
29 57 556 96 Adiecitq; decus, quo ſeſe Cypria iactat,
63 90 521 129 Valleq; in Idæâ iure ſuperba ſedet.
33 122 657 162 Quæ tecum in terris igitur contendat? Olympo
1 157 628 204 Si bona cuncta tuo pectore & ore micant?
191 194 508 224 Ad Lalium Arigonum.
1 221 601 265 Netibi ſit, Læli, mirum, cur noctis in vmbrâ
1 257 574 294 Corporis ex omni Claudia parte micet.
1 286 511 339 Illius ex oculis clare fax æmula Solis
69 323 590 363 Splendet, & e puro candida corde fides.
1 359 624 405 Quamq; ſuis illi manibus modo Pallas & arte
67 391 567 426 Texuit, in niueâ ſtat quoq; veſte nitor.
33 424 597 455 ic decus aſtrorum candenti lucida amictu
1 459 521 496 Enitidoiactat corpore Luna iubar.
210 493 546 522 Amorem arotantum ſeti.
1 520 620 563 Cur toties Lalagen crudelem dicis, Amynt?
68 560 553 597 Cur miſer adſiduis fletibus ora rigas?
1 581 746 632 Pone modum lacrimis iam tandempone quereli:
3 626 613 663 Non prece, non lacrimis ianua victa patet.
32 660 676 697 Victa patet gemmis, patet auri pondere victa:
64 685 724 730 Plus prece, plus lacrimis, dona in amore valent.
26 725 657 764 Pro prece da gemmas igitur, pro fletibus aurûm.
64 760 658 798 Hoc Danaes quondam eſt turris aperta Ioui.
267 800 429 824 AdAmicam.
1 822 646 861 Cum rides, mea vita, nitent ceu ſidera, ocelli,
55 863 595 899 Tinctaq; purpureo labra colore micant.
1 891 740 930 Cum mœſta illacrimas, lacrimis roſea ora renident
1 930 534 969 Rore velut ſpatſæ Sole oriente roſæ:
1 958 756 1009 Labenteſq; genis guttas Amor improbus haurit.
2 997 627 1034 Vt rorem è cœlo quicadit haurit apis.
1 1019 580 1072 æc Paris obſeruans iudex, incertior eſſet,
8 1064 550 1103 Tune fores riſu pulcrior, an lacrimis.
260 1104 399 1127 De Calae.
1 1119 631 1169 um formoſa Iyci unqut Galatea cubile,
1 1162 675 1196 Et venit in noſlrum ncte fauente ſinum,
1 1195 688 1242 Sit quamuis crineincultotamen aurea fulget
656 1226 861 1278 Et tene
914 1261 970 1294 .
948 1293 1013 1324 H
