1296 1393
716 58 1067 85 HIPPOLIT
503 102 1064 136 Et tenebras omnes fronte micante fugat.
472 136 1060 167 Non aliter thalamo ſurgens Aurora mariti
524 169 1029 204 Splendet, inornatis ſit licet illa comis.
724 205 880 236 Ad Pholotn.
474 234 1067 264 Cam libas, Pholoe, roſeis mea labra labellis,
521 269 1080 302 Tunc ibi mel fingens: dat tibi vulnus apis.
472 303 1091 336 Cingis odoratis quoties mea tempora ſertis,
519 337 1050 370 Me pungunt ſpinæ, qua latuere roſis.
474 371 1051 404 Lætus vbi in odum collectos arte capillos
464 404 1064 437 Adſpicio, heunoſco vincla parata mihi.
475 437 1080 469 Si te, dum vitreâ nudo pede ludis in vnda,
512 471 1022 504 Adm:ror, niueus pes mihi colla premit.
484 504 1117 537 Me placida argutis ſimul ac percurris ocellis,
516 537 1117 570 Inde meum in pectus lpicula torquet Amor.
481 569 1040 602 Sic miſer, & felix viuo: lic pocula ſemper
515 603 1039 641 Mellis, & abſynthi tincta cruore bibo.
735 639 898 669 I Tuyrum.
469 661 1133 702 Cur genere aut formâ ſemper te, Tityre, iactas?
501 703 1133 737 Non genus aut formam candida Phyllis amat.
473 737 1112 772 Phyllis amat gemmas, & tinctas murice veſtes:
514 771 1035 798 Huic ſi cara dabis munera, carus eris.
677 807 977 838 I Ceram puellam.
482 834 1126 871 Cera ſibi ſolet admotis liqueſcere flammis:
514 871 1003 904 Dureſcit flammis proxima Cera meis.
480 904 1062 937 Melicet adfixum Ceræ puer improbus vrat;
516 939 1024 972 Illa tamen pueri negligit vſque faces.
478 967 1160 1005 Nec lacrimis potis eſt noſtris moſlrier vnqua;
516 1005 994 1038 Sed potius miſero fit mihi dura ſilex.
732 1039 898 1074 DeHippolyta.
474 1072 1081 1105 Hppolytæ crines, digitique, & ſidera frontis.
515 1107 982 1140 Dant Veneris puero retia, tela, faces.
483 1139 1037 1173 His me deuinxit laqueis, has cuſpide fixit,
515 1172 1077 1204 Et noſtra his radiis corda peruſſit Amor.
491 1204 1138 1242 Solue mihi iam vincla. puer, nec tange ſagitt;
517 1238 980 1270 Eripe & ardenti viſcera noſtra foco.
1133 1273 1262 1301 Sat nodis
