1171 1367
260 4 536 33 C.APILVP.
19 51 563 89 Matnodis fuimus vincti; ſat vulnera paſſi;
19 85 642 125 Sat crepuit feruens pectore flamma meo.
257 120 434 144 Ad lateam.
18 151 610 186 Nox erat, atque inter fulgentia ſidera cœlo,
46 185 574 219 Ducebat tacitos candida Luna choros.
19 218 566 254 Tuq; Padi in ripâ roſeis comitata pnellis,
19 252 520 291 Saltabas niueo iure ſuperba pede.
18 284 632 324 Illa prius nunquam tam pulcro ſplenduit ore:
19 320 570 353 Nec tam formoſis tu mihi viſa genis.
19 347 725 387 Mi dubium eſt, propriumne daret tibi Luna nitore
19 387 501 420 An potius Lunæ tu Galatea dares.
232 422 455 444 Ad Pholoes oculos.
19 442 573 493 Ofortunati Pholoës ante omnia ocelli,
19 487 557 521 Si vobis voſmet cernere fata darent:
18 519 566 554 Sed me vos quoties luſtraſtis luce beatâ,
19 553 628 588 Quæ tenebras noſtris eiicit ex animis
19 582 535 621 Sidera ſideribus vidiſti cedere veſtris;
19 620 533 653 Et veſtris Phœbi lumina luminibus.
19 654 560 688 e vobis igitur certent cœli aurea ſigna,
19 688 582 724 Veſtra acies oculis fixa ſit vſque meis.
282 723 485 754 De Phyllide.
19 747 676 789 hyllida ſeruantem ſummo de monte capellas,
63 789 572 821 Orabat ſupplex nuper amator Acon.
19 821 697 864 Ille preces ſimul & lacrimas vbi fudit inanes,
19 856 473 890 Ex alto ſeſe vertioe præcipitat.
18 888 690 923 Et dum per vacuas in præceps voluitur auras,
19 923 570 956 Iam periturus, ait, laus in amore mori.
19 949 685 996 Quæ vox vt tetigit ſurdas non iam amplus aures
19 990 650 1024 Protinus heu ſaltumquâ puer ipſa dedit.
19 1023 641 1064 Atq; illum impauidâ ſic eſt quoq; voce ſecuta:
35 1057 638 1091 Quæ tibi mors laudeſt. nec mihi turpis erit.
271 1092 447 1117 Ad alateam.
18 1118 700 1156 ott reditum, Galatea tuum ſunt omnia tuta.
18 1156 582 1191 Et luſtrata nouo Iumine villa micat.
19 1186 664 1228 Non ouibus Iupus inſidias ſtruit amplius vllas,
702 1216 807 1263 Dum
