1171 1367
260 4 536 33 C.APILVP.
739 14 794 41 5
884 28 925 76 I
1 51 563 89 Matnodis fuimus vincti; ſat vulnera paſſi;
886 76 931 102 M
1 85 642 125 Sat crepuit feruens pectore flamma meo.
257 120 434 144 Ad lateam.
1 151 610 186 Nox erat, atque inter fulgentia ſidera cœlo,
46 185 574 219 Ducebat tacitos candida Luna choros.
1 218 566 254 Tuq; Padi in ripâ roſeis comitata pnellis,
1 252 520 291 Saltabas niueo iure ſuperba pede.
1 284 632 324 Illa prius nunquam tam pulcro ſplenduit ore:
1 320 570 353 Nec tam formoſis tu mihi viſa genis.
1 347 725 387 Mi dubium eſt, propriumne daret tibi Luna nitore
1 387 501 420 An potius Lunæ tu Galatea dares.
232 422 455 444 Ad Pholoes oculos.
1 442 573 496 Ofortunati Pholoës ante omnia ocelli,
1 487 557 521 Si vobis voſmet cernere fata darent:
1 510 566 554 Sed me vos quoties luſtraſtis luce beatâ,
1 553 628 588 Quæ tenebras noſtris eiicit ex animis
1 582 535 622 Sidera ſideribus vidiſti cedere veſtris;
1 620 533 653 Et veſtris Phœbi lumina luminibus.
891 619 927 647 It
1 653 560 688 e vobis igitur certent cœli aurea ſigna,
1 688 582 724 Veſtra acies oculis fixa ſit vſque meis.
282 723 485 754 De Phyllide.
1 747 676 789 hyllida ſeruantem ſummo de monte capellas,
63 789 572 821 Orabat ſupplex nuper amator Acon.
1 821 697 864 Ille preces ſimul & lacrimas vbi fudit inanes,
1 856 473 890 Ex alto ſeſe vertioe præcipitat.
1 888 690 923 Et dum per vacuas in præceps voluitur auras,
1 923 570 956 Iam periturus, ait, laus in amore mori.
1 949 685 997 Quæ vox vt tetigit ſurdas non iam amplus aures
3 990 650 1024 Protinus heu ſaltumquâ puer ipſa dedit.
3 1023 641 1064 Atq; illum impauidâ ſic eſt quoq; voce ſecuta:
35 1057 638 1091 Quæ tibi mors laudeſt. nec mihi turpis erit.
271 1092 447 1117 Ad alateam.
2 1118 700 1156 ott reditum, Galatea tuum ſunt omnia tuta.
2 1156 582 1191 Et luſtrata nouo Iumine villa micat.
1 1186 664 1228 Non ouibus Iupus inſidias ſtruit amplius vllas,
702 1216 807 1263 Dum
