1074 1340
486 17 784 44 HIPPOLITI
278 59 865 94 Dum procul a ſtabulis flumina nota petunt.
245 93 871 127 Non apibus ſtragem immitis molitur hirundo,
283 126 878 160 Cruta replent tenero dum ſibi & ora thymo.
246 160 833 192 Nec flores, velut antenegat lætiſſima tellus,
283 193 837 221 Serta ſuis manibus dum tibi nectit Amor.
246 226 789 261 Quæ tibi ſe in terris auſit conferre puella?
285 260 837 298 Si fera, ſi volucris, ſi tibi paret humus.
411 297 595 324 De eadem.
247 327 886 362 Turba puellarum dum ludit margine riui,
280 362 775 395 Qui trepidat dulci per mea rura ſono;
247 393 918 434 Impulit in nitidas Galatheam Cynthia lymphas,
282 428 753 460 Dulceq; ſubridens talia voce dedit:
246 458 918 498 Tu ſimilis Nymphæ inceſſu, tu fronte comiſque:
282 492 850 526 Te decet vt Nympham ludere fontis aquà.
244 525 805 560 Illa pedes atq; vda caput ,ſe protinus vnda
279 560 824 593 Extulit, & mirus fulſit ab ore nitor.
245 593 784 626 Sic madidis Aurora genise fluctibus exit,
278 627 797 667 Portat & humenti crine decora diem
508 664 629 686 De eadem.
245 693 870 729 Dum luget Galatea, Lycum miſerata iacentem,
286 729 865 763 Cui modo dente ferox diſcidit inguen aper;
246 761 694 796 Illius effuſi rutilant vt fila capilli
280 796 782 829 Aurea queis nobis retia nectit Amor.
242 827 841 864 Atq; genis decus adiungit qui defluit imber;
281 863 805 897 Non ſecus ac pulcris roſcida gutta roſis.
237 896 795 926 Sic fuſis formoſa comis te fleuit, Adoni,
276 930 781 968 Cypria, ſic vdis conſpicienda genis.
484 965 661 998 gles dctum.
230 989 810 1032 Eurydamas æno florenti deperit glen:
278 1031 860 1063 Et placidam gremio nocte ſilente fouet
242 1063 900 1098 Dumq; cupit dulces Veneris decerpere fructus
266 1096 724 1132 Et deſiderio fixa puella pari eſt;
244 1129 784 1164 Deficit infelix puer, horti limine primo,
280 1163 797 1199 Et iacet vt cuſtos languidus ante fores.
245 1195 954 1232 Tunc &gle irridens, miſer ah miſer, inquit, amatr
940 1233 1032 1268 Intæ
