1146 1350
280 8 562 35 CAPILPP.
75 54 614 91 Inter aquas ſitiens Tantalus alter eris.
277 90 452 122 Ad Llagen.
45 122 690 159 Cur Lalage, mea vita, meos contemnisamore?
89 155 587 192 Cur fugis e noſtro pulcra puella ſinu?
54 188 663 229 Ne fugias, ſint ſparſa licet mihi tempora canis;
89 223 584 259 Inq; tuo roſeus fulgeat ore color.
45 248 717 296 Adſpice, vt intextas deceant quoq; florecorollas,
75 290 585 326 Candida purpureis ilia mixta roſis.
267 326 435 358 AdLycorim.
45 357 674 391 thera Sol radiis percurrens, tempore eodem
70 391 655 419 Fert illi iubar, hunc deſerit in tenebris.
45 424 713 461 Tu quoque nos oculis percurrens, tempore eodem
86 458 591 487 Lucem aliis adfers, lucem aliis adimis.
44 491 647 526 Hinc ſe felicem dicit quem lumine luſtras,
87 523 671 562 Quem ſpolias, miris ſemiſerum eſſe modis.
45 559 514 594 Sol varios flores pratis elicit: atu
45 593 492 623 Diuinos ſenſus elicis ex animis.
45 626 594 663 Inter ſidereos vnus Sol enitet ignes:
86 658 607 695 Inter virgineos tu quoque ſola choros.
45 693 573 729 Ergo tibi & ſoli ſi par permiſſa poteſtas,
73 727 539 760 Sol alternobis, pulcra Lycoris, eris.
233 763 431 787 Ad Iuuenes.
45 794 540 824 Dum cana Iuuenes & Puellulæ coma
45 829 490 861 Abeſt, nec os ſenecta rugis exarat,
51 858 587 896 Dum prata vernant picta floribus nouis,
45 893 585 928 Nec flexaacanthicolla ponunt languidi;
45 928 531 961 Vn ite, & aureum recentibus caput
44 961 499 997 Honore veris implicate floſeulis,
45 993 541 1029 Herbis & vngue colligendis ſuauibus
45 1029 589 1060 Miſcete ſuauia. Hoc Iuuentas imperat
45 1060 609 1096 Et ver nouum. quid ergo vos moramini?
45 1094 615 1130 Fruſtra increpabitis moras, cùm vos decens
44 1128 497 1171 Color calorq; feruidus reliquerit.
254 1158 594 1196 Ad Hippol. Coſtam pictorem.
45 1188 662 1239 Quæ tibi, Coſta, feram pro tali dona tabellâ,
739 1225 836 1259 Qu
