1070 1336
465 21 769 61 HIPPOLRTI
243 40 285 64 c5t
143 44 177 79 I
284 75 772 112 Quæ mirè ſenſus oraq; uoſtraerefert?
251 110 862 144 Nam cum turparit faciem mih languida ruga.
288 144 742 176 Et ſpacget canis alba ſenecta caput;
254 178 879 211 Tunc etiam tenerâ per te lanugine mentum
290 211 813 245 Signabit primo flore luuenta mihi.
255 244 977 277 Cumque in perpetuam mors iam mea lumina noctem
291 277 793 310 Clauſerit, inuitâ morte ſupeſtes ero.
258 311 880 345 Sic vtinam celebrata meo tua carmine virtus
292 345 832 384 Viuat ab extincto clarior vſque rogo.
486 385 671 414 Ad Galateam.
257 427 836 459 Huc ades Galatea precor, mea rura reuiſe:
292 461 806 493 Huc cita formoſo, lux mea, curre pede.
259 493 847 527 Tu quoties noſtros ſpatiaris læta per agros,
294 527 787 559 Rore viget, vario flore renidet humus.
260 561 846 594 Nunc irata meos quoniam tu deſpicis agros,
293 595 797 628 Rore caret, nullo flore niteſcit humus?
261 628 866 662 Nuda genu fontis tremula cum ludis in vndâ,
296 663 878 697 Dat ſaliens dulcem lympha per arua ſonum.
263 696 886 728 Nunc quia te fontis vitreâ non abluis vnda,
294 729 848 763 Non reſonat fugiens per vada riuus aquis.
262 762 823 796 Nec tibi quæ læta certabant voce volucres,
294 796 864 829 Dant vllos liquido gutture, vt ante, modos.
262 828 813 861 Et modo quæ ſiluis ſpirabat molliter aura,
295 862 903 893 Siluarum vmbriferas non mouet vlla comas.
262 893 867 927 Te ſine cuncta ſilent, ſine te ſunt omnia muta,
299 927 801 955 Et noſtri nullus te ſine ruris honos.
260 961 864 994 At, mea vita, iterum placidâ ſi fronte redibis,
297 994 749 1021 Et mea luſtrabis Iumine rura tuo:
257 1026 872 1061 Spirabunt tenues auræ, telluſque virebit,
293 1059 809 1095 Fons ſaliet, pictæ dulce querentur aues.
521 1106 666 1128 Ad eandem.
67 1120 172 1142 I
264 1139 872 1179 Iicta redis tandem bland. s, mea vita, quereliss
297 1172 761 1207 Aduentu exultat viilula noſtra tuo.
260 1203 878 1244 Teredeunte ſimui edeunt decora omnia ris,
893 1248 1035 1285 tm
