1156 1324
334 24 629 61 CAPILVPI.
131 78 673 104 Et ſimul omiſſus iâm redit omnis honos.
95 112 753 145 Huc magno Ioue digna veni: noo vlla per herbas
131 146 655 177 Tam nitido incedens ore pueila micat.
96 180 758 213 Te ſocus atque vnà Charites comitantur euntem,
129 213 654 244 Et rurilam Veneris fert puer ante facem.
94 246 732 281 Non eſt iam celebri Nympharum ciucta corona,
127 281 648 313 Cum fciles agitat pulcra Diana cſio:os.
92 313 652 346 Adſurgi tibi iam paſſim viridi iima ſilua,
127 347 580 382 Et præter ſoiitum purio vnda ſaſit.
91 380 644 413 Iam veri reditulq; tui præ nuncia mulcet
128 414 702 448 .thera, & aureolis ſe i mplicat aura comis.
93 448 662 481 ndique iucundo ridens tibi ſiagrat odore,
128 482 549 515 Et vario tellus picta colore nitet.
92 515 785 548 Namque pedem quocumq; moues, & lumina flectis
126 548 595 581 Sternit odorato ver tibi flore ſolum.
90 581 662 616 Oſtentanſq; bonis veſtitos frugibus agros.
122 615 578 649 Flaua tibi nectit ſpicea ſerra Ceres.
90 650 701 683 Mitia & Autumnus plenis fert poma caniſtris,
112 684 609 716 Promittens plenis dulcia vina cadis.
76 716 698 750 Solafugit deformis hiems adoperta tenebris;
123 750 595 782 Nec potis eſt vûltus lumina ferre tui.
89 784 743 818 At volucres circumuolitant mea rura frequentes,
123 818 673 850 Nec querulos edunt, vt prius, ore modos:
89 850 664 883 Sed læios dant voce ſonos, tolluntq; canoro
124 884 621 917 Certatim laudes gutture ad aſtra tuas.
87 917 645 951 Et tibi balat ous diſtentis lucida mammis,
123 950 646 984 Et tibi plena thymo dulce ſuſurrat apis.
86 985 677 1018 Te Dryades Satyriq; ſimul Fauniq; ſalutaut.
123 1018 699 1049 Te Deus Arcadiæ, te nemus omne canit.
89 1050 546 1084 O te felicem, largo cui copia cornu
119 1083 721 1117 Fundit opes, proprium dat Venus alma decus.
87 1116 628 1150 Iupiter haud vlli tribuit tot dona puellæ;
123 1149 580 1182 Tot bona non vlli fata dedere viro.
86 1182 595 1215 Solus ego in terris ſum te felicior ipsa,
116 1215 646 1256 Cum placidam foueo te, Galatea, ſinu.
760 1241 879 1293 A
