1082 1356
471 30 791 61 HIPPOLT
522 75 675 98 Ad eandem.
262 105 848 140 Cur viridi Galatea nimis confiſa iuuentæ
295 140 829 174 Auersâ noſtros deſpicis aure preces?
246 174 877 209 Spes longas reſecare breuis nos edocet annust
299 207 843 241 Vtq; repente cadat, quod nitet ore, decus
244 240 814 274 Ecce breui tellus floreſcit Vere, necÆſtas
297 274 786 308 Falce diu ſegetes læta per arua metit.
261 308 899 341 Nec caput Autumnus moxlongior impedit vuis,
297 341 822 373 Pomaq; frondiferis detrahit arboribus.
261 375 958 411 Hunc ſequitur glacialis Hiems adoperta prunis.
297 407 817 441 Pigra gelu, hirſutas & niue ana comas:
263 440 785 471 Sic iam ſubrepet canos hirſuta ſenectus
299 473 756 508 Deformis, rugis horrida, victa ſitu.
242 506 934 543 Et quam nunc iuuenes optant puerique ſeneſqu
298 540 748 573 Non vlli fueris iam cupienda viro.
261 573 806 609 Ergo iucundi dum dorida temporis ætas
297 607 835 642 Ver agit, inque tuis ſtat Venus ipſa genis,
261 641 835 669 Vtere. vt aſſidue flumen.ſic labitur annus:
292 675 805 711 Vnda nec vlla redit lapſa, nec vlla dies.
493 711 684 742 De Galates.
244 742 880 778 Sidereas agitat choreas cum Phœbus Olympo.
295 775 788 810 Inuehitur roſeis conſpiciendus equis
261 808 888 844 Vitgineos Galatea choros dum ducit in agris,
297 842 763 876 Aureolo incedit conſpicienda pede.
244 874 849 909 Sunt Phœbomtonſi crines &læta iuuentus.
293 909 816 942 Et clarus propriâ luce nitente micati
238 941 881 978 Candida collæ tegit oſtræ coma longa puellæ,
291 975 782 1010 Purpereàq; nitent ore micante, genæ.
241 1007 758 1042 Inter ſe ſimiles ambomirabile viſu.
291 1042 772 1075 Lac ipſum lacti non magis eſt ſimile.
259 1075 861 1113 Sunt quoq; diimiles ambo mirabile dictu.
291 1108 796 1142 Lux ipſa eſt Nocti non mage diſſimilis.
242 1140 843 1176 Ille iubar gratumq; diem mortalibus adfert:
292 1174 909 1206 Hæc mihi fert tenebtas, hæc mihi fert lacrimæ.
241 1205 765 1237 Ex Erebo manes imos ille elicit herbis:
975 1252 1042 1279 Me
