1159 1374
314 23 604 61 ctILVPI.
798 31 861 53 6t
101 65 627 100 Meviuum ad manes hæc oculis adigit.
3 99 649 133 Tu me, non aliâ mens eſt ſanabilis arte.
101 133 626 167 Adſpice, & è tantis eripe, Phœbe, malis.
1 160 724 201 Quid ſit amor non te latet, & tibi gramina nota
87 200 622 234 Queis animi morbos pellere ſæpe ſoles.
1 234 668 270 Sic iam non certet tecum plaudente choreâ:
1 267 572 304 Sic cedat adiis, ſic Calatea comis.
288 303 482 326 Adialateam
1 319 610 368 Sol veluti, Galatea, tui dant lumen ocelli,
93 368 661 402 Vnde, Puer promit ſpiculæ, & vnde faces.
33 402 614 435 Cumq auro nitidi certant fulgore capilli,
94 434 553 467 Dulcia qui collo vincla fuere meo,
59 467 620 501 Purpureiſq; roſismon cedunt bella labella;
59 500 601 534 Quæ mih diuino nectaretinxit Amor,
1 533 645 575 Lacteolæq; niuem ſuperantcandore papillæ,
94 568 592 602 Quæ me iam pridem ſurripuere mihi.
1 589 699 636 Sipoſſent animi noſtro quoq; carmine ſenſus
90 635 588 669 Dicier, his faciles quos tribuere Dei;
1 668 646 699 Pace, Tibulle, tuâ, non tu me notior eſſes;
1 699 602 737 Nec tua flamma meo clarior igne foret.
278 738 558 770 Ad Veppas Gonagam.
1 769 596 803 Dum leni regis imperio, frenoq; coërces
1 802 526 837 Credita virtuti regna beata tuæ;
1 834 577 871 Et vigil egregio te tollis ad aſtra labore,
24 871 592 904 Cui rex Heſperiæ præmia digna parat:
1 901 640 941 Eſt mlhi dulce ſenivitam traducere in vrbe,
82 935 669 971 Pax vbi & alma fides, iuſque in honore viget.
1 955 637 1005 Meq; iuuat grauibus ſecluſis pectore curis,
82 1004 663 1034 Fortun inſtabilem cernere mente rotam:
1 1024 653 1070 Et metiri oculis Regum tecta alta potentum
82 1070 584 1104 Diruta, quæ potuit ſoluere longa dies.
12 1102 640 1137 Ecce iacent æquata ſolo Capitolia & Arces,
19 1137 615 1170 Quæ terris priſco tempore iura dabant.
1 1170 642 1205 Ecce Arcus Phrygiis nixi cecidere columnis,
77 1203 618 1238 Sæpe triumphantes quos ſubiere Duces.
714 1232 826 1268 Et perit
454 1240 540 1267 Tt
