1082 1347
413 22 727 58 HIPPOLYTI
232 30 336 52 c2
232 68 776 102 Et periit tandem Romana potentia bello
173 74 205 112 I
268 102 866 135 Cognita, qua volucres Sol agit almus equos.
233 135 825 163 Et forlan ruet immenſi cras machina iundi,
267 168 806 203 Quæ iam iam flammis ſorſitan vſta cadet
236 202 872 234 Omnia fert ſecum fugiens opera inclyta tempus,
266 236 815 269 Et nos poſt cineres mois fa cit æqua pares.
233 269 881 301 Cum domino ſeruus tumulo, cum diuite panper
266 302 793 335 Et puer, & iuuenis cum ſene miftus erit.
237 336 802 368 Sic permiſta ſolent ex arbore dulcia acerbis
264 369 748 402 Decuterc inſano flamine poma Noti.
232 402 920 437 Sic quoque falce nouos flores per prata colonus
266 435 804 468 Et qui iam ponunt languida colla, ſecat.
229 468 767 501 Vno etiam feriunt ictu turreſq; ſuperbas,
261 500 824 534 Agreſtumq; humiles fulmina dira caſas.
230 536 965 569 Quis, Gonzaga iuuant igitur nos ſceptra? quid aurum?
240 569 878 604 Quidve peregrinæ, quas dedit Indus, opes?
229 601 917 641 Quidve rotæ auratæ proſunt? quid eburneus axis?
249 636 751 672 Qui ſpolia ingenti parta labore vehit.
227 671 811 704 Quidve coronatis percurrere puppibus altas,
258 704 836 737 Sanguine quas victus tinxerat hoſtis, aquas?
227 738 814 766 Cum victore ſimul victus rate vectus eadem
259 770 757 805 Poſt obitum ſtabit Iudicis ante pedes.
224 805 815 838 Hæc exempla docent nos alta ſpernere vultu.
262 837 876 870 Quod mate, quod tellus continet ampla fin:
223 871 801 906 Et toto colere ex animo, qui munera nobis
256 905 707 943 Aurea cœleſti miſſus ab arce tulit.
404 941 775 973 In ſotem ad pontem Clium.
224 972 836 1010 Vt Lupus in Martis campo, manſuetior agno,
242 1004 816 1038 Vitgineas populo fauce miniſtrat aquas:
224 1038 877 1075 Sie quoque perſpicuam cui virgo præſidet vndam.
252 1071 722 1098 Mitior lic hædo fundit ab ore Leo.
98 1082 179 1099 1MI
222 1103 832 1139 Nec irum; Draco qui toti pius imperat orbi,
97 1100 177 1125 l
88 1122 178 1149 A
253 1138 798 1172 Exemplo placidos reddit vtroſque ſuo.
431 1175 639 1197 Ad S. Innocentes.
82 1185 181 1249 I
218 1198 781 1239 Vos licet, Pueri, ſternat gens effera ferro,
873 1242 993 1276 Vt Iupus
