1147 1325
229 7 548 36 CAPILVPI.
21 41 575 81 tlupus imbelles dentibus acer oues;
21 79 735 119 eſtra tamen cœlo fulgent propris ora cruore
75 115 512 148 Vda velut pratis lilia rore nitent.
43 149 561 181 Felices Animælucem vos additis aſtris;
20 181 746 215 Non ſecus atque auro, ſplendida gemma decus.
290 214 533 247 In SLauretium.
20 236 779 289 Dum mentem atque oculos Laurentius æthera in altum
67 283 689 316 Tollit, & heu flammis membra cremantur, ait.
21 304 737 356 Quid me flamma voras? ſine ſenſu paſceris artus:
21 350 635 386 Iampridem ætorni me Patris vſſit amor.
101 520 693 554 Ad Margaretam Paleologam, Mantuæ ducem.
25 572 744 647 ViO S maris in morem cernis ſe attollere fluctus,
134 611 696 647 Tam placidi ſedem quis putet eſſe Dei?
36 646 628 680 Mincius hic ille eſt, placidis qui leniter vndis
37 679 540 713 Splendidior vitro prata rigare ſolet.
37 711 698 752 Nunc præter ſolitum, quia te in ſua regna recepit.
37 747 587 785 Perſtrepit, & tantis iure ſuperbit aquis.
283 785 451 816 Ad Deum.
36 810 610 854 Salue rerum opifex, ſalue hominum ſalus,
41 856 590 889 Qui cœlum tonitru, qui pelagus cies
36 889 370 921 Nutu ſedibus imis;
146 915 569 954 Et mulces tumidum vt libet.
37 943 558 988 Ad te confugio conſilio indigens,
37 985 532 1023 Imploroque tuam ſuppliciter fidem,
78 1023 426 1055 Vt vincam mure, iuſfu
148 1051 509 1088 Quod curro pauidus tuo
37 1087 569 1122 En me monſtra petunt æquoris horrida
37 1121 630 1160 Noctes atque dies, quo ingluuiem expleant;
37 1154 386 1188 n quanto miſer æſtu,
153 1187 491 1222 Quantis uctibus obruor.
