1108 1332
445 2 845 28 IVLIICAPILVPI.
291 47 550 76 Seu Nox aurea, ſi tu
376 81 651 115 Mauis Cypria dicier.
262 115 749 148 alue, & compoſito cum repeto meæ
261 149 697 182 Dilectæ Pholoes dulcia, me tegas
298 182 582 215 Circumfuſa tenebris,
362 214 732 249 Emenſumque iteres polum.
256 249 678 278 At ſi blanditiis credula, nec ſibi
263 282 813 313 Conſtans, me Pholoe excludet, & alterum
295 317 556 349 Admittet potiorem
376 350 703 384 Ingrata acceleres fugam.
391 440 936 477 IVLIICAY
475 513 766 546 Ad Inncenter Martyres.
257 550 928 608 Mfruſtra, O Pueri, tentant vos perdere ferro
323 583 807 618 Ematrum raptos impia turba ſinu;
268 618 948 652 Omnipotens ſummo adſpiciens vos rector Olymp,
299 652 829 685 Pro Nato immeritâ morte perire ſuo:
253 686 840 719 Ixcipiens gremio cœleſti in ſede locauit;
253 719 743 752 Et dedit æterno lumine poſſe frui.
266 752 914 785 Sanguine nunc tincti in cœlo ſplendetis;vt horto
300 786 797 819 Candida puniceo mala colore rubent.
515 822 678 852 De S.Agnete.
260 852 876 888 In cœlum adtollens oculos interrita virgo,
299 886 782 919 Arſura in mediis dum iacet illa focis:
265 919 804 952 Vos, ait, ardentes à me diſcedite flammæ,
302 952 810 985 Omnia ſunt penitus corporis vſta mei:
248 985 921 1021 j Nam Patris æterni flagrans ego propter amorem
249 1057 946 1117 uaee-
294 1020 825 1052 Sunt mea iampridem viſcera facta cinis.
524 1053 655 1087 De Thyſo.
249 1115 774 1146 Effundit triſtes in fluuium lacrimas;
249 1145 777 1184 Dilectæ mærens Galateæ funera, nuper
300 1182 818 1227 Abſtualerat miſero quam ſibi nigra dies:
989 1212 1072 1251 Ite
