1151 1362
114 15 637 48 IVLIICAPILVPI.
1 59 603 102 Ite, it, O lacrimæ rapido cum flumine, & alto
47 94 557 132 Vos noſtram pelago mergite triftitiam.
276 133 438 163 De Tyro.
15 158 617 202 Florida paſcentes dum tohdent prata iuuenci,
8 194 580 235 Eridanus liquidis quà fluit amnis aquis;
1 227 642 272 Tityrus hos ſeruat ſummo de margine ripæ,
1 262 512 303 Et caræ Nemeſis triſtia fata gemit.
1 294 621 344 Dum pronus fluuium ſpectat, dumq; illius ore
1 331 541 372 In rapidas ſalſus labitur humor aquas:
1 354 666 401 Ite ait o laerymæ pelagi cum flumine ad vndas
1 395 532 444 Maioremque illis addite amaritem.
260 434 454 464 De altero Tityro.
1 461 605 508 Tityrus extremo recubans in marmore ripæ,
1 496 554 541 Quam taciti Minci leniter vnda fugit;
1 532 516 572 Immatura ſuæ deflebat fata Neæræ
1 564 647 606 Effundens lacrimas pronus in amnis aquas;
1 594 724 644 Ctm potum ad flunium vaccis venientibus vltro
1 632 502 673 Hæc dixit triſti triſtia verba ſono:
1 657 771 707 Vos procul hinc fugite, atque alias iam quærite lymphas,
11 697 631 740 Quæ poſſint veſtro pellere ab ore ſitim.
1 728 648 780 Namque meis adeo eſt lacrimis infectus amaris
1 765 568 813 Mincius, vt iam ſit dulcior vnda freti.
235 801 495 838 Ad Corneliam.
1 830 627 874 Deſine, lux meamunc gelido percuſſa timore,
1 866 630 906 Perque ſinus lacrimas fundere perq; genas:
6 898 623 939 Deſine, & iniuſtas diffundere mœſta querelas;
1 931 624 975 Namq; hæc ſunt miſero ſpicula dura mihi.
1 964 648 1012 Ante ſuos retro flectent vaga flumina curſus,
2 1003 534 1039 Deſtituetque ſuas Cynthius ire vias,
1 1024 648 1077 Quàm tua de noſtris ſecedat flamma medullis,
62 1069 507 1101 Et vertat ſenſus altera cura meos
23 1097 634 1135 Tu mihi dulcis amor, tu ſpes mea ſola, puellas
61 1135 546 1171 Imter formoſas tu mihi ſola places:
22 1166 578 1207 Tu requies nunc ſola meæ Cotnelia, vitæ:
1 1199 551 1250 Dulce mihiper te viuere, dulce mori.
666 1223 845 1256 De Ag-
