1069 1335
423 31 866 70 IVLIICAPILVP.
243 41 305 64 65t
516 78 670 108 De Amynta.
245 107 932 141 Iamdudum ardebat Nemeſim formoſus Amyntas,
281 142 816 177 Abdere nec poterat iam miſer ipſe faces.
247 176 801 207 Euenit vt tandem illi ſe tulit obuia virgo,
280 209 814 243 Dum redit ad patrios incomitata Iares:
247 241 847 280 Quam ſubitò vt vidit; parit er ſeſe obtulit illi,
284 276 749 312 Voceque ſubmiſsâ talia verba dedit:
248 308 808 341 O multum dilecta mihi formoſa puella,
283 344 761 378 Sum neſcis dudum captus amore tui.
245 377 859 411 Talia ſed Nemeſis non ſueta audire, colore
281 411 717 443 Inſecit roſeo virginea ora pudor.
245 442 899 478 Purpuream dominæ faciem cùm vidit Amyntas,
281 475 743 510 Extemplb clauſo deſtitit ore loqui.
246 506 837 545 Non ſatis Actæoni olim vox faucibus hæſit,
254 542 799 580 Cum vidit nudam ludere fonte Deam.
506 575 652 612 DeThyrſo.
247 608 960 646 Lanigeras dum ſeruat oues prope flumina Minci,
281 643 796 677 Hæc caræ Nemeſi Thyrſis amator ait;
247 676 906 713 Non miror quod Sol ſpoliet vaga ſidera luce;
282 711 810 747 Nam cedunt magns lumina luminibus:
247 741 865 781 Sed quod noſtra modo ſpoliaſti pectora ſenſu
281 779 770 809 Miror, vbi roſeus fulſitab ore nitor.
132 802 765 848 Si tam rara tuo virtus infuſa nitori et,
160 845 763 883 Ergo tuis cedat pulcer Apollo genis.
454 880 757 914 De ypariso & Galateâ.
116 910 858 967 Dum pulciis Galatea ſuis micat aurea ocellis,
281 945 803 981 Purpureisque genis; hæc Cypariſſus ait:
170 979 806 1013 Sola puellarum digna es cui Cypria dicat,
89 1004 173 1045 ſ
281 1013 757 1046 Me ſuperas oculis, me Galatea genis.
76 1043 830 1099 Hæc contra Galatea:ſuos Cypariſſus amores
280 1079 835 1110 Dum canit, & doctâ dum ſonat arte lyram
245 1112 813 1146 Tu ſolus vatum es dignus cui dicat Apollo,
279 1145 758 1180 Me ſuperas cantu, me Cypariſſe lyra.
450 1181 709 1212 De Claudiâ Rangouiâ.
169 1201 927 1248 Dum Tiberis formoſa ſedet prope Claudia ripa,
900 1246 1033 1273 Et mi-
