1127 1370
212 37 627 77 IVLII CAPILVPI.
68 77 626 116 Et micat illa oculis, & micat illa genis;
42 114 639 150 Naſcuntur paſſim violæ, mollesq; hyacinthi,
94 148 670 183 Sit quamuis rigido terra adoperta gelu.
43 180 634 221 Sic ait, admirans hæc cum vidiſſet Amyntas:
81 215 555 243 Claudia Sol nobis clarior alter erit.
283 264 435 288 Ad Deliam.
43 292 704 330 Cum Luna exoriens radiis micat æthere ab alto,
43 330 535 365 Eterris vmbris luce nitente fugat:
43 362 616 399 Sic facie, ſpeculâ cum fulges Delia ab altâ,
90 397 633 431 Ex animo tenebrasfrote micante fugas.
42 429 686 462 Nocturnos cim Luna choros argentea Olympo
43 463 540 498 Ducit, ſideribus clarior ore micat.
43 496 730 538 Se quoque tu, choreas agitas vbi candida in vrbe
90 532 564 564 Delia, virginibus pulcrior ore nites.
43 556 741 603 oc igitur merito impoſitum eſt tibi Delia nomen.
64 599 614 634 Namq; tuo illius ſplendet in ore decus.
298 646 474 670 Ad eandem.
43 676 652 713 Formoſas ſuperet quamus Galatea puellas,
88 711 683 746 Hanc tua ſola tamen vincere forma poteſt.
42 746 645 778 Nam facie aut oculis, vel ſi ceptare capillis
91 780 553 814 Audebit tecum, protinus illa cadet.
43 804 790 847 Sic audax quondam periit dum vincere Arachne
89 847 589 879 Diuinum fruſtra. Palladis audet opus.
216 888 538 922 Epitapbium pnuperis ſenis.
42 915 736 962 Pauper eram; mihi parua domus, mihi vilis agellus,
93 955 589 989 Et tenui in mens paruaſalina mihi.
55 987 734 1021 Non ſtomacho capitive me dolor obfuit vnquam.
93 1021 615 1054 Nec ſecuit vetulos tarda podagra pedes.
55 1057 623 1089 Nec mea ſollicitæ vexarunt tempora curæ;
42 1090 594 1121 Nec timui parco mixta venena mero.
43 1121 518 1156 Sic vixi & perii; Cræſo felicior ipſo:
93 1151 643 1189 Namque deeſſe nihil, nec ſupereſſe dolet.
43 1186 635 1219 Vt fuit ad victum iam viuo terra;ſepulto
72 1216 706 1259 Sic erit ad tumulum nune mihi parua ſatis.
752 1247 837 1284 Hpl
