1064 1354
434 52 986 87 oANTONIICARACCIOLI.
484 98 749 130 Epitaph. Card. Farnei.
275 129 874 164 Qualis in æthereo collucet Phiœbus Olympo,
308 164 845 196 Dum ve hitut roſeis conſpiciendus equis:
271 198 887 230 Talis Alexandri ſplendent facta inclyta terris,
307 231 845 265 Dum Famæ incedit conſpiciendus equo.
480 377 895 417 NEAPOLITANL
552 433 748 465 Ad Lſſratum.
269 472 901 535 M Fabio de te refero, Lyſiſtrate,quot ſint
328 509 878 543 V Quæ nullo ſcribis carmina iudicio.
273 543 864 580 Scribat, aitnam diſpeream ſi iuſtior vlla eſt
303 575 951 615 Pœnâ hac, a magis quam precet huic Superis.
332 669 983 722 IOANNIS RGÆ.
442 743 878 779 De cæleſtius, non de humanis opibus.
580 779 723 810 cogitandum.
271 895 715 929 Si diues ille ſplendide ſuperfluens
268 924 885 965 Torquetur igne infernoregensque Lararus
267 965 869 1000 Accumbit in ſinu Abrahæ? hinc o hinc procul
267 998 697 1030 Abite vana mentis ægræ lomnia,
268 1030 751 1064 Et quotquot eſtis exeeratæ imagines,
269 1065 826 1098 Quæ me retentum fraude blanda luditis
269 1098 751 1129 At vos profuſa lacrymarum flumina
268 1130 728 1162 E fonte cordis intimo prorumpite:
267 1162 851 1196 Reſtinguite hanc habendi inexpletam ſitim,
265 1194 817 1230 ſtusque mentis, ſenluumque incendia,
260 1227 821 1271 Flammasque daces, & nefandos fomites.
975 1271 1052 1305 us:
