1150 1381
216 68 639 107 IOANNIS CARGÆ
892 57 928 86 I
807 75 849 103 6y
1 109 627 145 Quos vſquequaque dirus orcus ſuggerit.
69 144 534 176 Vt nos profunda deuoret voragine,
70 176 541 210 Et tætri adurat igne ſacro ſulphuris,
66 211 506 244 Et luce & omni mancipet ſolatio.
1 245 506 276 Me pœnitere, me dolere, me mea
1 276 629 306 Delicta flere, IESVCHRITE metuum
64 312 544 345 uuet tribunal cogitare, & vindicem
1 336 618 379 Pœnam timere:vt quando iudex veneris,
1 376 514 411 Me pro tua clementia ſalus mea
58 413 518 446 Voces, vbi beata cœlitum agmina
70 446 536 480 Eui fruuntur ſempiterni munere,
68 480 542 513 Tuique gaudent numinis præſentia.
1 507 646 548 Cui namq; acerbus fletus, aut grauis dolor,
69 547 478 578 Aut dura poſſit eſſe pænitentia,
20 579 539 615 Qui te ſequi, te amare, te frui velit?
69 609 638 649 Quod ſi tu imago & ſplendor æterni Patris
1 649 481 681 Mortale corpus induis, ſi te neci
67 682 597 717 Volens libensque tradis, ut me ab impia
59 715 470 749 Sæui tyranni ſeruitute liberes,
65 749 576 781 Cœloque dones & beatorum choris:.
54 783 555 817 Ego huius in me caritatis immemor,
1 807 528 852 Et propriæ ſalutis æque negligens
67 848 603 886 Adhuc recuſem extrema quæque perpeti
65 882 548 916 Pro conſequenda æternitatis gloria?
296 919 522 951 Ad anmum ſuum.
6 947 589 985 Quid proterua mens in horas ſingulas
66 984 582 1018 Magis magisque me mihi ipſi ſubripis?
68 1017 597 1052 Quid cogitas? quid expetis? quid deſipis?
69 1049 518 1085 Nec te miſella colligis? nec reſpicis
65 1082 570 1117 Finem ſceleſta? nec ſaluti conſulis?
66 1117 549 1151 Et pro te in alto ſtipite ipſe conditor
74 1149 561 1184 Terræ polique pendet, & large ſuum
66 1182 614 1217 Fundit cruorem, & morte languet, vt tuas
60 1215 549 1249 Labes lauet, tibique vitam conferat?
104 1250 762 1296 O Clls lm inuocure t riccte
749 1289 1043 1342 Tuse e,
