1069 1341
493 15 777 43 IOANNIS
259 62 727 96 Tu me labantem pro tua clementia
260 96 689 131 Pro ſingulari caritate ſuſtine,
260 128 741 163 Maloque ab omni libera:nec reſpice
260 162 791 196 Quod victus hoſti fraudulento ceſſerim.
261 196 756 231 Et enſuum procacitati indulſerim,
258 230 795 265 Mundique blandimenta magni fecerim.
257 265 739 298 Peccauiiniquitatem amaui: turpiter
258 297 701 331 Vixi:ſitiui opes, honores, gloriam:
258 332 701 365 Et cogitaui, & dixi, & egi plurima
257 364 674 398 Tibi tuis que legibus contraria:
256 398 816 431 Nunc omnium me pœnitet, nunc lacryms
256 430 691 459 Ductis ab imo corde, conſcientia
257 464 722 498 Lauare geſtit hæc nefanda crimina.
257 498 701 523 Et ſiue lux reducit aureum diem.
258 531 765 566 Seu nox quieti feſſa mandat corpora,
258 566 723 600 Opem tuam ſuſpiratilla & gratiam.
280 599 813 633 Ergo redemptor vnice audi ſupplicem,
255 634 746 668 Audi benignusl, & benignus annue
255 667 696 701 Me ſic tui flagrare amoris ignibus
256 701 671 734 Me ſic crucis myſteriis inſiſtere,
255 734 728 768 Vt te ſequutus clara ſuper ſidera
255 768 661 802 Fælicitate ſempiterna perfruar.
411 805 668 828 In maum Dæmonem.
254 835 777 870 Quid me tenebris circuis nigrantibus.
254 871 654 895 Et imminenti cæcitateterritas
253 902 662 932 Inuiſa cœlo, inuiſa terris belua?
255 937 834 967 Credis ne tantum me his ocellis fideret
251 970 734 1004 Legesve formidare naſcenti datas?
256 1004 754 1038 Nec ſcire iam quò ſubtrahar periculis?
255 1038 801 1070 Nitorque quantus his ab vmbris emicet?
277 1070 776 1104 Eſt vna lux, quæ nec reſurgit, nec cadit
254 1102 835 1136 Vnquam, nec vllo tempore vnquam deficite
255 1135 782 1169 Quæ pulcra cœlo ſidera, & ſolem vagum
256 1169 723 1202 Candoris igne accendit admirabili:
236 1199 732 1241 Q te ſcclus dettuſut alto ab æthere
915 1237 1067 1276 Isqus
