1129 1353
318 15 543 41 C ARG.
793 19 840 46 ;
1 58 535 100 Imiſque merſit luridæ Stygis vadis.
92 93 578 125 Hæc vna lux metam nitenti lampade
1 127 595 161 Splendoris intus nutrit atque illuminat,
59 160 674 194 Vt nil profundæ noctis horreſcam minas,
1 194 720 236 Sed nec quot vmbras, nec quot vnquam imagines
1 228 556 261 Grex omnis Orci vi furente percitus
1 262 465 298 Caliginoſis expulit fornacibus,
1 294 592 333 Cum tanta belli, & peſtis; & famis mala
1 329 493 356 Mottalibus formidoloſis intuhit,
29 363 550 398 Metuque diro ignaua corda perculit.
41 396 618 429 Quare nefande obcæca, adure, exulcera:
1 430 644 472 Et vulneratum hoc omne corpus vt libet
1 464 533 495 Et cæcitate, & ferro, & igne diſtrahe,
1 487 682 531 Et in me Auerni effunde totum carcerem:
1 530 538 564 Nihil mouebor, viuida ſpe gratiæ
1 563 553 598 Diuinæ, & almi fultus aura numinis.
31 599 532 632 At dator victoriæ atque præmii
1 631 463 666 enigne Ieſu me tua iuues ope
1 659 604 701 Certamen hoc certantem:inexpugnabii
1 698 555 733 Vt hoſte victo, & his fugatis nubibus,
1 733 595 766 Tandem illa ducas montis in cacumina,
1 760 466 799 Illisque ſiſtas in beatis ſedibus,
1 797 597 835 Quibus nec vlla nox, nec horror ingruit,
1 833 528 869 Ged & perennis lux,perennis gloria
1 864 466 907 Tui perennis & videndi copia.
221 903 474 938 Senex reſipiſc,.
55 926 450 968 Hei mihi miſero, hei ini.
1 963 447 1008 Tompus quam cito præteritl
3 1003 457 1040 Homo quàm cito d cit:
49 1036 456 1072 Et mors quàm o criminum
88 1070 374 1111 Pœnas exi it omnesl
1 1092 422 1146 Magnas qui benefecerint
1 1137 402 1178 M.ereem referunt:ego
53 1178 444 1212 Anis iam grauis, & grauis
1 1210 447 1247 Culpa en diſtrahor ommum
799 1224 867 1252 a
623 1237 680 1262 Vu
907 1230 970 1276 I
