1129 1353
318 15 543 41 C ARG.
45 57 535 95 Imiſque merſit luridæ Stygis vadis.
92 93 578 125 Hæc vna lux metam nitenti lampade
44 126 595 161 Splendoris intus nutrit atque illuminat,
59 160 674 194 Vt nil profundæ noctis horreſcam minas,
44 194 720 235 Sed nec quot vmbras, nec quot vnquam imagines
44 228 556 261 Grex omnis Orci vi furente percitus
45 262 465 297 Caliginoſis expulit fornacibus,
44 294 592 333 Cum tanta belli, & peſtis; & famis mala
45 329 493 356 Mottalibus formidoloſis intuhit,
44 363 550 397 Metuque diro ignaua corda perculit.
45 396 618 429 Quare nefande obcæca, adure, exulcera:
45 430 644 471 Et vulneratum hoc omne corpus vt libet
44 464 533 495 Et cæcitate, & ferro, & igne diſtrahe,
44 491 631 531 Et in me Auerni effunde totum carcerem:
44 530 538 564 Nihil mouebor, viuida ſpe gratiæ
44 563 553 598 Diuinæ, & almi fultus aura numinis.
45 599 532 632 At dator victoriæ atque præmii
44 631 463 666 enigne Ieſu me tua iuues ope
44 659 604 701 Certamen hoc certantem:inexpugnabii
45 697 555 733 Vt hoſte victo, & his fugatis nubibus,
44 733 595 766 Tandem illa ducas montis in cacumina,
45 763 466 799 Illisque ſiſtas in beatis ſedibus,
45 797 597 835 Quibus nec vlla nox, nec horror ingruit,
44 833 528 869 Ged & perennis lux,perennis gloria
45 863 466 907 Tui perennis & videndi copia.
221 903 474 938 Senex reſipiſc,.
55 926 450 968 Hei mihi miſero, hei ini.
45 963 447 1008 Tompus quam cito præteritl
45 1002 457 1040 Homo quàm cito d cit:
49 1036 456 1072 Et mors quàm o criminum
88 1070 374 1111 Pœnas exi it omnesl
44 1100 422 1146 Magnas qui benefecerint
45 1137 402 1178 M.ereem referunt:ego
53 1178 444 1212 Anis iam grauis, & grauis
45 1210 447 1247 Culpa en diſtrahor ommum
799 1224 867 1252 a
