1135 1353
286 23 560 56 CARGÆ
63 62 508 96 Det rati curfum tua, ne procellis,
236 98 434 124 Obruat Auſter.
44 122 505 164 Nos tibi in portus patrios recepti
44 165 495 199 Vota ſoluemus cumulata donis:
66 198 516 233 Tureque & cantu fluet omnis ara
232 232 462 258 Littore ab omni.
244 265 577 298 De victoria Ducs Albæ.
44 291 665 334 Lætitiæ bona ſigna cauis date turribus æra
96 333 548 367 Et pia ſollicito ſoluite corda metu.
44 360 673 400 Et vos ſacra cohors diuinas carmine laudes
97 400 643 433 Perque domos diuûm dicite, perque vias.
53 434 519 467 Et tercentenas operati rite per aras
44 467 567 500 Myſtica ſacratæ reddite dona is.
44 492 723 534 Vos quoque dum ſummus reſertubileia Paſtor
95 534 612 567 Limina, diuinum carpite gramen oues.
44 568 590 601 Satrilegæ periere acies, periere nefanda,
90 602 692 636 Agmina, & n Belgas quot coiere manus.
43 633 626 669 Nam iuſto potuit quiſquis ſupereſſe furori
93 669 581 701 Areipuit turpem protinus ille fugam.
44 700 734 735 Pars maior ſceleratam animam pro crimine pendit,
95 736 680 770 Mergitur & rapidis Styx quibus ardet, aquis:
43 766 679 804 Hic vbi ſupplicii ſubeunt genus omne gigantes:
43 797 671 836 Par ſcelus eſt, dbet par quoque pœna ſequi.
44 834 674 870 Oſſa inhumata iacent: volucres pauere lupique
52 870 663 903 Corporæ:inundanti ſanguine caſtra natant.
55 904 775 936 Sanguine pingueſcunt campi, nemora alta madeſcunt,
92 937 655 969 Et moritur, fibris ne bibat herba nefas.
57 969 730 1003 Quod ſi quem Pythona nouum feret impia tellus,
93 1004 560 1035 Impia tam dirum ſi ſcelus illa feret,
43 1032 648 1070 Qui ſternas Pythona nouus tu viuis Apollo
48 1071 693 1104 Gloria magnanimum magne Tolete Ducum.
57 1103 673 1137 Te quis ſtare poteſt contra? quis feruida contra
92 1138 523 1169 Vota pii patris, Regis & arma pii?
57 1169 678 1203 Carolus hæc ſumm cernit dum lætus olympo,
44 1203 678 1241 Et nato gaudet iam minor eſſe parens.
759 1235 840 1261 Mire-
