1070 1342
475 19 715 45 IOANNIS
209 27 257 54 y6
212 62 840 98 Miratur earimque ducem, carasque phalanges:
251 97 754 131 Ante Deum tales fundit ab ore preces.
217 129 819 166 Virgine nate Deus, cuius pro nomine ſanguis,
254 164 836 191 Nunc meus immenſum ſuſtinet orbis onus:
219 198 797 231 Si tibi quos vouit, iuſtos agit ille triumphos:
253 231 791 264 Bellaque te ſolum propter & arma gerit:
218 264 823 298 Da pater vt quo tu fregiſti robore Auernum,
256 297 909 332 Ille, tument terris quot modo monſtra, domet.
221 331 852 366 Ille ſeros frenet populos gentemque rebellem,
257 365 709 398 Ille tuoſubdat barbara colla iugo.
221 398 823 432 Ille tibi exuuias referat, quas Maurus & Indus
255 432 751 464 Debet & infidi littus vtrumque maris.
221 463 880 499 Daſimul & comites habg ater optime, qualis
258 499 737 530 Alua meus, qualis tu Hnote meus.
222 531 812 565 Annuit omnipotens:nutum læta excipit aula
258 565 748 599 Plauſibus, in plauſus lætior æthra ruit.
223 599 862 633 Cedite præcipites ſub Tartara cæca tumultus:.
259 633 923 666 Iam redit in noſtras pàxque quies que domos.
219 667 797 696 Sedibus æthereis iam nunc demittitur ætas,
255 701 729 735 Vates diuinis quam cecinere modis:
216 730 887 768 Et qualem cum mundus adhuc tener eſſet agebant
259 768 778 801 Compoſiti e primo vir mulierque luto.
156 798 846 845 O veſtros nunquam ſerpens minuiſſet honores:
255 836 711 867 Sed vetitis cur non abſtinuiſtis aui?
114 846 771 902 Vos propter terras liquit gens aurea cœli,
113 885 716 936 Inuiâque eſt illuc facta repente via.
94 926 777 968 Sola recedentum manſerunt nomina, ſola
124 965 705 1004 Stipes, & inciſus reddidit ora lapis,
85 992 935 1037 I Nunc candor non eſt, non eſt pudor amplius vllus,
87 1028 800 1072 Nec pietas, nec qui ſidera adibat amor.
117 1067 921 1110 Nunc veneri indulgere hominem, nunc viuere rapto,
255 1103 759 1137 Nunciuuat abrupta frangere iura fide.
103 1136 838 1175 Etfrater fratris manibus perit & perit ictu
252 1172 760 1204 Natorum, contra qui gerit atma pater.
162 1189 786 1238 t Diuûm effgies paſſim ſternuntur & aræ:
854 1238 1005 1276 2t pa.
