1155 1369
360 42 592 68 CARGN.
119 85 552 122 Et paſſim ſacræ diripiuntur opes.
77 120 743 154 Ei Regum, legumque iacet veneranda poteſta
124 153 673 187 Hei mihi, num rabies fit ſua cuique Deus?
76 187 685 222 O quibus extremos nos propter ferre labores
124 221 729 255 Non fuit indignum, nec graue quæque pati,
77 254 734 296 Chriſte pater, Chriſtique parens mitiſſima Virgs
77 288 661 322 Supplicia in melius noſtra referte precor.
77 315 737 355 Et prohibete malum. ſæuumque arcete furorem,
121 356 631 389 Et miſerum placida pace iuuate genus.
88 386 741 423 Tuque adeo o cuſtos gentis, qui primus ab illo e
121 423 647 456 Quo nihil eſt maius, nec prius eſſe poteſt.
89 456 721 486 Tu veniâ fera corda doma Pie maxime, & aude
121 489 686 524 Pro ſanctâ ſanctum fœdus inire Cruce.
84 524 701 557 Hinc populos Orientis aperto Marte Philippus
78 557 630 591 Proterat, & Libyci regna opulenta ſoli.
77 590 641 625 Et ſub Romanas mittat te principe leges
123 623 697 657 Quicquid ad Auroram Sol ab Atlante videt
87 657 745 693 Quicquid & immenſis anfractibus occupat æquo,
121 692 578 726 Et colit aduerſo terra repoſta polo.
281 727 533 758 In obitu Iulii Pogiani.
76 757 600 794 Iam nos, o comites, d cari funus amici
120 793 599 827 Tertius ex alta conuocat æde ſonus:
88 826 755 859 Cereâque extructum colluſtrat flamma ſepulerum,
77 859 608 893 Incipit & mœſtos flebilis ara modos.
86 893 640 927 Procedant quibus ima tegit veſtigia palla,
121 926 627 960 Et fluit incompta ſqualida vitta coma.
88 960 672 995 Ordine deinde ſuo lacrymis quos ora rigare
56 994 591 1027 Et iuuat humanas ingenuiſſe vices.
86 1025 858 1061 IIVs hoc PoGIANVs init ſub marmore ſomnum,
66 1059 729 1094 Qum labor ante diem noxque ſuprema tulit.
56 1095 681 1129 IVLV, Inſubriæ genuit quem diues Arona,
119 1129 704 1160 Mox rapuit, nunc & maxima Roma tenet.
85 1160 664 1193 Rore pio tumulum ſacratæ ſpargite lymphæ
120 1196 608 1227 Atque animam terna rite piate prece.
84 1226 594 1268 Poſcite diuinos æternæ lucis honores;
785 1250 865 1284 Po
