1069 1335
473 24 711 51 IOANNIS
131 19 180 54 i
218 35 261 62 yt
254 69 722 102 Poſcite perpetuæ gaudia pacis agat.
131 75 180 106 i
223 102 783 137 ignus erat cœlo: nam quis pietatis amore
257 135 779 169 Romano aſſueuit grandius ore loqui?
222 168 879 202 Hle perimmenſos tractus terræque marisque
258 203 754 236 Inſurgens numeris lingua Latina tuis,
222 235 818 262 Monſtrauit ſenſus, & vim ſermonis, & attem,
258 270 700 303 Relligio Graios vnde beauit auos.
224 301 764 336 lle pias regum cauſas, laudesque piorum
261 337 722 369 Sæpe Pii dixit principis ante pedes.
223 369 805 403 Fulmine verborum ſacri iuga montis, & alta
257 404 710 432 Atria, & æratæ contremuere fores,
224 437 831 470 Purpureusque ſuo ſtupuit cum Rege Senatus,
259 468 784 503 Atque aliquis, maius nil habet orbis, ait.
223 503 717 535 Hic Vaticanæ tegnator maximus arcis
260 536 670 563 Arridens tales edidit ore ſonos.
218 569 780 603 Noſter eris Pogiane:tibi ſit maxima rerum
257 603 826 637 Poſthac notrarum tempus in omne fides
225 636 709 671 Eloquii candore tui fidei illa niteſcat
262 672 797 705 Summa, Tridentini quam petiere patres.
227 704 833 738 Concilioque ſuper quis cum dubitauerit, à te
259 739 720 771 Interpres noſtræ littera mentis eat.
226 772 846 805 At vos muneribus inuenem decorate nepotes,
263 805 718 831 Sit veſtro lateri fidus & ille comes.
225 838 813 872 Tu pares dicto, & cadis hoc ſub pondere Iuli,
259 872 854 905 Aſtra vel hinc potius regnaque ſumma peti
225 905 766 938 Etcapis hic iuſto tibi præmia parta labore
258 940 724 965 Præmia non vlla diminuenda die.
223 972 857 1006 Fælix ſorte tua, neque in hos ſeruate tumultus
259 1006 764 1038 Nos quibus exanimat vindicis ira Dei.
223 1039 748 1071 Icce palam bellis iterum ciuilibus ardet
258 1072 750 1105 Hac Rhenus diſcors hac furialis Arar.
225 1105 786 1138 Nec ſatis eſt vacuaſſe ſuis cultoribus vrbes
259 1138 778 1170 Omniaque immiti conſceleraſſe manu:
224 1170 779 1205 In Diuos ipſumq Deum per tecta per agros
258 1204 864 1234 Omne nefas ſcelerum turba miniſtra facit.
906 1242 1010 1270 Dir uta
