1134 1351
491 9 856 36 DEVICT. CuRIST.
286 19 332 44 to
289 54 887 89 Hoſtis erat, qualem tellus gyptia nunquam
323 87 760 123 Suſcepit, madido ſuſtinuitve ſinu.
292 118 909 152 Nec talem ſcelerata domus Phlegetontis auari
325 153 805 190 Expuit, aut Stygiis abdidit atra vadis;
293 185 978 223 Vera loquor, tu Chriſte, nefas non paſſus ab altâ
326 221 853 254 Mitius humanum deſpicis arce genus,
291 255 895 288 In ſcelus Heſperias per fœdera cogis vtrasque.
329 288 823 316 Vna fides ambas, vnus obarmat amor.
295 320 929 352 Nec ſine mente tua P V te maximus, auctor
325 354 901 389 Fœderis, omne ſubit, ſponſor, & obſes, onus;
294 389 871 425 Ipſe PIVS, dirum exitium ſi pellere terris
331 422 835 453 Non datur, o fortes pellite.dixit, aquis.
295 454 913 485 Et vexilla Crucis, noſtræ monumenta ſalutis,
329 487 862 522 Tollite in obſtantes impia roſtra manus;
294 522 935 557 Dixit, & inſigni in mitrâ ſuper agmina late
329 556 958 591 Ter bona ſigna manu, ter dedit ore preces.
297 589 924 627 Quisq; alacris pia iuſſa facit; neq; ſegnius implet
330 624 923 659 Quisq; fretum ratibus; milite quisque rates,
295 657 826 689 Italiæ flos omnis, & omns Iberia feruet,
329 692 886 725 Præſtat & ille magis qui magis vrget opus
297 725 783 760 ratæ toto ducuntur litore moles,
331 760 864 793 Remigio parent æquora, vela notis.
297 792 887 834 Trinacria ex oculis abeuntum tota recedit;
330 827 808 860 Italia ex oculis tota repente fugit;
267 857 1019 901 Hoc pelagi D EA ſancta domo dum ſpectat ab alma
330 894 838 935 Laureti, propius publica vota fouet,
296 927 764 961 Et tu militiæ cœleſtis ductor ab æde
330 959 907 993 Gargani nobis duxque comesque venis.
295 993 934 1027 Ipſe tenes manibus clauos, regis ipſerudentes,
152 1008 238 1056 s
330 1028 958 1061 Et Lephyrum exploras, & vada cæca mones.
295 1061 892 1093 Ergo vix Ithacam, vix te legit alta acynthos
330 1094 791 1128 Noſtra per geas claſſis itura vias,
295 1128 777 1157 cce aduerſa ruit lunatis altera velis,
331 1160 877 1191 Nulla mora eſt, Mundi iam coiere manus.
296 1191 843 1236 Miiiibus clum gladiis, & ſtrage carinæ.
984 1221 1075 1264 Dec
