1131 1370
280 29 588 66 INTVRCAS.
47 71 632 110 Decolor effuſo ſanguine inhorret aqua.
61 110 740 145 Iamque palam gelidus pauor & fera mortis imgo
47 143 603 176 Occupat infidos, ſubſequiturq; duces.
47 176 727 215 Turba natat, ferro, & flammis extincta per vndas;
98 210 622 243 Vix pauci vinclis, vix ſuperantque fugæ.
47 243 631 277 Puppibus ac contra reſidet victoria noftris,
47 278 670 311 Serta gerens capiti, ſceptraque mille manu;
47 306 694 352 Tunc Sol luce noua illurit; volat ocyus Ales
47 345 607 378 Nuncius æterni Numinis ante pedes.
47 379 650 413 Atque iis, qui vita nobis peperere quietem,
97 413 648 447 Træmia cœlicolum regna beata petit.
60 447 648 480 Annuit Omnipotens; cœli Regina micanti
64 480 623 514 Ipſa triumphantes excipit axe choros.
61 513 611 548 Fœlices animæ; necis eſt ea gloria veſtræ
99 547 725 582 Quod breuis hora facit tam bene in aſtra viam,
62 581 644 615 os quoque felices o qui manſiſt s in armis,
47 614 551 648 Heroes certe, ſemideumque decus.
62 648 636 683 Nondum veniſts, nondum vidiſtis, & illum
46 682 550 715 Viciſtis, terror qui prius orbis erat.
46 710 674 747 Seilicet & veſtro cecidit Mars Thracius enſe,
63 749 628 782 Et bella in ſæuos ſunt procul acta Getas,
47 782 685 818 Per vos omne feris vacuum prædonibus æquot
100 817 590 849 Explet inoffenſas diuite merce rates,
65 850 696 884 Per vos victor ouat CRsTS. quæſita per aras.
100 882 624 918 Hæc ſunt CAMPEl gaudia magna tibi,
67 918 719 957 oc aimo voluis, dum publica commoda tecum
52 951 588 985 Suſpiras, humili ſollicitasq; prece.
47 985 676 1019 Exigis hoc, quoties pondus graue diuidis auri,
101 1018 682 1052 Hinc partem tantæ tu quoque laudis habes.
47 1050 658 1087 Gratia tota DE. date vos modo iura Quirini
102 1085 628 1118 Sanguis ab Adriaco per freta vaſta ſinu,
47 1116 608 1145 Vno tercentum amittit certamine naues,
100 1150 658 1185 Improbus, & veſtras dupplicat hoſtis opes.
47 1184 694 1220 IHamque nihil maius Venetis naualibus vſquam.
98 1219 637 1254 Iamque nihil vobis ſanctius orbis habet.
791 1250 845 1274 Vos
