1096 1333
471 4 783 38 IOANNIS
283 19 330 41 6ts
287 53 843 89 Vos cauſa, vos conſilio, vos vincitis armis;
316 89 824 122 Seruiat o Veneto ventus, & vnda Duci.
284 121 948 155 Terra PIVM, Regesq; pios, quibus imperat ille,.
319 155 844 188 Poſtulat, inque pias dat ſua iura manus.
286 189 807 223 Et fortunatas luces, æuumque beatum
320 223 848 256 Concipit, & primi tempora prima ſenis.
283 255 985 289 Votaque communesque preces conatur ab imis
317 289 748 322 Viſceribus ali ſæpe iterare ſono.
283 323 941 357 cRISTE pater mea regna tuis virtutibus alter
315 357 856 391 Maior Cæſaribus qui moderetur adeſt.
283 391 969 423 Nuncq; iterum, ceu te genuit quo tempore Virgo.
316 423 795 455 Aurea pacatus ſæcula Mundus aget.
282 450 1004 488 Nam tibi dilectum nomen, tua cura IoANNE
318 489 809 521 Captiuo redimit libera colla iugo.
282 521 853 556 Oceultos abigit ſub tartara cæca tumultus;
315 555 921 594 Inque Arabes miſeram, Maſſagetasq; famem,
161 566 206 594 I
279 589 893 622 Poſcit ab Aurorâ tibi regia dona remitti,
314 624 787 657 Naſcenti puero quæ prior illa tulit:
279 656 931 692 Poſcit ab edomito nondum cuſtode ſepulcrum,
317 691 912 725 Quod tua Mors nobis, quod tua Vita fuit.
277 724 937 758 His, Chriſte, precor cœptis, his annue votis;
313 758 838 791 Gloria victoris, gloria tota tua eſt.
477 794 712 817 Ad Sixtum P M.
272 824 932 859 Optima ſunt tua facta bonis, & maxima magnis,
308 859 883 892 Optime magnanimis; maxime, Sixte, bonis:
275 891 890 926 Et ſi vox, calamusve tuas vult promere laudes,
268 925 808 959 Deſicit ad laudes vox calamusq; tuas.
274 959 916 992 Hre igiturtotâ penitus quod mente fatemur.
259 992 892 1029 In terris ſummo proximus ipſe Deo es.
382 1080 973 1128 I. OANNIS C AS .
537 1135 795 1159 Ad manes Flaminii.
278 1164 984 1197 L A INIImanes, inſtar mihi numinis, vmbta
276 1196 873 1236 Flaminii. hæc campis cernis ab Elyſiis
966 1237 1052 1264 An ti-
