1153 1373
347 17 535 43 CAS
745 22 856 51 t
56 54 650 95 An tibi, quæ noſtri fuerat tam feruida cura.
70 95 544 129 Cocytus nigris eluit amnis aquis?
1 119 682 165 Tu ſolitus Priulique auſus compeſcere inanes
97 162 581 195 Et molli verſus frangere voce truces.
1 196 646 235 At nunc ille malo Galateum carmine vexat,
95 229 617 261 Et ſanctum nobis pellit ab vrbe virum.
1 240 661 306 Tne auſus Priuli Galateum pellere ab vrbe,
62 295 647 329 Aſperaque in duleem dicere verba ſenem?
1 314 664 361 .ne auctor, Romæ montani vt munera vic
93 363 558 397 Fumoſi vt curam præferat ille laris,
44 396 545 426 Aureus ille ſenex, vitæ cui licia Parcæ
92 431 532 461 Intacta ducunt candidiora niue?
58 462 619 497 Qui nec principibus, vrbi nec ſcilicet ægræ
89 497 615 530 Formider medicas adplicuiſſe manus?
1 521 787 564 Quemque adeo nemorum cuſtos, pecorisque magitr
58 564 606 597 Mandarit. ſacro ſummus adeſſe gregi?
51 597 644 632 inc eat, & fuſeas ignoti ad flumina Melphæ
89 630 595 667 Paſcere cum vili coniuge pergat oues?
1 663 754 700 Quid ſi animis iuuenumq; ſenumque eſt illius æqt
90 699 562 733 Dulcior Hyblais alba ſenecta fauis?
52 731 812 768 Quid ſi illum retinent quicunque Amaryllida curant,
28 767 636 800 Huius ad exemplum peccet vt illa minust
1 787 796 834 Vxorem hunc tamen ad vetulamq; humilemq; releges;
85 833 593 864 Frigida vt in vidus ne cubet illa toro?
51 868 642 900 Quæ puras pridem didicit perducere noctes,
31 900 595 934 Et monitis caſta eſt & proba facta viri.
49 932 612 968 Sed tu Flaminii potius iam nobilis vmbra
87 967 588 1001 Et multum infigni conſpicienda lyrà:
4 1000 607 1033 Ni te cæca huius cepere obliuia lucis,
86 1032 645 1068 Cum tibi mors auidas intulit atra manus:
1 1066 722 1102 Huc ades, & Priulum compeſcas nam male nobis
1 1099 617 1134 Iamdudum inſolito verſus in ore ſonat.
229 1135 593 1160 In Ambitionem. ad Galateum-
1 1154 677 1203 Vt captà redieus Ielene cum coniuge Troi,
1 1199 781 1242 Lento homine atque animi lenis, nimiumq; remi,
731 1227 859 1258 Incidht
