1136 1354
285 8 492 41 CASÆ.
25 53 651 96 Candidius multò, & maius pulla arctaq; texit,
25 92 615 129 Quàm laxi, Tyrioq; infecti murice amictus:
26 126 571 161 Nam ſi legitimum nobis virtutis inurant
30 160 588 196 Faſces & tituli ſignum; mercetur honores
26 194 539 229 Ipsâ vel vita informis ne prodeat inq;
26 226 646 261 Excuſus Piiulusq, bonus, ſimplexq; Faernus,
25 261 633 295 Prudens & veræ virtutis cutor vterque
26 288 652 329 Vitrea quos nunquam titillat gloria, febris
26 320 677 363 Purgatos huius. Nos quamuis ceſſerit horror
32 353 710 396 Atque æſtus, ſan nondum tamen vſque valemus:
33 395 701 429 Sicq; animus poſitam reminiſcitur ambitionem
33 428 663 461 Vulnus vt obductum prurit tamen; hæret aſello
31 463 640 496 Vt nudo clitellis nonnunquam vlcus in armo.
32 496 655 530 Vos agite aureolum tondeteà vertice crinem
30 528 712 563 Laſciuo huic capiti, atque domi cohibete ſeueri,
30 563 645 596 Non Menelaus vti, erronem me: tu Priulusq;,
29 596 631 631 Vtroque & melior Polus quod dicere veſtrâ
29 631 591 664 Pace mihiliceat nitidaq; extrudite Româ
28 660 696 699 Reſtantem: vt duri mulam quandoque cerebri,
29 698 777 733 Luctantem in triuio, atque equiti parere negantem
29 732 683 767 Sibilo agunt primum & magnis clamoribus, inde
1 765 592 799 Proſiliunt longis armati fuſtibus: illa
31 799 568 834 Nixa diu, tandem plagis deterrita currit.
330 835 413 868 Satyra.
29 866 609 902 Si te cura vigil ſophiæ delectat; & acre
27 900 520 935 Ingenium vires ſi ſufficit, vtere porro
26 935 604 970 Munere tam claro Diuûm; ſic rectius atque
25 968 639 1003 Commodius multo, longeq; decentius æui
17 1001 635 1035 Quod tibi cumq; neant Parcæ victurus ami.
26 1035 593 1068 Nec de te plebis quæ ſit ſententia, magni
25 1068 594 1104 Securus pendas: ignarum pleraque vulgus
24 1103 631 1139 Prauo metitur modulo: tu neglige, & iſto,
22 1136 619 1171 Qui nunc te exercet, fugias decedere campo
18 1168 762 1204 An populi arbitrio quiſquam plebisq; bonorum
17 1201 708 1240 Poſt habesſum, quem irs tu?
685 1227 841 1287 ne
