1079 1346
511 35 755 62 IOANNIS
252 75 1015 115 Quandoquidem cunctos quicunque feruntur eiſdem
245 115 817 148 In ſpatijs, iam recto nimirum ac ſapiente
246 147 853 179 Iudice præcurris Bembo: cum hic interea nos
239 180 818 213 Deſidiæ arguimur populo, ne forte probari
239 213 903 247 Credideris genus hoc vitæ ſimplex. etenim ad r
231 247 829 283 Verſiculis, miſſisq; iubent accedere nugis;
245 280 839 315 Ex vmbrà & tenebris in Solem exire, diemq;
244 312 892 348 Et gnaui me ſegnem culpant. Altera blando
242 348 966 383 Pars animum integrum queritur me dederc amori
245 380 823 415 Per luxum, & patrui verbis obiurgat acerbi:
245 413 991 447 Qui ſimul ac ſtomachum, quamquam permulta fereni
245 448 849 480 Vt placem, morunt; regero grauiora receptis.
245 479 907 521 Tu proprium ſeruas auri ſceleratus aceruum
242 512 836 549 Vndique congeſtum; neglectis, iura fidemq;
242 547 737 580 Exponis tota venalem legibus vrbe:
243 577 932 617 Cum miſerum atque inopem deiectum rure paterno
242 614 919 651 Deſeris, atque adeo prudens nummisq; redemptus
242 648 884 681 Prodis; & emunctum productâ lite clientem
242 681 880 717 Vſque adigis, dum ædes etiam proſcribat auitas:
243 715 869 751 Turpiter aut vltr ſeruis, plerunque furentis
241 750 910 781 Mancipium domini. manibus ten ferre catinum
241 783 894 815 Cœnanti ingenuis? aliam ten ſumere mentem
238 816 1009 852 Deterioris heri ad nutum atque aliam? haud animo par
238 849 859 885 Eſt generi, quicunque ſuos apud ortus honeſte
237 883 884 918 Imperio abiectus paret, trepidusq; miniſtrat.
238 916 874 953 Quid quod amicitiæ, caro dum cuncta lucello
237 950 742 986 Metiris, cultus tu nullos, nullaq; noſti
238 982 798 1019 Officia; anormiq; decor concinnus inepto
238 1017 851 1053 Quid diſtet neſcis. pecudis næ nos cute tectam
235 1050 906 1085 Naturam inſpicimus. quid publica cum geritur res
234 1083 787 1118 Per te, ſi furtis qu ſit locus atque rapinæ,
230 1115 783 1149 Bellorum cauſas iuſſus præcidere, nutris:
233 1148 763 1186 Deſidiæ aut tu me cenſor culpaueris oti?
222 1181 771 1217 Flagras ambitione ardesq; cupidine ſæuâ
234 1215 938 1251 Hutpurei haud vitam hanc moresve decentis amictus.
951 1260 1018 1283 Vror
