1067 1352
353 23 507 47 CASÆ.
774 29 820 57 6
1 64 658 100 Vror amoris ego haud me dignis ignibus: eſto,
1 99 815 136 Quando ita me inſimulas: quid tum? peccamus vterqu:
1 134 559 165 Nil eſt cur tu me prior iucuſes, grauiora
37 167 637 196 Offendens multo, & nimium diſtantia recto.
2 200 628 235 Nam qui vel paruo conductus peierat, & qui
1 233 714 269 Tamquam turbatâ victum ſibi quæritat vndâ
3 267 569 301 Piſcator, pacem bellis vbi miſcuit, idem,
4 300 629 334 Iudicium atque crucem ſi demas, ire latrones
1 333 713 372 Inter iam velit, & iugulare homines. ſua quiſque
33 369 631 402 Defendnt lenes vitia, & minunt: aliena
35 402 627 435 Carpere plerique auſteri, nimiumq; ſeueri
1 434 714 468 Adde quod incurata gerens, ſerpentiaq; intus
33 469 604 503 Vlcera, corrupto tandem pulmone peribis:
4 498 680 536 Purgandum illius cum te committere morbl
1 536 640 564 Non medico ſtudeas; annus non vnus & alter
1 570 762 609 Imminuat quicquam. pulcris macreſcere captum
1 601 608 637 Diuitijs fruſtra tantum doleamus amici
1 636 664 671 Ne mea poſt paulo febrisq; reliquerit vltro,
27 670 608 703 Frigidior veniens morbum cum leniet ætas,
26 704 662 739 Intereaq; veternus non animum grauis vrget.
27 734 699 771 Me tamen inſequitut populus: quid ſi nihil omni
25 769 718 805 Eſt actum in vitâ nobis, quod lædere quemquam
8 803 765 845 Poſſit? non ego rem, mihi ſolers quam pater auxit,
15 838 701 878 In Venerem effundam, neque lite petitus amator
22 870 598 905 Iniuſta, omittam fundumq; laremq; tueri:
23 902 664 941 Nec fuerim, mimam qub ſit mihi laxius vnde
23 937 701 972 Munerer, vſquam imopi nimium contractus amico.
14 970 621 1006 Denique no mos, non ætas alienior: adde
1 1003 629 1039 Ille etiam laqueo ſtatuit qui nectere collum
14 1036 588 1071 Auratane trabe, an de putri pendeat vlmo,
10 1070 722 1105 Si quicquam referre putas, quam ego honeſtius ac tu
20 1102 557 1138 Intereo, ſeu me Muſis & Apolline claro,
22 1137 642 1174 Seu quis me pulcto captum culparit amore.
9 1171 655 1209 Me tamen inſequeris colloq, ac faucibus anguis
12 1202 547 1243 Iaſlatis viro: vitam deducere inertem
713 1234 983 1293 a-
