1068 1340
496 26 740 53 IOANNIS
239 69 843 105 Indignum clamat fucos, ſegnem malus vrget.
241 104 792 139 At tecum ſi quis ſic egerit: itur ad vbem
241 137 824 171 Europâ ex omni, credo, vt veſtigia ſummo
242 171 840 204 Inſpiciant veteris veneranda in colle Quirini,
241 204 854 238 Siue in Auentino Romæ. ac non perditus exul
240 237 880 272 Exſpes vt quiſque eſt, huc ſe ſe contulit, vt ſi
240 272 815 306 Bargulum ad Illyricum dicas, latrociniumq;
244 306 872 340 Conceſſum, nimium merito dicatur acerbus:
245 339 888 373 Oderit & rabidum populusq; patresq; venenum.
243 374 864 406 Non ego: nec vulgi ſi irritor vocibus, hoc nunc
243 405 961 440 Immeritum quemquam latrarim. poſſum ego multos
242 440 788 472 Eximere è numero turpis contagia morbi
244 472 847 505 Quos nulla attigerint, ſanos recteq; valentes;
242 505 796 536 Sincerum vt Molſæ pectus, lauere ſalubres
240 539 868 574 Pierij quem fontis aquæ, puroq; Camœnæ
243 572 780 607 Curatum cantu ſeruant: ſtudioq; referti
242 606 775 642 Spectatus dudum tanto plauſuq; theatri
240 639 808 675 Vbaldinus, inops agriq; larisq; paterni,
239 673 833 708 Virtutis locuples, populo ſpectante Quirini
238 696 887 740 Hunc non donatum, ſcænà decedere turpe et.
310 742 855 776 In mulieres nuptas, Hippolyti. Ex Euripide.
238 775 897 807 Cocinnum in auras luminis hominum malum
238 808 768 840 Cur protuliſſe dixerim te fœminas
238 837 941 878 Iuppiter? etenim erat ſi ſerendum hominum genus,
239 876 774 909 Haudquaquam oriri debuit de fœminâ:
239 909 693 943 Sed emere liberorum oportuit ſibi
239 939 769 978 Semina genus mortalium, ferens tua
237 977 830 1012 In templa tantum aut æris aut auri grauis,
237 1011 828 1045 Ferrive, quanti vnus foret quiſque pretij:
238 1044 807 1078 Domosq; habere fœminis ſine liberas.
238 1078 927 1112 Nam nunc in ædes vehere cum malum parant,
236 1111 780 1145 Extemplo opes pro eo rependant patrias.
238 1144 939 1179 Atque hoc liquet malum eſſe magnum: fœminam
238 1176 817 1213 Namq; ad alienos peiit hanc ex ædibus
236 1208 737 1247 Aſe paterprogatam & eductam ſuus,
902 1245 1022 1282 dditq;
