1088 1359
382 38 533 64 CASÆ.
31 60 548 115 dditq; dotem, vt liberet ſe ſe malo:
30 114 590 146 At ille contra, ſtupem in ædes noxiam
30 148 642 183 Quiad ſe recepit, lætus eſt: cùm peſſimam
31 181 655 216 Pulcerrime ornat ſtatuam, &auro & purpura
61 215 568 247 Certat, beatas ſumptibus miſer domos
31 248 652 284 Exhauriens; atque hæret: etenim ſplendidis
31 283 507 316 Affinibus gauiſus vxorem aſperam
31 316 631 351 Perfcrt: proba at ſi ea, ſed propinquifutiles
31 351 568 383 Euenerint, bono miſeriam comprimit.
31 384 597 418 Veruntamen commodius euenit, quibus
31 417 544 450 Nullius vxor ſedet in ædibus preti
31 450 648 486 Ac fatua; nam ſapientem ego odi fœminam,
30 485 533 518 Meæ nec intra venerit limen domus,
31 518 676 554 Qu, quàm mulierem ſapere par eſt, plus ſapit.
30 552 505 585 Facilius etenim perſpicaces edocet
30 586 502 621 Aſtutias, dolosq; Cypris improba.
31 619 547 655 At fatua mulier obſtoliditatem ſapit,
48 653 563 687 Penetrare rempe ad fœminas oportuit
31 687 492 718 Nulli licere familiarium, ſimul
31 719 550 748 Sed beluarum includere rabiem domi
31 754 608 788 Loqui inſciam; ſermonem vt inferre alteri
49 788 543 821 Ipſæ nequiront, nec alij illas adloqui:
50 822 657 855 Nunc facinora, intus quæ malæ mala cogitant
46 854 567 889 Dominæ, foras hæc familiares efferunt.
158 888 633 919 Ad Faernum, cùm ab Vrbe Venetias iret.
48 921 626 956 Humida Tyrrheni fugientem flamina venti
118 956 449 989 Cœlumq; peſtilens Lati;
47 989 694 1022 Me Venetum excipient mitiſſima littora, & auræ
107 1023 399 1056 Salubriores, putribus
30 1048 692 1090 Iam membris ſenio, & podagra turgentibus acri,
119 1090 492 1124 Quæ flare ſuerunt, nec malâ
43 1123 605 1157 Imbutæ tuſſi, neque in ipſis fluctibus vdæ,
116 1158 392 1183 Faerne, mireris licet.
32 1189 661 1223 Prorſus, qui Romam liquit, rerum ille carebit
116 1224 424 1262 Pulcerrimo ſpectaculo.
773 1259 850 1299 Ne
