1132 1336
503 18 809 53 IOANNIS
311 53 1120 95 Nec cœtum æqu illuſtrem hominum, nec Palladis æqu
382 93 715 128 Inſtructa pectora attibus,
318 127 938 163 Terrarum vt cunctas luſtret circumuagus oras,
387 162 772 195 Offendet vſquam gentium.
319 191 895 238 Fragmina nee muri adſpiciet maiora vetufti
322 229 706 255 Non diminutis vrbibus.
324 259 851 297 Imprimis Bromij latices, & frigida ſiccis
392 296 779 330 Requiret idem faucibus
326 329 929 365 Pocula lympharum ſub terras condita opacas,
395 363 818 396 Aut foſla Lucanam in niuem.
328 393 979 432 Ipſe ego, feruenti delapſam ex imbrice lympham
397 428 755 463 Nuper, nec altos in ſcrobes,
331 459 961 496 Et vappam, ſalices inter quæ nata paluſtres
400 496 672 528 Cœni ſaporem patrj
333 526 968 567 Potanti offundet, medijs feruoribus, ardens
384 563 684 589 Arente fauce traxero.
336 594 916 631 Aſt idem hoſpitibus placidos, & dulcia pacis
406 631 721 664 Impertientes commoda
339 661 997 698 Mortales cernam, & locupletem ciuibus vrbem
405 697 779 730 Diſpar probantibus nihil.
342 728 1000 764 Cemam loricam violentam, enſemq; ſuperum
408 765 715 798 Inermibus ſuffragijs
344 797 971 832 Conſtrictum, & diræ execratum cædis amorem,
410 832 801 865 Longe exulantem gentium.
342 865 821 900 Illic cum cano prudentia ſera capillo
413 898 749 930 Paret viciiſim, & imperat.
345 930 1017 965 Hl ſe, nuſquam propendens, contulit Æquum
413 966 735 999 Bonæ comes concordiæ;
347 997 1007 1032 Fraudibus Heſperi vt pulſum et, timuitq; racis
416 1032 706 1059 Vncas licentiæ manus.
527 1064 825 1091 D Vbaldi o Bandinellio.
351 1097 782 1129 Tam caro capiti iam nimium diu
352 1130 864 1161 Munus, Me pomeue, lugubre, næniam
310 1161 916 1200 Debemus: querul.m proime puer lram
419 1196 779 1229 Secis on go te genis
1024 1237 1116 1266 Mro-
