1081 1331
518 35 753 61 IOANNIE
496 82 665 104 Ad Fortunam.
255 123 696 158 Expers conſilij, quæ pede lubrico
255 158 681 190 Incedis, Lephyris mobilior Dea,
254 192 736 225 Et fluctu Ionij incertior æquoris,
256 223 748 256 Te, cum læta ſinum pandis, & vberes
252 257 660 285 Fundis diuitias, ac miſeris ades
252 291 696 326 Improuiſa, boni progeniem Iouis
251 326 647 358 Dicunt: tu ratio. tu ſapientia,
252 359 691 392 Seruatrix eadem crederis vrbium,
251 392 658 424 Virtutisq; ſcdens in ſolio nites.
250 425 819 457 Sed mox, torua domos regum vbi concutis,
249 458 686 489 Et congeſta diu munera, turribus
249 491 677 522 Deiectis, ſubito turbine diſſipas;
247 524 685 550 Vanæ te comitem ſtultitiæ ferunt
246 558 736 585 Deliram. immeritum tu, titulo bonis
247 592 703 626 Dempto, nobilitas: frena ſuperbiæ
245 626 660 651 Atris tu manibus detrahis ebriæ
246 659 833 689 Succeſſu; & ruere hanc ſic temere ad ſuum
242 694 749 722 Rides arbitrium, mox humilem truces
242 726 724 759 ultus depoſituram. O vtinam meæ
241 760 691 794 Oblita oſtiolum prætereas domus,
239 793 684 826 Seu tu ſanguineis oppida territans
236 827 696 861 Bellis, ingrederis per Latium, fera:
239 861 740 893 Seu pacemq; gerens, & populos beans
235 893 658 927 Pennis inuolitas verſicoloribus:
235 926 684 957 Namſic inſtabilem viſere te meos.
233 961 799 994 Vel lætam atque hilarem, pertimeam lares.
380 1009 755 1038 De Fraænciſco Turnonio Cardinali.
232 1041 772 1080 Qu tollor pauidus? quo feror inſolens?
229 1077 686 1112 Oquæ Caſtalijs fontibus aureos
230 1111 702 1149 Crines, osq; lauis virgineum, genus
295 1145 633 1177 Magni Melpomene Iouis.
219 1162 636 1207 Cruri purpureos indue candido
217 1203 790 1258 Socces: nam iuga tranſmittimus Alpiu-
934 1254 1008 1280 Sol:
