1077 1367
360 38 524 64 CAS.
791 46 833 72 ot
19 79 760 114 Non res cui cumulus ſemper abeſt, cunctue metiens
64 115 687 148 Aurum te pupugit: te nitidum Muſa ſalubribus
1 149 635 182 Pontis Caſtalij lauit aquis candida: tu meæ
60 182 692 216 Es lumen patriæ percelebris: ſat mihi fructuum
47 216 671 251 Ignaua hæc tulerint exilia in montibus aſperis
1 250 606 285 Quæta; argueris deſidiæ ni tibi debitum
65 284 782 317 Carmen nive inopis quodcitharæ dinumerem modos,
1 317 763 358 Acceptum id mihi te fere neges,iureq; reſpuas.
290 354 462 386 In campanas.
4 384 536 420 Oquæ terrificos vicinâ e turre cietis
96 418 603 452 Tot nocte æra ſonos tinnula, totq; die
1 453 571 487 Si mihi venturæ noctis dormire licebit
1 486 597 520 Pertottinnitus particulam miſero:
1 514 660 559 Nec cum defeſſos iam iam continget ocellos,
98 553 586 588 Vos metuet, ſubito diffugietq; ſopor:
1 575 619 621 Ipſe ego cras vobis vltro tor ique rudentis
56 621 578 656 Spiras & firmo e robore fulcra dabo:
1 654 604 692 Tutius vt ſonitu Boreamq; laceſſere ſæuo
29 688 598 722 Poſſitis poſthae, & maria, & tonitrus.
323 725 467 757 In eaſdem.
1 751 668 796 Cm einctum nimbis & nigrâ nube ſedentem
96 790 588 825 Deficient olim flammea tela Iouem:
1 797 640 858 Cm ſueta in pontum plenis decurrere rlpis
79 858 639 890 Præcipitem ſiſtent flumina prona pedem:
1 878 662 925 luctibus & raucis Siculum pertundere littus
66 925 552 955 Ionij cùm iam deſinet vnda maris:
1 950 646 992 Tunc quoq; vicinis ſuſpenſa in turribus æra,
94 991 599 1032 Ceſſabunt bombos edere rauciſonos.
360 1028 444 1052 Idem.
43 1050 672 1088 Cum mare nec fremitus edet, nec ſibila venti,
98 1093 668 1126 Nec nimbi, abruptis nubibus igne, ſonum:
63 1125 672 1160 Et cum nubigenæ Fhaumantidis ora ſinumq;
99 1159 576 1195 Deficietcroceus, purpureuſq; color:
7 1191 648 1228 Cum pontum nitidi piſces, cum littora pictæ
90 1225 697 1268 Conehæ, ci denſum deſeret vmbra nemus,
763 1245 841 1281 Turre
