<?xml version="1.0" encoding="UTF-8" standalone="no"?><PcGts xmlns="http://schema.primaresearch.org/PAGE/gts/pagecontent/2019-07-15" xmlns:xsi="http://www.w3.org/2001/XMLSchema-instance" xsi:schemaLocation="http://schema.primaresearch.org/PAGE/gts/pagecontent/2019-07-15 http://schema.primaresearch.org/PAGE/gts/pagecontent/2019-07-15/pagecontent.xsd"><Metadata><Creator/><Created>2022-04-12T09:19:38</Created><LastChange>1970-01-01T00:00:00</LastChange><Comments/></Metadata><Page imageFilename="0749.png" imageHeight="1367" imageWidth="1077"><TextRegion id="r1" orientation="0.0" type="paragraph"><Coords points="1,1 1075,1 1075,1365 1,1365"/><TextLine id="l1"><Coords points="360,38 360,64 524,64 524,38"/><TextEquiv><Unicode/></TextEquiv><TextEquiv index="1"><Unicode>CAS.</Unicode></TextEquiv></TextLine><TextLine id="l2"><Coords points="760,79 54,78 54,114 760,114"/><TextEquiv><Unicode/></TextEquiv><TextEquiv index="1"><Unicode>Non res cui cumulus ſemper abeſt, cunctue metiens</Unicode></TextEquiv></TextLine><TextLine id="l3"><Coords points="687,117 561,115 262,115 64,118 64,148 687,148"/><TextEquiv><Unicode/></TextEquiv><TextEquiv index="1"><Unicode>Aurum te pupugit: te nitidum Muſa ſalubribus</Unicode></TextEquiv></TextLine><TextLine id="l4"><Coords points="53,182 635,182 635,149 54,149"/><TextEquiv><Unicode/></TextEquiv><TextEquiv index="1"><Unicode>Pontis Caſtalij lauit aquis candida: tu meæ</Unicode></TextEquiv></TextLine><TextLine id="l5"><Coords points="692,183 275,182 192,184 60,183 60,216 692,216"/><TextEquiv><Unicode/></TextEquiv><TextEquiv index="1"><Unicode>Es lumen patriæ percelebris: ſat mihi fructuum</Unicode></TextEquiv></TextLine><TextLine id="l6"><Coords points="285,249 671,250 671,217 270,216 164,218 54,218 54,251 222,251"/><TextEquiv><Unicode/></TextEquiv><TextEquiv index="1"><Unicode>Ignaua hæc tulerint exilia in montibus aſperis</Unicode></TextEquiv></TextLine><TextLine id="l7"><Coords points="412,282 606,282 606,250 285,250 222,252 124,251 56,253 54,252 54,284 234,285"/><TextEquiv><Unicode/></TextEquiv><TextEquiv index="1"><Unicode>Quæta; argueris deſidiæ ni tibi debitum</Unicode></TextEquiv></TextLine><TextLine id="l8"><Coords points="782,284 343,284 234,286 80,285 65,286 65,317 782,317"/><TextEquiv><Unicode/></TextEquiv><TextEquiv index="1"><Unicode>Carmen nive inopis quodcitharæ dinumerem modos,</Unicode></TextEquiv></TextLine><TextLine id="l9"><Coords points="759,357 763,355 763,322 760,320 727,318 629,317 76,319 54,319 53,358 242,358 250,352 261,350 293,350 297,352 318,353 519,353 529,358 645,358"/><TextEquiv><Unicode/></TextEquiv><TextEquiv index="1"><Unicode>Acceptum id mihi te fere neges,iureq; reſpuas.</Unicode></TextEquiv></TextLine><TextLine id="l10"><Coords points="290,354 290,386 462,386 462,354"/><TextEquiv><Unicode/></TextEquiv><TextEquiv index="1"><Unicode>In campanas.</Unicode></TextEquiv></TextLine><TextLine id="l11"><Coords points="54,418 536,418 536,384 382,386 338,385 272,386 253,384 54,384"/><TextEquiv><Unicode/></TextEquiv><TextEquiv index="1"><Unicode>Oquæ terrificos vicinâ e turre cietis</Unicode></TextEquiv></TextLine><TextLine id="l12"><Coords points="603,418 463,420 191,419 96,420 96,452 603,452"/><TextEquiv><Unicode/></TextEquiv><TextEquiv index="1"><Unicode>Tot nocte æra ſonos tinnula, totq; die</Unicode></TextEquiv></TextLine><TextLine id="l13"><Coords points="63,485 571,486 571,453 54,453 54,486"/><TextEquiv><Unicode/></TextEquiv><TextEquiv index="1"><Unicode>Si mihi venturæ noctis dormire licebit</Unicode></TextEquiv></TextLine><TextLine id="l14"><Coords points="597,518 597,487 63,486 54,487 54,516 76,519 565,520"/><TextEquiv><Unicode/></TextEquiv><TextEquiv index="1"><Unicode>Pertottinnitus particulam miſero:</Unicode></TextEquiv></TextLine><TextLine id="l15"><Coords points="660,514 616,514 604,519 565,521 453,520 133,521 76,520 54,517 53,552 293,554 633,554 641,556 645,559 660,559"/><TextEquiv><Unicode/></TextEquiv><TextEquiv index="1"><Unicode>Nec cum defeſſos iam iam continget ocellos,</Unicode></TextEquiv></TextLine><TextLine id="l16"><Coords points="586,587 586,555 293,555 98,553 98,586 534,588"/><TextEquiv><Unicode/></TextEquiv><TextEquiv index="1"><Unicode>Vos metuet, ſubito diffugietq; ſopor:</Unicode></TextEquiv></TextLine><TextLine id="l17"><Coords points="619,588 127,588 86,587 59,583 54,582 54,621 619,621"/><TextEquiv><Unicode/></TextEquiv><TextEquiv index="1"><Unicode>Ipſe ego cras vobis vltro tor ique rudentis</Unicode></TextEquiv></TextLine><TextLine id="l18"><Coords points="578,655 578,622 387,623 296,621 193,621 56,622 56,651 59,652 105,654 313,654 376,656 458,656"/><TextEquiv><Unicode/></TextEquiv><TextEquiv index="1"><Unicode>Spiras &amp; firmo e robore fulcra dabo:</Unicode></TextEquiv></TextLine><TextLine id="l19"><Coords points="54,686 350,689 604,689 604,656 376,657 313,655 54,654"/><TextEquiv><Unicode/></TextEquiv><TextEquiv index="1"><Unicode>Tutius vt ſonitu Boreamq; laceſſere ſæuo</Unicode></TextEquiv></TextLine><TextLine id="l20"><Coords points="598,690 54,688 53,722 598,722"/><TextEquiv><Unicode/></TextEquiv><TextEquiv index="1"><Unicode>Poſſitis poſthae, &amp; maria, &amp; tonitrus.</Unicode></TextEquiv></TextLine><TextLine id="l21"><Coords points="323,725 323,757 467,757 467,725"/><TextEquiv><Unicode/></TextEquiv><TextEquiv index="1"><Unicode>In eaſdem.</Unicode></TextEquiv></TextLine><TextLine id="l22"><Coords points="668,751 531,751 522,755 461,757 289,757 283,756 274,751 54,750 54,795 55,795 59,791 64,789 125,789 167,791 620,790 641,791 650,796 668,796"/><TextEquiv><Unicode/></TextEquiv><TextEquiv index="1"><Unicode>Cm einctum nimbis &amp; nigrâ nube ſedentem</Unicode></TextEquiv></TextLine><TextLine id="l23"><Coords points="588,823 588,791 167,792 96,790 96,822 135,824 256,825"/><TextEquiv><Unicode/></TextEquiv><TextEquiv index="1"><Unicode>Deficient olim flammea tela Iouem:</Unicode></TextEquiv></TextLine><TextLine id="l24"><Coords points="640,857 640,824 191,826 104,823 58,823 54,822 54,858 57,856 175,858 430,858"/><TextEquiv><Unicode/></TextEquiv><TextEquiv index="1"><Unicode>Cm ſueta in pontum plenis decurrere rlpis</Unicode></TextEquiv></TextLine><TextLine id="l25"><Coords points="639,858 79,858 79,887 110,888 124,890 639,890"/><TextEquiv><Unicode/></TextEquiv><TextEquiv index="1"><Unicode>Præcipitem ſiſtent flumina prona pedem:</Unicode></TextEquiv></TextLine><TextLine id="l26"><Coords points="662,892 124,891 95,888 54,887 54,923 131,925 662,925"/><TextEquiv><Unicode/></TextEquiv><TextEquiv index="1"><Unicode>luctibus &amp; raucis Siculum pertundere littus</Unicode></TextEquiv></TextLine><TextLine id="l27"><Coords points="552,925 66,925 66,955 552,955"/><TextEquiv><Unicode/></TextEquiv><TextEquiv index="1"><Unicode>Ionij cùm iam deſinet vnda maris:</Unicode></TextEquiv></TextLine><TextLine id="l28"><Coords points="646,952 615,952 606,958 600,959 199,960 61,956 54,955 54,990 152,990 165,992 646,992"/><TextEquiv><Unicode/></TextEquiv><TextEquiv index="1"><Unicode>Tunc quoq; vicinis ſuſpenſa in turribus æra,</Unicode></TextEquiv></TextLine><TextLine id="l29"><Coords points="599,993 310,994 165,993 152,991 94,991 94,1032 311,1032 315,1030 330,1030 342,1027 499,1027 509,1032 599,1032"/><TextEquiv><Unicode/></TextEquiv><TextEquiv index="1"><Unicode>Ceſſabunt bombos edere rauciſonos.</Unicode></TextEquiv></TextLine><TextLine id="l30"><Coords points="360,1028 360,1052 444,1052 444,1028"/><TextEquiv><Unicode/></TextEquiv><TextEquiv index="1"><Unicode>Idem.</Unicode></TextEquiv></TextLine><TextLine id="l31"><Coords points="672,1052 540,1052 509,1053 499,1058 472,1060 332,1061 318,1060 306,1053 191,1054 124,1053 93,1050 54,1050 53,1088 672,1088"/><TextEquiv><Unicode/></TextEquiv><TextEquiv index="1"><Unicode>Cum mare nec fremitus edet, nec ſibila venti,</Unicode></TextEquiv></TextLine><TextLine id="l32"><Coords points="668,1125 668,1094 543,1093 454,1095 219,1095 98,1093 98,1125 110,1126 584,1126"/><TextEquiv><Unicode/></TextEquiv><TextEquiv index="1"><Unicode>Nec nimbi, abruptis nubibus igne, ſonum:</Unicode></TextEquiv></TextLine><TextLine id="l33"><Coords points="672,1126 585,1126 527,1128 153,1128 63,1125 63,1158 126,1158 155,1160 520,1160 605,1158 623,1160 672,1160"/><TextEquiv><Unicode/></TextEquiv><TextEquiv index="1"><Unicode>Et cum nubigenæ Fhaumantidis ora ſinumq;</Unicode></TextEquiv></TextLine><TextLine id="l34"><Coords points="497,1192 576,1192 576,1159 452,1162 200,1162 99,1159 99,1192 398,1195"/><TextEquiv><Unicode/></TextEquiv><TextEquiv index="1"><Unicode>Deficietcroceus, purpureuſq; color:</Unicode></TextEquiv></TextLine><TextLine id="l35"><Coords points="436,1226 578,1226 648,1224 648,1191 617,1191 587,1193 442,1194 398,1196 110,1194 72,1191 54,1191 54,1226 379,1228"/><TextEquiv><Unicode/></TextEquiv><TextEquiv index="1"><Unicode>Cum pontum nitidi piſces, cum littora pictæ</Unicode></TextEquiv></TextLine><TextLine id="l36"><Coords points="563,1266 695,1266 697,1264 697,1225 578,1227 436,1227 379,1229 90,1227 90,1268 471,1268"/><TextEquiv><Unicode/></TextEquiv><TextEquiv index="1"><Unicode>Conehæ, ci denſum deſeret vmbra nemus,</Unicode></TextEquiv></TextLine><TextLine id="l37"><Coords points="763,1245 763,1281 841,1281 841,1245"/><TextEquiv><Unicode/></TextEquiv><TextEquiv index="1"><Unicode>Turre</Unicode></TextEquiv></TextLine><TextEquiv><Unicode/></TextEquiv></TextRegion></Page></PcGts>