1311 1338
730 27 981 54 IOANNI
420 39 522 65 0t
412 69 1041 112 Turre tua tune Corneli dulciſſime raucos-
510 102 1008 131 Tinnula ceſſabunt æta ciere lonos.
715 139 887 162 CAd Gcrmaos.
512 168 1093 206 Qud vos apud, Germaniæ humaniſſima
417 201 1012 241 Gens, culpor, atque turpioris flagitis
482 237 1010 270 Ornaſſedicor neſcio quid laudibus,
479 269 1080 306 Impuroid eſt ab homie confctum, & leuit
380 302 419 329 I
485 305 984 339 Teſtiſq; tellus omnis eſt mihi ltala,
486 337 1025 371 Tantuim me ab omni abeſſe turpitudine,
480 371 1078 406 Quantum ille ab omni laude ſemper abfuit.
481 405 1020 438 Annis ab hinc triginta, & amplius, ſcio,
482 437 1013 471 Nonnulla me, fortaſſe non caſtiſſimis,
481 471 1002 504 Luſiſſe verſibus; quod ætas tunc mea
483 503 1072 539 Rerum me adegit nſcia, &, ſemper iocis
357 524 418 568 l
481 538 961 572 Licentius gauiſa, onceſlu omnium,
483 570 1004 606 Iuuenta: quod fecere & alij item boni.
484 605 1061 637 At nunc abit iuuenta, lulus permanct:
484 640 1045 672 Et carmini illi nomen adſeribunt meum
483 672 1117 708 Idem, quod ante erat: nec adſcribunt diem
485 706 1077 741 Eandem, erat quæ quando id olim luſimus:
482 740 1025 776 Sed quod puer peccauit, accuſant ſenem.
486 772 1099 808 Verum hoc vt vt tamen ſit, obſcæni nihil
486 808 1079 841 Scripſiſſe me ſcitote. namque tunc quoque
487 841 939 875 Feſtiua nos a turpibus ſecreuimus,
489 874 1052 909 Amollibuſq; impura cumq; verſibus
487 905 1136 936 Laudauimus Furnum, haud mares laudauimus
487 941 1045 977 Quod ilie ait per maximam calumniam
488 976 1054 1008 Sed fœminas plane, vt videre carmine
308 989 411 1032 I
488 1009 1017 1044 Ex ipſo adhuc poteſtis atque moribus,
488 1044 930 1076 Induſtriâ, pudore, contnentiâ,
489 1077 964 1102 Laſciuiam nos carminis correximus
489 1109 878 1143 Illius, emendauimuſq; ſeriis
488 1142 999 1176 Iocos, boni quod literis quam plurimi
490 1175 1023 1210 Teſtantur: inter quos ſenex ille optimus
489 1207 990 1235 Et Bembus: s me verſibus lectuſſimis
1143 1240 1267 1276 rnaui
