<?xml version="1.0" encoding="UTF-8" standalone="no"?><PcGts xmlns="http://schema.primaresearch.org/PAGE/gts/pagecontent/2019-07-15" xmlns:xsi="http://www.w3.org/2001/XMLSchema-instance" xsi:schemaLocation="http://schema.primaresearch.org/PAGE/gts/pagecontent/2019-07-15 http://schema.primaresearch.org/PAGE/gts/pagecontent/2019-07-15/pagecontent.xsd"><Metadata><Creator/><Created>2022-04-12T09:20:08</Created><LastChange>1970-01-01T00:00:00</LastChange><Comments/></Metadata><Page imageFilename="0750.png" imageHeight="1338" imageWidth="1311"><TextRegion id="r1" orientation="0.0" type="paragraph"><Coords points="1,1 1309,1 1309,1336 1,1336"/><TextLine id="l1"><Coords points="730,27 730,54 981,54 981,27"/><TextEquiv><Unicode/></TextEquiv><TextEquiv index="1"><Unicode>IOANNI</Unicode></TextEquiv></TextLine><TextLine id="l2"><Coords points="469,104 488,104 491,106 495,104 630,105 741,103 1029,102 1041,107 1041,69 470,68"/><TextEquiv><Unicode/></TextEquiv><TextEquiv index="1"><Unicode>Turre tua tune Corneli dulciſſime raucos-</Unicode></TextEquiv></TextLine><TextLine id="l3"><Coords points="510,102 510,131 1008,131 1008,102"/><TextEquiv><Unicode/></TextEquiv><TextEquiv index="1"><Unicode>Tinnula ceſſabunt æta ciere lonos.</Unicode></TextEquiv></TextLine><TextLine id="l4"><Coords points="715,139 715,162 887,162 887,139"/><TextEquiv><Unicode/></TextEquiv><TextEquiv index="1"><Unicode>CAd Gcrmaos.</Unicode></TextEquiv></TextLine><TextLine id="l5"><Coords points="1093,168 732,170 714,172 661,172 653,168 512,168 512,206 589,206 646,204 744,205 922,202 1028,202 1036,206 1093,206"/><TextEquiv><Unicode/></TextEquiv><TextEquiv index="1"><Unicode>Qud vos apud, Germaniæ humaniſſima</Unicode></TextEquiv></TextLine><TextLine id="l6"><Coords points="1012,203 922,203 744,206 646,205 514,208 488,208 475,205 470,205 469,238 728,239 778,237 826,238 859,236 926,236 986,237 998,240 1012,241"/><TextEquiv><Unicode/></TextEquiv><TextEquiv index="1"><Unicode>Gens, culpor, atque turpioris flagitis</Unicode></TextEquiv></TextLine><TextLine id="l7"><Coords points="1006,267 1010,264 1010,243 1006,241 998,241 986,238 926,237 859,237 826,239 778,238 728,240 482,239 482,270 930,270"/><TextEquiv><Unicode/></TextEquiv><TextEquiv index="1"><Unicode>Ornaſſedicor neſcio quid laudibus,</Unicode></TextEquiv></TextLine><TextLine id="l8"><Coords points="1080,269 981,269 857,272 642,272 594,274 479,273 479,304 518,304 546,306 1015,304 1018,306 1080,306"/><TextEquiv><Unicode/></TextEquiv><TextEquiv index="1"><Unicode>Impuroid eſt ab homie confctum, &amp; leuit</Unicode></TextEquiv></TextLine><TextLine id="l9"><Coords points="984,337 984,305 807,305 688,307 546,307 518,305 485,305 485,338 800,339"/><TextEquiv><Unicode/></TextEquiv><TextEquiv index="1"><Unicode>Teſtiſq; tellus omnis eſt mihi ltala,</Unicode></TextEquiv></TextLine><TextLine id="l10"><Coords points="1025,370 1025,337 619,341 550,341 486,339 486,371 964,371"/><TextEquiv><Unicode/></TextEquiv><TextEquiv index="1"><Unicode>Tantuim me ab omni abeſſe turpitudine,</Unicode></TextEquiv></TextLine><TextLine id="l11"><Coords points="1078,371 583,374 480,373 480,406 811,404 985,404 1078,406"/><TextEquiv><Unicode/></TextEquiv><TextEquiv index="1"><Unicode>Quantum ille ab omni laude ſemper abfuit.</Unicode></TextEquiv></TextLine><TextLine id="l12"><Coords points="1020,406 812,405 627,406 481,409 481,438 842,438 874,436 965,436 1020,438"/><TextEquiv><Unicode/></TextEquiv><TextEquiv index="1"><Unicode>Annis ab hinc triginta, &amp; amplius, ſcio,</Unicode></TextEquiv></TextLine><TextLine id="l13"><Coords points="1013,439 1010,438 874,437 842,439 692,439 573,441 482,440 482,470 787,471 861,469 983,469 1013,471"/><TextEquiv><Unicode/></TextEquiv><TextEquiv index="1"><Unicode>Nonnulla me, fortaſſe non caſtiſſimis,</Unicode></TextEquiv></TextLine><TextLine id="l14"><Coords points="819,502 1002,502 1002,471 788,471 713,473 532,473 524,471 481,471 481,504 800,504"/><TextEquiv><Unicode/></TextEquiv><TextEquiv index="1"><Unicode>Luſiſſe verſibus; quod ætas tunc mea</Unicode></TextEquiv></TextLine><TextLine id="l15"><Coords points="1072,503 819,503 800,505 552,507 483,506 483,539 728,539 846,538 899,536 1009,536 1015,539 1072,539"/><TextEquiv><Unicode/></TextEquiv><TextEquiv index="1"><Unicode>Rerum me adegit nſcia, &amp;, ſemper iocis</Unicode></TextEquiv></TextLine><TextLine id="l16"><Coords points="884,570 961,569 961,538 558,541 481,540 481,572 856,572"/><TextEquiv><Unicode/></TextEquiv><TextEquiv index="1"><Unicode>Licentius gauiſa, onceſlu omnium,</Unicode></TextEquiv></TextLine><TextLine id="l17"><Coords points="900,604 1004,604 1004,570 933,570 856,573 745,572 691,574 483,574 483,606 861,606"/><TextEquiv><Unicode/></TextEquiv><TextEquiv index="1"><Unicode>Iuuenta: quod fecere &amp; alij item boni.</Unicode></TextEquiv></TextLine><TextLine id="l18"><Coords points="1061,634 1061,605 900,605 861,607 484,609 484,637 1056,637"/><TextEquiv><Unicode/></TextEquiv><TextEquiv index="1"><Unicode>At nunc abit iuuenta, lulus permanct:</Unicode></TextEquiv></TextLine><TextLine id="l19"><Coords points="1045,671 1045,640 814,640 704,642 484,641 484,672 902,672"/><TextEquiv><Unicode/></TextEquiv><TextEquiv index="1"><Unicode>Et carmini illi nomen adſeribunt meum</Unicode></TextEquiv></TextLine><TextLine id="l20"><Coords points="958,705 1114,705 1117,707 1117,672 903,672 848,674 597,676 483,675 483,707 781,708"/><TextEquiv><Unicode/></TextEquiv><TextEquiv index="1"><Unicode>Idem, quod ante erat: nec adſcribunt diem</Unicode></TextEquiv></TextLine><TextLine id="l21"><Coords points="929,739 1077,740 1077,706 591,710 528,710 485,708 485,741 842,741"/><TextEquiv><Unicode/></TextEquiv><TextEquiv index="1"><Unicode>Eandem, erat quæ quando id olim luſimus:</Unicode></TextEquiv></TextLine><TextLine id="l22"><Coords points="1025,773 1025,740 601,744 482,743 482,775 617,776"/><TextEquiv><Unicode/></TextEquiv><TextEquiv index="1"><Unicode>Sed quod puer peccauit, accuſant ſenem.</Unicode></TextEquiv></TextLine><TextLine id="l23"><Coords points="1094,805 1099,802 1099,772 1055,772 981,775 847,776 486,776 486,807 898,808"/><TextEquiv><Unicode/></TextEquiv><TextEquiv index="1"><Unicode>Verum hoc vt vt tamen ſit, obſcæni nihil</Unicode></TextEquiv></TextLine><TextLine id="l24"><Coords points="1079,808 710,810 486,808 486,840 501,841 1079,841"/><TextEquiv><Unicode/></TextEquiv><TextEquiv index="1"><Unicode>Scripſiſſe me ſcitote. namque tunc quoque</Unicode></TextEquiv></TextLine><TextLine id="l25"><Coords points="939,874 939,842 637,842 545,844 487,841 487,875 877,875"/><TextEquiv><Unicode/></TextEquiv><TextEquiv index="1"><Unicode>Feſtiua nos a turpibus ſecreuimus,</Unicode></TextEquiv></TextLine><TextLine id="l26"><Coords points="879,907 1041,907 1052,905 1052,874 877,876 489,877 489,909 759,909"/><TextEquiv><Unicode/></TextEquiv><TextEquiv index="1"><Unicode>Amollibuſq; impura cumq; verſibus</Unicode></TextEquiv></TextLine><TextLine id="l27"><Coords points="1136,905 1056,905 1041,908 993,909 879,908 634,911 487,910 487,936 1136,936"/><TextEquiv><Unicode/></TextEquiv><TextEquiv index="1"><Unicode>Laudauimus Furnum, haud mares laudauimus</Unicode></TextEquiv></TextLine><TextLine id="l28"><Coords points="816,975 1045,976 1045,941 916,943 684,943 604,945 487,943 487,977 685,977"/><TextEquiv><Unicode/></TextEquiv><TextEquiv index="1"><Unicode>Quod ilie ait per maximam calumniam</Unicode></TextEquiv></TextLine><TextLine id="l29"><Coords points="1054,979 1040,976 816,976 488,979 488,1008 1054,1008"/><TextEquiv><Unicode/></TextEquiv><TextEquiv index="1"><Unicode>Sed fœminas plane, vt videre carmine</Unicode></TextEquiv></TextLine><TextLine id="l30"><Coords points="1017,1010 1013,1009 688,1011 617,1010 578,1012 488,1010 488,1043 1017,1044"/><TextEquiv><Unicode/></TextEquiv><TextEquiv index="1"><Unicode>Ex ipſo adhuc poteſtis atque moribus,</Unicode></TextEquiv></TextLine><TextLine id="l31"><Coords points="930,1044 488,1044 488,1076 930,1076"/><TextEquiv><Unicode/></TextEquiv><TextEquiv index="1"><Unicode>Induſtriâ, pudore, contnentiâ,</Unicode></TextEquiv></TextLine><TextLine id="l32"><Coords points="489,1077 489,1102 964,1102 964,1077"/><TextEquiv><Unicode/></TextEquiv><TextEquiv index="1"><Unicode>Laſciuiam nos carminis correximus</Unicode></TextEquiv></TextLine><TextLine id="l33"><Coords points="489,1109 489,1143 878,1143 878,1109"/><TextEquiv><Unicode/></TextEquiv><TextEquiv index="1"><Unicode>Illius, emendauimuſq; ſeriis</Unicode></TextEquiv></TextLine><TextLine id="l34"><Coords points="999,1175 999,1142 863,1142 830,1144 761,1145 488,1144 488,1172 523,1172 575,1176 809,1176"/><TextEquiv><Unicode/></TextEquiv><TextEquiv index="1"><Unicode>Iocos, boni quod literis quam plurimi</Unicode></TextEquiv></TextLine><TextLine id="l35"><Coords points="916,1207 1023,1209 1023,1176 810,1176 759,1178 640,1178 575,1177 552,1175 490,1175 490,1210 497,1210 501,1206 506,1204 531,1204 547,1207 620,1208 642,1210 741,1210 782,1208 873,1208 876,1210 910,1210"/><TextEquiv><Unicode/></TextEquiv><TextEquiv index="1"><Unicode>Teſtantur: inter quos ſenex ille optimus</Unicode></TextEquiv></TextLine><TextLine id="l36"><Coords points="990,1209 916,1208 908,1212 880,1213 873,1209 782,1209 688,1212 546,1207 501,1207 497,1211 489,1211 489,1235 990,1235"/><TextEquiv><Unicode/></TextEquiv><TextEquiv index="1"><Unicode>Et Bembus: s me verſibus lectuſſimis</Unicode></TextEquiv></TextLine><TextLine id="l37"><Coords points="1143,1240 1143,1276 1267,1276 1267,1240"/><TextEquiv><Unicode/></TextEquiv><TextEquiv index="1"><Unicode>rnaui</Unicode></TextEquiv></TextLine><TextEquiv><Unicode/></TextEquiv></TextRegion></Page></PcGts>