1068 1364
366 39 545 63 CAS.
51 77 537 114 Ornait, is pedeſtribus ſermonibus,
50 112 584 146 Cum maxima efſet dignitate præditus,
61 146 605 180 Et ſplendide habitare in meâ dixit domo
50 180 642 214 irtutem, homo grauis, ſenectute vltim
51 212 499 244 Eburneâ tu Flamini me concinis
63 247 522 281 Lyr, & libellos dicis aureos meos.
51 280 539 314 Victoriuſque candidus me laudibus
51 314 589 347 Complexus omnibus, vereri vos vetæt
66 348 600 382 Quid turpe de me non ego poſſum infiti
51 382 519 416 Calumniæ caligine vlla turbidæ,
51 415 570 451 Quando tuetur fama me conſentiens
51 449 576 482 Conanſq;, vatum: totaq; teſtimonio
51 483 495 516 Et acta pure vita luce in vrbium
51 515 565 550 Clariſſimarum. diligit me ciuitas
51 549 551 583 bBeata enetim, vt diligit ciues ſuos.
50 583 687 626 Quid? clariorem habere quod me neminem
55 616 551 653 Se dictitat flos patria vrbium mea:
70 648 606 686 Quid nobile oppidum Bononiæ, artium
71 685 649 723 Cauſsâ bonarum, cognitum vobis quque.
51 719 577 753 Exquiritote, amabo vos, quid ſentiat
69 752 531 786 De me: mea illa ciuitas nutrix fuit.
50 785 559 822 Namque erudiuit illa nos à paruulis.
51 819 580 854 Quid ipſa Roma? prædicanti ignoſcite
71 854 600 887 De me mihi. non tota nos complectitur
51 888 468 921 Amore, mater liberos vti finu
50 921 716 959 Complexa gaudet? quare habere transfugæ
71 954 516 987 De me fidem nolite perditiſſimo:
73 987 532 1022 Sed enecate eum in dies magis ſiti,
74 1020 475 1053 Pedoribuſq; & eſuritionibus:
74 1054 603 1089 Quod belle adhuc feciſſe vos exiſtimo
73 1088 562 1122 Virtute natio. & fide atque induſtrià
72 1121 512 1158 Et literis clara, ingeniiq; gloriâ.
323 1158 533 1192 In G. Saluagu
74 1187 350 1218 O cadauere tabido
70 1222 392 1258 Fœtens Saluage tetrius,
772 1246 873 1302 u
