1065 1362
222 32 616 71 TOANNIS CASÆ.
784 44 827 67 5
83 76 623 109 Extincto hoc paruo munere perſolunt,
50 109 593 143 Accipe ab exilij ſociis fortiſſime buſtum;
84 143 522 176 Et ſcito patriæ vulnus id eſſe tuæ.
50 176 729 212 Quiq; tuum ſaxo condunt cinerem, hos tua corde
85 210 674 243 Condere ſub memori fortia facta puta.
49 243 587 274 Non ciues frenant pro libertate ruentes
84 276 680 311 Cædes ſanguineæ, & vulnera, ſed ſtimulant.
276 311 552 344 De Qintia & Salio.
1 344 637 386 Quintia Romanæ mulier bene cognita plebi
42 378 637 411 Hæc, quam cuſtodem fornicis eſſe ferunt,
26 412 608 445 In quam vicinis tentigine concita ab agris
80 444 577 476 Exercet validum ruſtica turba latus:
1 477 702 516 Quamuis nec longum arguitur ceſſare per æuum,
13 511 727 544 Sedulaque in luſtris nunc quoque præſtat anus:
3 535 643 578 Victa tamen Salio concedit; & vt videt vna
56 577 621 611 Tot nocte hunc cupidos emeruiſſe viros,
52 611 749 643 Hunc lectum, hanc î.it exiguo cum lumine ſellam,
43 644 615 683 Arma meæ melior, tu puer, artis habe.
208 718 324 735 e
2 718 767 771 M. Ai NI CASANOV.
226 777 529 809 De Sriptore & Cithardo.
36 807 752 845 LLISSeſt ſcriptor, Ianus citharœdus: vterque
3 839 639 876 Eiulat; hic chiragr, Lælius at podagrâ.
4 872 743 912 Ambo nocent manibus: ſcribendo hic, ille tacendo.
81 907 622 942 Ifte omnes lacerat: omnibus ille placet.
2 932 653 976 Vt iuuet hic omnes; ne lædat Lælius omneis:
79 975 760 1008 Sit chiragra huic podagra:ſit podagra huic chitagra.
227 1011 531 1034 In Iulium I. Pont. Max.
1 1033 717 1075 ix bellum indictum eſt, cum vincis: nec citius vis
78 1075 673 1109 Vincere, quam parcas: hæc tria agis pariter.
4 1108 630 1145 Vna dedit bellum, bellum lux ſuſtulit vna;
76 1140 605 1174 Nec tibi, quàm bellum, longior ira fuit.
7 1169 750 1208 Hoc nomen diuinum aliquid fert ſecum: & vtrum s
75 1206 635 1242 Mitior, une idem fortior, aimbiguum eſt.
720 1237 832 1262 d -
514 1240 554 1260 V
