1117 1345
535 23 868 59 M.ANTONII
469 73 903 103 d Cardinalem Columnam ſeniorem.
294 107 931 142 S inſpiciant populi deſiderium, alta Columna,
344 141 903 176 Qundocunque obeas; vixeris vna parum.
310 174 924 208 Si ſpectent, quotquot tu erexeris, atq; relictum
345 207 890 235 Ne meritum vnum illis; vixeris vna ſatis.
288 241 1031 273 Mirentur ſi animi, atq; operum monimenta tuorum,
343 274 819 305 Dicent te nullo tempore poſſe mori.
525 308 764 339 In euſim Pictorem.
291 340 939 374 Pinxiſſes totam Venerem; niſi ſola ſuperſint
342 374 944 406 Lumina & vt pingis forte finiſtrum oculum;
290 407 965 440 Accenſus mire eſt: lychnum abſumpſiſſe papyum
344 438 803 471 Leuſi putas? vſſit ſe ipſa ſuis facibus.
303 470 907 507 Namque tuis oculis flammas impegit ocellus,
342 504 876 539 Inq; oculum rediit flamma tuo ex oculo:
293 537 929 571 t Sol, cum excipitur ſpeculo, ſpeculoq; reflexi
341 572 857 607 Ipſi vrunt radij rem ſpeculo oppoſitam.
519 607 791 638 De Alexandro agno.
295 640 829 671 Teſtatur ſe vno rerum natura minorem,
342 671 919 705 Nam, quod plus poſſet vineere, non habuit.
306 705 859 730 Paruus Alexandro fuit orbis: ſed fuit orbi
339 739 822 772 Magnus Alexander; ipſe ſibi exiguus.
305 771 919 805 Queſtus, quod citius, quam miles terra deeſſet.
331 805 918 838 Quodq; ſuum Oceanus clauderet imperium.
285 838 887 871 Omnia viciſſet: ſed non tamen omnia vicit
338 870 825 905 Ille, vbiſe ſolum vincere non potuit.
593 905 704 929 Annibal.
286 935 853 971 Primus in Auſanios obiectas iſſe per Alpes
337 970 851 1005 Dicor, & æthereas non timuiſſe minas.
292 1004 978 1040 Ante ego quàm Italiam, Romanaq; ſigna viderem
336 1037 841 1069 Cum duiis ſcopulis, & loue bella gero.
296 1070 896 1102 Cui non obſtiterint Alpes, non Iuppiter hoſtis
333 1103 805 1134 Vicerit; Auſonij perdomuere duces.
511 1137 783 1160 De M. Tullio Cicerone.
298 1166 936 1203 Proſcribi niſi ab hoc Cicero, & niſi pereuti ab illo
332 1200 821 1242 Poſſet: par facinus hiciubet, ille facit.
894 1230 1078 1269 Caruificm
