1082 1409
294 37 611 63 CASANOVÆ.
800 48 845 74 o
1 73 711 111 Carnificem inuenit tam ſæuum Antonius: ipſe
105 110 560 143 Vix vllâ poſſet ſæuior eſſe manu.
1 141 639 184 Illum non vellet ſe ſeruauiſſe patronus:
105 177 551 207 Illum non vellet ſe genuiſſe pater.
254 210 527 242 De Papyrio Cuſore.
1 243 708 276 Dum tibi tam celeres palmæ rediere, videris
102 276 684 310 Plus manibus Curſor currere, quàm pedibus.
342 311 485 342 De Virgini.
1 342 683 377 Perdere ne poſſet cum libertare pudorem,
102 377 614 411 Quàm melius cecidit filia Virginij
44 409 729 445 Seruat vtrumque cadens: fuerit pulcertima virgo;
104 444 622 476 Non tamen eſt plagâ pulcriorilla ſuâ.
43 476 633 508 Dicere iure poteſt fugiens diſpendia vitæ,
101 511 593 545 Plus enecta patri debeo, quam genita.
373 545 530 576 De Portiâ.
52 576 672 610 Portia magnanimi poteram poſt fata Catonis
105 610 680 643 Viuere? debueram non ſupereſſe patti.
1 642 596 679 Sed me fata tuo ſeruabant, Brute, dolori:
99 676 627 705 An dux ad mortem non ſatis vnus erat?
1 710 669 745 Dumq; ſibi ferrum queritur moritura negari:
99 745 703 779 Hanc, ait, explorant Numina & igne domum.
340 779 464 802 De Clli.
1 808 696 844 Si potuit ſacros contemnere Mutius ignes,
99 843 617 877 Et mihi, ait, ſacræ cur timeantur aquæ?
2 876 798 909 Dumq; animoſa iacit rapidum ſe Clœlia in amnem:
64 909 727 946 Quem fugio, eſt hoſtis, quam peto ait, patria eſt.
296 946 481 969 De Lucretia
56 973 727 1012 Dicite, cum melius cadere ante Lucretia poſſet,
99 1012 620 1044 Cur potius voluit poſt ſcelus illa mori?
1 1043 686 1078 Crimine ſe abſoluit manus illa, habitura coactæ
95 1079 637 1111 Vltorem, & patriæ depoſitura iugum.
62 1109 745 1145 Quàm bene contempto ſacrat ſua pectora ferro,
95 1143 598 1175 Dum pariter famæ conſulit, & patriæ?
277 1176 456 1206 De Bruto.
63 1199 608 1250 Natorum cæde orbaſti te nomine patris,
722 1244 842 1269 Cerneret
484 1245 570 1275 2
