<?xml version="1.0" encoding="UTF-8" standalone="no"?><PcGts xmlns="http://schema.primaresearch.org/PAGE/gts/pagecontent/2019-07-15" xmlns:xsi="http://www.w3.org/2001/XMLSchema-instance" xsi:schemaLocation="http://schema.primaresearch.org/PAGE/gts/pagecontent/2019-07-15 http://schema.primaresearch.org/PAGE/gts/pagecontent/2019-07-15/pagecontent.xsd"><Metadata><Creator/><Created>2022-04-12T09:24:20</Created><LastChange>1970-01-01T00:00:00</LastChange><Comments/></Metadata><Page imageFilename="0756.png" imageHeight="1346" imageWidth="1001"><TextRegion id="r1" orientation="0.0" type="paragraph"><Coords points="1,1 999,1 999,1344 1,1344"/><TextLine id="l1"><Coords points="398,39 398,67 722,67 722,39"/><TextEquiv><Unicode/></TextEquiv><TextEquiv index="1"><Unicode>M.ANTONII</Unicode></TextEquiv></TextLine><TextLine id="l2"><Coords points="209,88 209,118 737,118 737,88"/><TextEquiv><Unicode/></TextEquiv><TextEquiv index="1"><Unicode>Cerneret vt verum te tua Roma patrem.</Unicode></TextEquiv></TextLine><TextLine id="l3"><Coords points="812,119 396,120 312,122 214,122 166,120 166,153 497,153 559,151 812,153"/><TextEquiv><Unicode/></TextEquiv><TextEquiv index="1"><Unicode>Et ſemel optaſti pulcram per vulnera mortem,</Unicode></TextEquiv></TextLine><TextLine id="l4"><Coords points="515,185 685,185 685,153 211,155 211,187 463,187"/><TextEquiv><Unicode/></TextEquiv><TextEquiv index="1"><Unicode>Vt nllo poſſes tempore MBrute mori.</Unicode></TextEquiv></TextLine><TextLine id="l5"><Coords points="347,187 347,219 718,219 718,187"/><TextEquiv><Unicode/></TextEquiv><TextEquiv index="1"><Unicode>De Annibale, Romam obſidente.</Unicode></TextEquiv></TextLine><TextLine id="l6"><Coords points="797,217 306,221 291,220 284,217 181,217 181,253 797,253"/><TextEquiv><Unicode/></TextEquiv><TextEquiv index="1"><Unicode>Ne ſua conſceleret ſpectandolumina Phœbus,</Unicode></TextEquiv></TextLine><TextLine id="l7"><Coords points="569,285 703,285 703,253 217,255 217,287 486,287"/><TextEquiv><Unicode/></TextEquiv><TextEquiv index="1"><Unicode>Nubilus hic, inquit, ſit ſine luce dies.</Unicode></TextEquiv></TextLine><TextLine id="l8"><Coords points="759,285 268,289 181,287 181,320 268,319 556,321 633,319 759,321"/><TextEquiv><Unicode/></TextEquiv><TextEquiv index="1"><Unicode>Pœnus ait: miles clypeis, age,pelle tenebras;</Unicode></TextEquiv></TextLine><TextLine id="l9"><Coords points="682,321 602,320 556,322 501,322 215,320 215,353 682,353"/><TextEquiv><Unicode/></TextEquiv><TextEquiv index="1"><Unicode>Terribilique duplex vſus in ære fuit.</Unicode></TextEquiv></TextLine><TextLine id="l10"><Coords points="705,354 184,354 184,386 705,386"/><TextEquiv><Unicode/></TextEquiv><TextEquiv index="1"><Unicode>Tunc vigil Iliacas tutaris Iuppiter arces;</Unicode></TextEquiv></TextLine><TextLine id="l11"><Coords points="711,419 711,387 219,387 219,420 259,420 272,418 348,418 383,420 617,420"/><TextEquiv><Unicode/></TextEquiv><TextEquiv index="1"><Unicode>Vix tamen &amp; tanti ſunt tua tela pater.</Unicode></TextEquiv></TextLine><TextLine id="l12"><Coords points="786,420 315,420 315,451 786,451"/><TextEquiv><Unicode/></TextEquiv><TextEquiv index="1"><Unicode>De Anibale, dum à Scipione ſuperaretur.</Unicode></TextEquiv></TextLine><TextLine id="l13"><Coords points="719,452 182,451 182,484 438,484 570,482 719,484"/><TextEquiv><Unicode/></TextEquiv><TextEquiv index="1"><Unicode>Herculei ſocius decoris, quo rupit in ima</Unicode></TextEquiv></TextLine><TextLine id="l14"><Coords points="695,484 570,483 217,487 217,511 695,511"/><TextEquiv><Unicode/></TextEquiv><TextEquiv index="1"><Unicode>Altius Auſoniæ viſcera nulla manus,</Unicode></TextEquiv></TextLine><TextLine id="l15"><Coords points="826,515 753,515 746,517 538,518 460,517 306,519 184,518 184,550 826,550"/><TextEquiv><Unicode/></TextEquiv><TextEquiv index="1"><Unicode>Per cœlum Libycis reſerat qui gentibus orbem,</Unicode></TextEquiv></TextLine><TextLine id="l16"><Coords points="655,583 655,550 219,553 219,585 395,585"/><TextEquiv><Unicode/></TextEquiv><TextEquiv index="1"><Unicode>Exuperans vni vix iuga viſa Deo:</Unicode></TextEquiv></TextLine><TextLine id="l17"><Coords points="789,586 773,585 770,582 707,582 700,584 396,585 291,587 226,587 185,585 185,617 789,618"/><TextEquiv><Unicode/></TextEquiv><TextEquiv index="1"><Unicode>Dum caderet pubes Italis ſpectata ruinis,</Unicode></TextEquiv></TextLine><TextLine id="l18"><Coords points="725,651 725,619 597,618 271,620 224,618 220,619 220,652 541,652"/><TextEquiv><Unicode/></TextEquiv><TextEquiv index="1"><Unicode>Talem indignanti protulit ore ſonum:</Unicode></TextEquiv></TextLine><TextLine id="l19"><Coords points="444,685 749,685 759,684 759,651 403,654 184,654 184,687 390,687"/><TextEquiv><Unicode/></TextEquiv><TextEquiv index="1"><Unicode>Quis neget armatum me maieftate perenn?</Unicode></TextEquiv></TextLine><TextLine id="l20"><Coords points="691,717 794,717 794,685 221,688 221,719 611,719"/><TextEquiv><Unicode/></TextEquiv><TextEquiv index="1"><Unicode>Eripere arma poteſt hæc mihi nulla dies.</Unicode></TextEquiv></TextLine><TextLine id="l21"><Coords points="751,752 751,718 432,721 185,721 185,752 535,753"/><TextEquiv><Unicode/></TextEquiv><TextEquiv index="1"><Unicode>Annibali ſat nomen erit, quo terreat hoſtes:</Unicode></TextEquiv></TextLine><TextLine id="l22"><Coords points="217,754 217,782 706,782 706,754"/><TextEquiv><Unicode/></TextEquiv><TextEquiv index="1"><Unicode>Et dum me noris viuere, Roma time.</Unicode></TextEquiv></TextLine><TextLine id="l23"><Coords points="673,818 673,788 399,789 399,820 480,820"/><TextEquiv><Unicode/></TextEquiv><TextEquiv index="1"><Unicode>Scipio Aicanus maior.</Unicode></TextEquiv></TextLine><TextLine id="l24"><Coords points="753,820 185,820 185,846 753,846"/><TextEquiv><Unicode/></TextEquiv><TextEquiv index="1"><Unicode>Lælium amicitia, at victos clementia. virtus</Unicode></TextEquiv></TextLine><TextLine id="l25"><Coords points="219,852 219,880 839,880 839,852"/><TextEquiv><Unicode/></TextEquiv><TextEquiv index="1"><Unicode>Annibalem, ſed nec ſolum habet Annibalem:</Unicode></TextEquiv></TextLine><TextLine id="l26"><Coords points="743,918 900,918 900,886 600,886 400,888 205,888 185,886 185,919 688,920"/><TextEquiv><Unicode/></TextEquiv><TextEquiv index="1"><Unicode>Nam me etiam, vt vinco, virtus Carthaginem vtranque</Unicode></TextEquiv></TextLine><TextLine id="l27"><Coords points="881,919 743,919 688,921 220,920 220,953 881,953"/><TextEquiv><Unicode/></TextEquiv><TextEquiv index="1"><Unicode>Teſtem habet: ac pietas patrem habet, &amp; patiam.</Unicode></TextEquiv></TextLine><TextLine id="l28"><Coords points="368,956 368,979 577,979 577,956"/><TextEquiv><Unicode/></TextEquiv><TextEquiv index="1"><Unicode>Horatius Cocles.</Unicode></TextEquiv></TextLine><TextLine id="l29"><Coords points="182,986 182,1021 738,1021 738,986"/><TextEquiv><Unicode/></TextEquiv><TextEquiv index="1"><Unicode>Solus ad anguſti Cocles diſcrimina pontis,</Unicode></TextEquiv></TextLine><TextLine id="l30"><Coords points="562,1054 611,1052 759,1053 759,1021 219,1021 219,1054 449,1055"/><TextEquiv><Unicode/></TextEquiv><TextEquiv index="1"><Unicode>Cum daret ingentem grata ruina ſonum,</Unicode></TextEquiv></TextLine><TextLine id="l31"><Coords points="595,1085 777,1085 777,1054 611,1053 562,1055 449,1056 187,1054 187,1087 508,1087"/><TextEquiv><Unicode/></TextEquiv><TextEquiv index="1"><Unicode>Non grauis vnus, ait, patriæ iactura reliqui</Unicode></TextEquiv></TextLine><TextLine id="l32"><Coords points="831,1086 595,1086 508,1088 217,1089 217,1118 227,1119 831,1119"/><TextEquiv><Unicode/></TextEquiv><TextEquiv index="1"><Unicode>Non reditum ipſe mihi, nec tibi Etruſce viam.</Unicode></TextEquiv></TextLine><TextLine id="l33"><Coords points="770,1120 494,1120 338,1122 179,1118 179,1152 770,1152"/><TextEquiv><Unicode/></TextEquiv><TextEquiv index="1"><Unicode>Et ſe dum iaceet rapidas animoſus in vndas,</Unicode></TextEquiv></TextLine><TextLine id="l34"><Coords points="724,1154 598,1152 548,1152 499,1154 218,1153 218,1185 724,1185"/><TextEquiv><Unicode/></TextEquiv><TextEquiv index="1"><Unicode>Per medias victor nauit onuſts aquas.</Unicode></TextEquiv></TextLine><TextLine id="l35"><Coords points="864,1183 779,1183 771,1186 744,1187 470,1186 357,1187 218,1186 178,1183 178,1218 224,1217 298,1219 864,1219"/><TextEquiv><Unicode/></TextEquiv><TextEquiv index="1"><Unicode>Non vndæ, hoſtesve obſtiterunt, quin armareferret,</Unicode></TextEquiv></TextLine><TextLine id="l36"><Coords points="748,1221 213,1219 213,1254 748,1254"/><TextEquiv><Unicode/></TextEquiv><TextEquiv index="1"><Unicode>Ama quibus ſeruat ſe patriæ, &amp; patriam.</Unicode></TextEquiv></TextLine><TextLine id="l37"><Coords points="855,1248 855,1290 943,1290 943,1248"/><TextEquiv><Unicode/></TextEquiv><TextEquiv index="1"><Unicode>i</Unicode></TextEquiv></TextLine><TextEquiv><Unicode/></TextEquiv></TextRegion></Page></PcGts>