1001 1346
398 39 722 67 M.ANTONII
171 47 216 75 t
209 88 737 118 Cerneret vt verum te tua Roma patrem.
166 119 812 153 Et ſemel optaſti pulcram per vulnera mortem,
211 153 685 187 Vt nllo poſſes tempore MBrute mori.
347 187 718 219 De Annibale, Romam obſidente.
181 217 797 253 Ne ſua conſceleret ſpectandolumina Phœbus,
217 253 703 287 Nubilus hic, inquit, ſit ſine luce dies.
181 285 759 321 Pœnus ait: miles clypeis, age,pelle tenebras;
215 320 682 353 Terribilique duplex vſus in ære fuit.
184 354 705 386 Tunc vigil Iliacas tutaris Iuppiter arces;
219 387 711 420 Vix tamen & tanti ſunt tua tela pater.
315 420 786 451 De Anibale, dum à Scipione ſuperaretur.
182 451 719 484 Herculei ſocius decoris, quo rupit in ima
217 483 695 511 Altius Auſoniæ viſcera nulla manus,
184 515 826 550 Per cœlum Libycis reſerat qui gentibus orbem,
219 550 655 585 Exuperans vni vix iuga viſa Deo:
185 582 789 618 Dum caderet pubes Italis ſpectata ruinis,
220 618 725 652 Talem indignanti protulit ore ſonum:
184 651 759 687 Quis neget armatum me maieftate perenn?
221 685 794 719 Eripere arma poteſt hæc mihi nulla dies.
185 718 751 753 Annibali ſat nomen erit, quo terreat hoſtes:
217 754 706 782 Et dum me noris viuere, Roma time.
399 788 673 820 Scipio Aicanus maior.
185 820 753 846 Lælium amicitia, at victos clementia. virtus
219 852 839 880 Annibalem, ſed nec ſolum habet Annibalem:
185 886 900 920 Nam me etiam, vt vinco, virtus Carthaginem vtranque
220 919 881 953 Teſtem habet: ac pietas patrem habet, & patiam.
368 956 577 979 Horatius Cocles.
182 986 738 1021 Solus ad anguſti Cocles diſcrimina pontis,
219 1021 759 1055 Cum daret ingentem grata ruina ſonum,
187 1053 777 1087 Non grauis vnus, ait, patriæ iactura reliqui
217 1086 831 1119 Non reditum ipſe mihi, nec tibi Etruſce viam.
179 1118 770 1152 Et ſe dum iaceet rapidas animoſus in vndas,
218 1152 724 1185 Per medias victor nauit onuſts aquas.
178 1183 864 1219 Non vndæ, hoſtesve obſtiterunt, quin armareferret,
213 1219 748 1254 Ama quibus ſeruat ſe patriæ, & patriam.
855 1248 943 1290 i
