1280 1386
294 72 606 98 CASANOV.
45 115 649 152 Quid contemptorem ferri miraris, & vndæt
62 151 601 192 Maiores animas hac tibi, Roma, dabo.
298 186 476 217 M. Marcellus.
46 210 628 250 Vitatem dixiſſe reor, cùm templa dicares;
100 252 617 280 Pro me Marcelli numina, Roma, cole
269 286 504 320 QCincinnatus.
46 315 649 360 Qinctius adſpiceret ſi tam diffuſa ſepulcra,
101 352 613 384 Diceret; ipſe minor noſler agellus erat.
46 384 681 420 Ille tamen me, cum vxorem, & pignora alebat:
67 419 625 453 At moles vnum vix tegit iſta hominem.
45 450 584 486 Repondere meo certabunt rura labori:
104 488 583 513 Iſta tamen ſecum mortua tetra iacet.
45 514 651 560 Quantum. dum vixit, patriæ nocuiſſe putatis
102 553 647 587 Iſtum, quando etiam poſt ſua fata nocet.
317 590 468 619 Demoſthenes.
46 611 723 661 Quid dat præcipuum calamus Demoſthenis?an ne
102 655 653 689 Scripta viri eximij? ſiue necem egregiam?
46 684 592 723 Vtraque res digna eſt iſta ſe liberat, illis
103 723 561 756 Libertatem almæ quæſierat patriæ.
46 749 765 797 Erras, ſi hunc periiſſe putas: neq; enim exiit vnquam,
45 789 691 822 Quod non ſit dignum viuere, ab hoc calamo.
335 825 496 848 M. T. Cicero.
46 846 752 890 Quod maius lumen, Demoſthenis, an Ciceronis
104 889 594 923 Hic nullum; paucos ille pares habuit.
46 920 735 962 Hic decus; ille aurum præfert. hic fortis; at ille
88 956 671 990 Degener. eloquium hic donat; at ille locat.
46 987 710 1024 Profuit aſſidue hic: nonnunquam ille obfuit: illi
95 1023 686 1057 In miſeros ſtudium; huic dicere pro miſeris.
45 1057 697 1090 Immo cum Spartis Thebas, & congere Athenas:
46 1087 682 1124 Quod mentita ſibi eſt Græcia, habet Cicero.
334 1124 565 1155 C Pliius ſecundus.
46 1153 608 1185 Plinius, & Titan illuſtrant omnia: lucem
104 1191 555 1224 Ille dedit terris, artibus ille dedit.-
68 1222 664 1261 Verus vterq; pater: te propter, maime Lri,
105 1257 568 1288 Iure ſe ait ſoles orbis habere duo.
762 1276 852 1313 T
