1280 1386
294 72 606 98 CASANOV.
794 80 841 115 os
2 116 649 152 Quid contemptorem ferri miraris, & vndæt
62 151 601 192 Maiores animas hac tibi, Roma, dabo.
298 186 476 217 M. Marcellus.
2 210 628 250 Vitatem dixiſſe reor, cùm templa dicares;
100 252 617 280 Pro me Marcelli numina, Roma, cole
269 286 504 320 QCincinnatus.
3 316 649 362 Qinctius adſpiceret ſi tam diffuſa ſepulcra,
101 352 613 384 Diceret; ipſe minor noſler agellus erat.
4 384 681 428 Ille tamen me, cum vxorem, & pignora alebat:
67 419 625 453 At moles vnum vix tegit iſta hominem.
4 441 584 495 Repondere meo certabunt rura labori:
104 488 583 513 Iſta tamen ſecum mortua tetra iacet.
2 511 651 560 Quantum. dum vixit, patriæ nocuiſſe putatis
102 553 647 587 Iſtum, quando etiam poſt ſua fata nocet.
317 590 468 619 Demoſthenes.
3 611 723 661 Quid dat præcipuum calamus Demoſthenis?an ne
102 655 653 689 Scripta viri eximij? ſiue necem egregiam?
2 679 592 725 Vtraque res digna eſt iſta ſe liberat, illis
103 723 561 756 Libertatem almæ quæſierat patriæ.
4 744 765 797 Erras, ſi hunc periiſſe putas: neq; enim exiit vnquam,
34 789 691 822 Quod non ſit dignum viuere, ab hoc calamo.
335 825 496 848 M. T. Cicero.
1 847 752 890 Quod maius lumen, Demoſthenis, an Ciceronis
104 889 594 923 Hic nullum; paucos ille pares habuit.
1 920 735 962 Hic decus; ille aurum præfert. hic fortis; at ille
88 956 671 990 Degener. eloquium hic donat; at ille locat.
1 987 710 1024 Profuit aſſidue hic: nonnunquam ille obfuit: illi
95 1023 686 1057 In miſeros ſtudium; huic dicere pro miſeris.
12 1057 697 1090 Immo cum Spartis Thebas, & congere Athenas:
1 1076 682 1124 Quod mentita ſibi eſt Græcia, habet Cicero.
334 1124 565 1155 C Pliius ſecundus.
1 1153 608 1185 Plinius, & Titan illuſtrant omnia: lucem
104 1191 555 1224 Ille dedit terris, artibus ille dedit.-
68 1222 664 1261 Verus vterq; pater: te propter, maime Lri,
105 1257 568 1288 Iure ſe ait ſoles orbis habere duo.
762 1276 852 1313 T
543 1292 633 1323 I
