1016 1341
304 47 677 90 M.ANTONII
434 92 508 115 Tutia.
166 116 761 158 Omnia quæ vigili ſemper Dea lumine cernis,
189 157 643 189 Si mereor, ne me ſic patiare mori.
164 188 758 224 Tuque, & Tibri, faue, patriæ fidiſſime cuſtos:
199 222 710 256 Cuius virginibus numen adeſſe ſolet.
163 256 747 290 Et cribro ſancti dum ferret fluminis vndam,
197 290 707 323 Cedite, ait, famæ turba profana meæ.
165 323 754 355 Cedite: nunc mea vita vllo ne poſſit ab æuo
194 358 705 397 Extingui, æterno lumen ab igne capit.
388 400 630 434 De picturâ quadam.
164 437 745 472 Poſſe loqui credas: ſunt & ſua ſenſa tabellæ.
195 472 757 504 Nunc gemino geminas vna agit ore faces.
163 505 727 537 Cetera ſi formæ reſpondent; fœmina naſci,
194 538 703 572 Aut Dea non pingi pulcrior ore poteſt.
407 586 580 610 Claudius Nero.
158 624 830 667 Dum celeres anmos celeri pede Claudius æquat
192 661 746 694 Mecum age nunc miles vtere, ait, pedibus.
159 693 790 726 Mox etiam: pedibus quid poſſes, vidi ego, miles.
193 726 748 759 Nunc oftende hoſti, quid valeas manibus.
420 762 594 794 M. Cariolanus.
156 792 842 826 Poſtquam animam in vacuas effudit Martius auras,
190 827 617 859 Audiit & nati triſtia fata parens,
158 858 804 888 Teſtem, infit, nate exilium virtutis habebas:
188 893 702 926 At teſtem exitium nunc pietatis habes.
409 929 598 952 Fuluius Flaccus.
156 958 785 993 Si renuo, imuidiam, perituros Flaccus honores:
191 992 711 1024 Quod caret inuidiâ, non renuo exilium.
156 1025 752 1058 Dum me, qud renuo. fatear s Roma mereri.
188 1058 735 1091 Et; quod non renuo, me meruiſſe neges.
470 1095 540 1127 Cus.
155 1124 656 1158 Iure, ait, ingenti rapior ardore duelli:
187 1157 722 1188 Et patria immemorem me facit ſſe mei
152 1189 816 1231 Nam ſi vincendum eſt, vel ſi mihi forte cadcndum,
186 1220 689 1266 Victurus mclius, nec moriturus ero.
814 1246 938 1286 Sertri
