1304 1356
280 8 614 46 CASANOVÆ.
807 31 874 55 5
282 65 441 99 Sertorius.
2 87 643 142 Dcere ardaniis poterat nutritus in armis,
106 132 708 165 Dura per Heſperium dum gerit arma ſolum:
4 164 602 207 Armaui inuictum me maieſtate perenni:
104 198 699 232 Nil timet hæc, miles dum gerit arma, manus.
4 221 802 272 Compulit hæc toties fugientem in caſtra Metellum
108 265 619 297 Hæc toties Magni terga videnda dedit.
7 285 624 339 Iluſtrare alij poterunt per funera vitam:
104 332 577 363 Vita mihi vitam poſt mea fata dabit.
317 368 425 390 Luculus.
6 388 602 436 tſe barbaricis reuocari ſenſit ab armis
77 431 549 461 Lucullus, tales ſoluit ab ore ſonos:
4 454 836 507 Nil ſupereſt, quod agas; quid enim tibi Magne relict eſt
103 499 686 532 Crede tibi hoc Pontum dicere, & Armeniam.
4 528 754 566 Quos titulos mhi, Roma, tuus dare debuit hoſtis,
67 566 659 602 Ipſa negas. quod non vis dare, fama dabit.
291 601 442 630 Curtius.
3 622 659 675 Nunc ego. vos Superi: teſtes pietatis habebo;
101 667 596 700 Dixit: & impulſo præcipitatur equo.
5 689 698 741 Quàm bene deuouit ſpecioſos Curtius anno
98 733 649 766 Pulcrior & quanto mors miſeranda venit.
243 767 612 793 De C. Fabio & Pauo Emilio.
1 786 660 840 Fraternâ Fabius renuit nece: fata triumphus
100 835 534 867 Inter natorum contigit milio.
1 856 749 899 Fortunam hic, pietas hunc vicit. tam bene vinci,
99 900 626 935 Tam bene qui poſſit vincere, nullus erit.
268 937 577 967 Menenius Agritpp.
1 965 759 1001 Communi Agrippæ decorant dum funera ſum pt
98 1000 553 1033 Iſta locuturus, ſi potuiſſet, erat:
1 1034 595 1073 Paupertas noſtræ faerat gratiſſima vitæ:
95 1064 648 1099 Cur mihi mors pompâ luxurioſa nouâ
1 1096 674 1132 Vuus eram minimo conten tus: poſt ſua fata
96 1133 638 1164 Non etiam minimo mortuus vllus eget.
2 1164 697 1198 Paupertas, poſt fata figens, ditiſſima res eſ
64 1199 642 1238 Sola ſuas nulld tempore perd t opes.
653 1216 864 1264 Delate
489 1234 653 1265 I
