1019 1342
396 35 749 62 M.ANTONII
172 45 215 71 7i2
365 77 697 104 De Marte & Mineruâ.
172 111 853 146 Cum ſine patre datus Mars, & ſine matre Minerua:
208 145 747 175 Plus ne boni natum cteditis, an ne mali?
411 180 615 203 De M. Marcelo.
172 212 781 245 Non mallet captam tanto præ funere Romam
210 245 719 278 Pœnus: & ingenti ſic ferus ore tonat:
174 278 785 315 Qui potuit patrium ſpoliis ornare Tonantem,
207 311 758 347 Quique Syracuſiâ victor ab rbe redit:
174 345 787 382 Quem ſua per gladios euexit ad æthera virtus;
211 379 672 411 Hic potuit veſtri terga videre ducis,
175 410 776 447 Quod ſi Marcellum Carthaginis ora tuliſſet;
207 444 775 475 Hoc duce iam, fateor, diruta Roma fores.
354 485 718 524 De C. Ialio Caſare dictatore.
174 526 753 569 Spectat Alexandri picta vt certamina Cæſar:
207 565 816 601 Aſt ego nondum aliquid geſſi;ait illacrymans.
176 600 755 638 Quid? s & Alexander ſpectaſſet Caaris acta,
207 634 672 667 Dixiſſet: Perſas vincere pigritia eſt.
418 684 656 715 De Pompeio magno.
115 715 838 749 Noſtra trophæa orbem implerunt, & Nerea tutus
212 749 683 782 Per magnum ſoli fecimus ire rate.
106 780 639 823 Cetera confeci. ciuilia bella relicta
210 816 746 849 Sunt tantum alterius conficienda manu.
103 838 836 892 Plus quenquam, fas non eſſet. ſceleri datur, vllum
207 883 653 914 Fortunæ metam præteriiſſe meæ.
392 914 766 948 De M. Buvo & C. Caſare.
101 940 755 991 Cæſaris, & Bruti ſacratum ſanguine ferrum
211 984 696 1016 Officium patriæ præſtitit, & domino.
103 1008 739 1054 Va pium cædes oſtendit, & alterafortem:
208 1050 655 1077 Non alio Cæſar debuit enſe mori.
402 1082 641 1108 De Horatio & Fabis.
95 1106 827 1156 Sruaſſe hanc cutſu memoratur Horatius vrbem
207 1148 672 1177 At Pabius ſolâ reſtituiſſe morâ.
105 1180 765 1215 Tam bene cunctari qui poſſit, non erit vllus:
207 1213 745 1250 Tam bene qui poſſit cutrete, nullus erit.
831 1250 1017 1284 D mibus
