1289 1391
264 9 597 36 CASANOV
319 54 523 80 De tribus Decis.
2 76 658 128 Tees Decii Romæ naſcuntur. Numina naſci
106 121 521 154 Iure illos alio non voluere loco.
3 144 631 197 d, dum ſe patriæ ſic deuouëre, videntur
108 188 586 218 Nec melius naſci, nec potuiſſe mori.
303 222 630 253 De Atilio rrs miite.
5 242 648 299 Dum videt abſciſſ miles diſpendia dexttæs
95 288 552 321 Sufficiat bello læua ſuperſtes, ait.
5 311 696 365 Quam quoq; vt inectat virtus animoſa carinæ,
107 356 640 389 Sorte neque alterius territus ille pari eſt:
5 377 702 427 Vitor adhuc, hoſtem impellens ſic intonat ore:
106 422 697 456 Diſcite, quos habeant Cæſaris arma viros,
4 444 796 500 Nos freta, nos ferrum, nos temnere poſſumus lgn
106 490 729 524 Vincimus abſq; manu: viuimus abſq; anima.
239 524 596 556 De luliâ Pompeiâ, Cæſars fili.
3 545 653 602 Dixiſſet ſic mœſta vro, ſic mœfta parenti:
102 591 617 623 Ante faces patriæ ni tumulata foret,
3 614 658 669 Noſter erit, quiſquis referet victricia ſign
103 658 626 692 Et qui victus erit, hic quoq; noſter erit.
2 681 590 735 Sed ſum vel victo pariter caſura parente
50 726 554 754 Iulia, vel victo ſum moritura viro.
351 761 503 791 De Eurdiee.
1 791 604 823 Nulla ſuos vvxot melius iactabit amores:
105 823 700 860 Nam mori, vt Eurydice, bis bene nulla pote,
67 858 661 900 Et ſi forte mori cuiquam bis poſſe daretur,
101 893 620 927 Eurydice fieri non tamen vlla velit.
220 926 673 960 De Spartan matre, filium interficiento.
68 959 762 994 Dum ſe, & dum patria indignum Spartana necaret.
59 994 573 1028 Quærenti dixit, nunc ego mater ero.
1 1025 742 1063 Plus pariet mihi, ventre manus: facit iſta parentem:
1 1059 641 1115 Quæ mihi,quæ patriæ non peritura parit.
315 1096 485 1128 C. Caiu.
1 1116 613 1164 Proiee te in ferrum miles, iutabitur iſtos
102 1161 638 1194 Per cineres: victus pro patriâ moreris.
1 1165 654 1230 Nil poſt fata refert volucres pauiſſe: ſacrabus
718 1221 844 1248 Plus
520 1229 604 1261 Is
