1033 1346
97 1 131 32 e
401 40 740 65 M.ANTONII
155 51 221 79 r
153 82 717 117 Plus campi, qu plus dilaceratus eris.
96 77 130 109 l
178 114 828 154 Ecquid erit, veſter metuam quod Caſſius, illum
213 149 820 182 Non metuens, magni qui tremor orbis erat?
450 186 514 208 Plato.
179 214 787 248 Vt referunt ſacri incunabula prima Platonis;
212 250 643 284 Ipſius in labris mellificaſtis apes,
181 282 667 315 Ni nos deludunt oracula Socratis, illi
214 316 660 351 In ſomnis cycni viſus in effigie eſt.
179 347 781 382 Indicia hæc voluere, auditor dignus vt efſet
214 383 704 417 Socratis, & dignus doctor Ariſtotelis.
453 417 635 445 Ariſtoteles.
178 444 904 478 Vno oculo vnum hominem mirum eſt potuiſſe videre
212 479 817 517 Qurequid cœlum oculis proſpicit innumeris.
177 513 828 547 Ni tot lumina habet, quot verba. at fallimur, vni
210 547 763 580 Ni verbo innumeros credimus eſſe oculos.
176 581 753 615 Iure ab Ariſtotele nil cœlum diſtat: vterque
209 615 748 649 Dum videt æternis omnia luminibus.
399 652 563 682 Pentheſilæa.
94 673 126 745 l
176 683 743 717 Pentheſilæa, tuæ ſi vera eſt fama cateruæ,
210 717 719 756 Optarent tales ſpicula noſtra viros.
402 752 640 784 Epitaphium Paulla.
170 782 736 818 Seruatura virum venienti ſe obiicit haſtæ;
211 818 678 850 Et non fœmineo pectore tela tulit.
173 847 894 882 Dum traiecta manu trahit haſtam Paulla: ſecuta est
209 879 931 916 Haſta manum, haſtam anima, & læta ſua ipſa nece e.
174 917 663 951 Felix: quæ fidei ſic ſpectatore marito
207 952 680 985 Occidis; & vitæ plus paritura peris.
415 986 554 1008 Parehenius.
171 1016 755 1050 Aſe ſeruatum Martiſque forique procella,
209 1050 796 1083 Dum videt in ſe enſem ſlringere Parthenius:
172 1082 899 1116 Et dextram, & linguam illi offert, atq; infit: vtramuis
206 1115 859 1149 Abſcinde: hæc pro te pugnat, & hæc loquitur.
452 1154 588 1174 De Homero.
169 1182 853 1215 An Smyrna eſt, quæ te naſcentem excepit Homere
201 1215 782 1250 An ne fuit, vatem quæ tumulauit Ios?
858 1248 947 1277 Alters
