1291 1404
268 109 632 149 CASANOvÆ.
41 145 709 189 Altera nomen habet violæ; tenet ltera myrrhæ:
40 185 733 218 Fata tuum his decorant ortum, obitumq; locis.
41 218 696 257 Quid magis eft, quod te diuine deceret Homere,
41 252 650 286 Quàm naſci in myrrhâ, decedere in violâ?
340 298 475 330 De Vigilio.
41 330 614 376 Dicite, qui ripas Minci coluiſtis, olores,
93 376 556 409 Vobiſcum exorta eſt gloria Virgilij?
41 403 699 452 Die mihi Patthenope, ſic ſis pulcerrima ſemper,
80 443 613 475 irgilisne tuo decidit in gremio?
41 468 655 519 Et meruit, cui contigerat naſci inter Olores,
74 509 561 549 Mmter Seirenum decubuiſſe choros.
319 549 525 585 Prſpero Glumnæ.
41 574 681 625 Tres modo fama duces circa tria munera bell
41 621 633 654 Ante alios primum iuſſit habere locum:
41 652 658 691 aſtra locare, fuit Pyrrhi, Fabiiq; morari:
90 687 600 722 Marcelli proprium, conſeruiſſe manus.
41 713 686 756 Tu caſtris hoſtemq; morâ, & certamine Proſper
41 754 655 790 Viciſti: atque trium quod fuit, vnus habes.
248 900 572 933 MANTVANI.
278 936 545 977 De Hylâ & Euyale.
36 975 755 1049 VM coeunt, pugnantq; ſimul genialibus armis
106 1021 654 1055 Pulcer Hylas, & Hylâ pulcrior Euryale;
52 1055 614 1088 Emiſere animam linguis vibrantibus, inter
87 1088 732 1119 Oſcula. nam exhauſit dulcis vtrmq; Venus.
40 1118 693 1156 Mœſtus Amor flammas perfracto ſubdidit arou;
87 1152 660 1188 Et pharetrà atque vſtis fleuit arundinibus.
41 1186 595 1223 Hnc & odoratâ cineres contexit in vrnâ;
81 1218 620 1256 At que animas campos duxit ad Elyſios.
41 1252 624 1286 Felices ambo: cum non potuiſſet vterque
54 1287 545 1322 Dulcius extingui, nobiliusve tei
656 1297 883 1353 aALTA-
