<PcGts xmlns="http://schema.primaresearch.org/PAGE/gts/pagecontent/2017-07-15" xmlns:xsi="http://www.w3.org/2001/XMLSchema-instance" xsi:schemaLocation="http://schema.primaresearch.org/PAGE/gts/pagecontent/2017-07-15 http://schema.primaresearch.org/PAGE/gts/pagecontent/2017-07-15/pagecontent.xsd"><Metadata><Creator>User123</Creator><Created>2020-04-25T21:20:14</Created><LastChange>2020-04-25T21:20:14</LastChange></Metadata><Page imageFilename="0763.png" imageHeight="1404" imageWidth="1291"><TextRegion id="r0" type="paragraph"><Coords points="1,1 1289,1 1289,1402 1,1402"/><TextLine id="r0_l001"><Coords points="897,35 897,58 1008,58 1008,35"/><TextEquiv index="1"><Unicode></Unicode></TextEquiv></TextLine><TextLine id="r0_l002"><Coords points="268,109 268,149 632,149 632,109"/><TextEquiv index="1"><Unicode>CASANOvÆ.</Unicode></TextEquiv></TextLine><TextLine id="r0_l003"><Coords points="797,124 797,147 835,147 835,124"/><TextEquiv index="1"><Unicode></Unicode></TextEquiv></TextLine><TextLine id="r0_l004"><Coords points="39,191 46,186 73,185 135,186 234,184 432,184 709,187 709,146 677,146 668,150 587,150 433,147 226,148 202,147 198,145 5,145 5,192 31,192"/><TextEquiv index="1"><Unicode>Altera nomen habet violæ; tenet ltera myrrhæ:</Unicode></TextEquiv></TextLine><TextLine id="r0_l005"><Coords points="784,185 773,185 768,188 762,189 432,185 234,185 135,187 73,186 46,187 39,192 31,193 6,193 6,219 323,217 784,219"/><TextEquiv index="1"><Unicode>Fata tuum his decorant ortum, obitumq; locis.</Unicode></TextEquiv></TextLine><TextLine id="r0_l006"><Coords points="32,258 88,257 101,256 112,253 145,252 478,251 696,253 696,221 397,218 5,220 5,263 20,264"/><TextEquiv index="1"><Unicode>Quid magis eft, quod te diuine deceret Homere,</Unicode></TextEquiv></TextLine><TextLine id="r0_l007"><Coords points="650,254 640,253 299,252 145,253 112,254 101,257 88,258 32,259 24,262 19,266 19,281 21,286 650,286"/><TextEquiv index="1"><Unicode>Quàm naſci in myrrhâ, decedere in violâ?</Unicode></TextEquiv></TextLine><TextLine id="r0_l008"><Coords points="340,298 340,330 475,330 475,298"/><TextEquiv index="1"><Unicode>De Vigilio.</Unicode></TextEquiv></TextLine><TextLine id="r0_l009"><Coords points="31,376 51,374 614,376 614,335 541,334 448,336 335,335 279,336 268,333 95,334 7,329 7,385 21,385"/><TextEquiv index="1"><Unicode>Dicite, qui ripas Minci coluiſtis, olores,</Unicode></TextEquiv></TextLine><TextLine id="r0_l010"><Coords points="556,376 93,376 93,407 556,409"/><TextEquiv index="1"><Unicode>Vobiſcum exorta eſt gloria Virgilij?</Unicode></TextEquiv></TextLine><TextLine id="r0_l011"><Coords points="699,403 624,403 618,406 610,407 567,410 332,410 252,408 113,409 38,405 30,403 21,395 6,395 6,452 22,452 35,442 46,441 462,443 600,442 607,445 614,451 699,452"/><TextEquiv index="1"><Unicode>Die mihi Patthenope, ſic ſis pulcerrima ſemper,</Unicode></TextEquiv></TextLine><TextLine id="r0_l012"><Coords points="80,443 80,475 613,475 613,443"/><TextEquiv index="1"><Unicode>irgilisne tuo decidit in gremio?</Unicode></TextEquiv></TextLine><TextLine id="r0_l013"><Coords points="655,469 613,468 602,474 580,476 144,477 42,473 31,469 24,462 6,462 6,519 15,519 22,511 26,509 62,508 336,508 590,510 611,511 620,515 623,518 629,519 655,519"/><TextEquiv index="1"><Unicode>Et meruit, cui contigerat naſci inter Olores,</Unicode></TextEquiv></TextLine><TextLine id="r0_l014"><Coords points="561,511 336,509 74,509 74,549 252,549 260,545 432,549 561,549"/><TextEquiv index="1"><Unicode>Mmter Seirenum decubuiſſe choros.</Unicode></TextEquiv></TextLine><TextLine id="r0_l015"><Coords points="525,550 319,549 319,585 525,585"/><TextEquiv index="1"><Unicode>Prſpero Glumnæ.</Unicode></TextEquiv></TextLine><TextLine id="r0_l016"><Coords points="710,574 662,574 651,578 596,580 590,584 579,587 489,588 286,587 261,585 250,579 126,579 36,574 5,574 5,629 18,629 22,625 30,621 67,620 665,620 676,622 685,629 710,629"/><TextEquiv index="1"><Unicode>Tres modo fama duces circa tria munera bell</Unicode></TextEquiv></TextLine><TextLine id="r0_l017"><Coords points="633,653 633,621 40,622 40,651 203,654 603,654"/><TextEquiv index="1"><Unicode>Ante alios primum iuſſit habere locum:</Unicode></TextEquiv></TextLine><TextLine id="r0_l018"><Coords points="22,690 29,687 72,686 182,686 229,688 650,687 658,691 658,654 203,655 147,653 77,653 31,652 24,649 18,643 5,643 5,696 16,696"/><TextEquiv index="1"><Unicode>aſtra locare, fuit Pyrrhi, Fabiiq; morari:</Unicode></TextEquiv></TextLine><TextLine id="r0_l019"><Coords points="600,720 600,689 229,689 182,687 90,687 90,719 96,720 364,722"/><TextEquiv index="1"><Unicode>Marcelli proprium, conſeruiſſe manus.</Unicode></TextEquiv></TextLine><TextLine id="r0_l020"><Coords points="26,756 31,754 88,753 191,753 233,755 340,756 598,754 686,755 686,713 662,713 653,718 639,720 604,721 272,723 212,721 48,720 28,718 22,715 14,708 4,708 4,764 18,764"/><TextEquiv index="1"><Unicode>Tu caſtris hoſtemq; morâ, &amp; certamine Proſper</Unicode></TextEquiv></TextLine><TextLine id="r0_l021"><Coords points="655,755 340,757 233,756 191,754 88,754 31,755 26,757 18,765 18,782 22,790 655,790"/><TextEquiv index="1"><Unicode>Viciſti: atque trium quod fuit, vnus habes.</Unicode></TextEquiv></TextLine><TextLine id="r0_l022"><Coords points="951,799 902,799 902,848 908,848 915,852 951,852"/><TextEquiv index="1"><Unicode></Unicode></TextEquiv></TextLine><TextLine id="r0_l023"><Coords points="3,809 3,852 174,852 174,809"/><TextEquiv index="1"><Unicode></Unicode></TextEquiv></TextLine><TextLine id="r0_l024"><Coords points="783,865 783,849 713,849 713,865 776,866"/><TextEquiv index="1"><Unicode>.</Unicode></TextEquiv></TextLine><TextLine id="r0_l025"><Coords points="855,863 846,858 808,857 799,864 792,866 720,867 707,865 699,859 692,859 691,847 689,845 681,843 549,844 534,839 387,839 384,842 382,848 380,849 377,842 374,839 213,839 192,848 189,851 188,860 143,859 73,860 72,852 68,848 62,845 43,845 43,893 855,893"/><TextEquiv index="1"><Unicode>OANNIS CASPAR</Unicode></TextEquiv></TextLine><TextLine id="r0_l026"><Coords points="248,900 248,933 572,933 572,900"/><TextEquiv index="1"><Unicode>MANTVANI.</Unicode></TextEquiv></TextLine><TextLine id="r0_l027"><Coords points="278,936 278,977 545,977 545,936"/><TextEquiv index="1"><Unicode>De Hylâ &amp; Euyale.</Unicode></TextEquiv></TextLine><TextLine id="r0_l028"><Coords points="755,978 629,979 606,980 598,982 243,984 232,981 188,981 132,976 1,975 1,1017 74,1017 81,1021 91,1022 491,1022 548,1020 700,1020 708,1022 755,1022"/><TextEquiv index="1"><Unicode>VM coeunt, pugnantq; ſimul genialibus armis</Unicode></TextEquiv></TextLine><TextLine id="r0_l029"><Coords points="547,1053 654,1054 654,1021 548,1021 491,1023 97,1022 91,1023 81,1022 74,1018 1,1018 1,1050 82,1051 108,1053 116,1055 495,1055"/><TextEquiv index="1"><Unicode>Pulcer Hylas, &amp; Hylâ pulcrior Euryale;</Unicode></TextEquiv></TextLine><TextLine id="r0_l030"><Coords points="614,1085 614,1055 311,1056 185,1058 129,1057 115,1055 52,1055 52,1088 458,1088"/><TextEquiv index="1"><Unicode>Emiſere animam linguis vibrantibus, inter</Unicode></TextEquiv></TextLine><TextLine id="r0_l031"><Coords points="948,1055 948,1085 995,1085 995,1055"/><TextEquiv index="1"><Unicode></Unicode></TextEquiv></TextLine><TextLine id="r0_l032"><Coords points="732,1088 459,1088 325,1091 171,1091 130,1089 87,1089 87,1119 560,1119 594,1117 732,1119"/><TextEquiv index="1"><Unicode>Oſcula. nam exhauſit dulcis vtrmq; Venus.</Unicode></TextEquiv></TextLine><TextLine id="r0_l033"><Coords points="361,1154 501,1154 567,1151 693,1151 693,1119 594,1118 484,1122 152,1124 96,1123 41,1120 32,1117 23,1108 20,1107 1,1107 1,1156 22,1156 26,1154 131,1156 296,1156"/><TextEquiv index="1"><Unicode>Mœſtus Amor flammas perfracto ſubdidit arou;</Unicode></TextEquiv></TextLine><TextLine id="r0_l034"><Coords points="660,1152 567,1152 501,1155 361,1155 296,1157 87,1156 87,1187 98,1188 427,1188 567,1185 616,1185 660,1188"/><TextEquiv index="1"><Unicode>Et pharetrà atque vſtis fleuit arundinibus.</Unicode></TextEquiv></TextLine><TextLine id="r0_l035"><Coords points="21,1228 30,1224 59,1222 393,1222 453,1221 513,1217 595,1219 595,1186 364,1190 157,1190 1,1186 1,1231 18,1231"/><TextEquiv index="1"><Unicode>Hnc &amp; odoratâ cineres contexit in vrnâ;</Unicode></TextEquiv></TextLine><TextLine id="r0_l036"><Coords points="448,1254 479,1252 620,1252 620,1220 513,1218 453,1222 393,1223 81,1223 82,1255 336,1256"/><TextEquiv index="1"><Unicode>At que animas campos duxit ad Elyſios.</Unicode></TextEquiv></TextLine><TextLine id="r0_l037"><Coords points="913,1212 913,1271 955,1271 955,1212"/><TextEquiv index="1"><Unicode></Unicode></TextEquiv></TextLine><TextLine id="r0_l038"><Coords points="624,1253 479,1253 448,1255 336,1257 217,1256 102,1257 34,1252 26,1249 17,1240 1,1240 1,1286 624,1286"/><TextEquiv index="1"><Unicode>Felices ambo: cum non potuiſſet vterque</Unicode></TextEquiv></TextLine><TextLine id="r0_l039"><Coords points="54,1287 54,1322 545,1322 545,1287"/><TextEquiv index="1"><Unicode>Dulcius extingui, nobiliusve tei</Unicode></TextEquiv></TextLine><TextLine id="r0_l040"><Coords points="917,1292 917,1336 959,1336 959,1292"/><TextEquiv index="1"><Unicode></Unicode></TextEquiv></TextLine><TextLine id="r0_l041"><Coords points="656,1297 656,1353 883,1353 883,1297"/><TextEquiv index="1"><Unicode>aALTA-</Unicode></TextEquiv></TextLine><TextLine id="r0_l042"><Coords points="901,1351 901,1388 956,1388 956,1351"/><TextEquiv index="1"><Unicode></Unicode></TextEquiv></TextLine><TextLine id="r0_l043"><Coords points="854,1364 854,1392 894,1392 894,1364"/><TextEquiv index="1"><Unicode></Unicode></TextEquiv></TextLine></TextRegion></Page></PcGts>