1028 1348
373 19 764 65 BALTHASARI
180 33 235 56 I6
230 94 908 129 ALTHASARIS C1
477 142 658 166 LIONIS.
500 183 605 214 Al on.
184 210 792 254 REPTVMfatis primo ſub flore iuuentæ,
183 247 840 276 Alconem nemorum decus & ſolatia amantum,
184 280 889 316 Quem toties Fauni, & Dryades ſenſere canentem
183 315 755 348 Quem toties Pan eſt, toties miratus Apollo,
180 348 713 380 Flebant paſtores, ante omnes carus Iolas
180 382 785 414 Triſtia perfundens lacrymis manantibus ora,
182 414 747 447 Crudeles ſuperos, crudeliaq; aſtra vocabat.
181 446 854 480 t gemit amiſſos fœtus Philomela ſub vmbris,
177 479 734 513 Aut qualis ſociâ viduatus compare turtur,
184 512 833 547 Quam proculincautam quercu ſpeculatus ab alta
187 546 677 578 Immitis calamo paſtor deiecit acuto:
184 579 730 614 Non viridi ſedit ramo, non gramine læto,
183 614 753 642 Non vitrei dulcem libauit fluminis vndam,
185 646 769 681 Sed gemitu amiſſos tantum teſtatus amores,
183 681 928 716 Languidulus mœſtis complet nemora alta querelis.
182 714 798 746 Nulla dies miſerum lacrymis ſine vidit Iolam,
182 747 812 778 Nec cum Sol oritur, nec cum ſecondit in vndas;
189 781 851 814 Non illi pecudes, non pingues paſcere tauros
185 814 788 848 Cura erat. aut paſtos ad flumina ducere potum
180 848 832 881 Hœdorimve gregem, aut vitules includere ſeptis,
183 880 787 906 Tantum inter ſiluas, aut ſolo in littore ſecum
182 914 756 949 Perditus, & ſeræ oblitus decedere nocti
181 947 833 980 Rupibus hæc fruſtra, & ſurdis iactabat arenis.
180 981 813 1014 Alcon deliciæ Muſarum, & Apollinis, Alcon
180 1015 785 1047 Pars animæ, cordis pars Alcon maxima noſtri,
180 1047 819 1081 Et dolor, his lacrymas oculis habiture perennes,
181 1081 807 1116 Quis Deus, aut quis te caſus miſer abſtulit?ergo
185 1114 771 1147 Optima quæque rapit duri inclementia fati?
179 1146 920 1180 Ergo bonis tantum eſt aliquod male numen amicum?
180 1179 780 1209 Non metit ante diem lactentes meſſor ariſtas.
179 1210 739 1248 Immatura rudis non carpit poma colonus:
860 1251 1025 1309 At fera
204 1306 237 1334 M
