1044 1355
427 31 720 55 BALTHAS.
202 40 244 68 7i8
188 70 783 106 Heu miſerande puer fatis ſurrepte malignis,
207 107 890 143 Non ego te poſthac paſtorum adſtante corona
207 140 821 174 Victorem adſpiciam volucri certare ſagittâ,
209 172 793 205 Aut iaculo, aut dura ſocios ſuperare palæſtiâ.
208 206 856 242 Non tecum poſthac molli reſupinus in vmbrâ
195 240 736 275 Effugiam longos æſtiuo tempore ſoles,
209 274 764 307 Non tua vicinos mulcebit fiſtula montes,
207 300 877 344 Docta nec vmbroſæ reſonabunt carmina valles:
210 341 787 375 Non tua corticibus toties inſcripta Lycois,
208 366 883 409 Atque ignis Galatea meus, non iam ſimul ambos
209 408 751 439 Audierint ambæ noſtros cantare furores.
210 432 962 472 Nos etenim à teneris ſimul vſque huc viximus anpis,
209 471 812 506 Frigora, pertulimusq; æſtus noctesq; diesque,
211 504 890 539 Communique ſimul ſunt parta armenta labore.
210 537 881 568 Rura mea hæc tecum communia, viximus vnà,
211 569 867 605 Te moriente igitur cur nam mihi vita relicta eſt?
211 605 842 639 Heu male me ira Dem patriis abduxit ab oris.
209 638 866 672 Ne manibus premerem morientia lumina amicis,
211 671 995 704 Aut abeuntis adhuc ſupremum animæ halitum in auras
212 704 826 739 Exciperem ore meo, gelldis atque oſcula labris.
205 739 730 771 Inuideo, Leucippe, tibi, ſuprema dolenti
197 772 808 806 Deficiens mandata bonus tibi præbuit Alcon;
214 806 781 839 Spectauitque tuos morienti lumine vultus,
210 839 811 872 Frigida tu mœſto impoſuiſti membra feretro,
200 870 958 905 Sparſiſti & lacrymis buſtum, ingratumque ſepulcrum,
210 905 787 939 Inde vbi defletum ſatis eſt, & iuſta peracta,
211 939 808 972 Alconem ad manes felix comes vſque ſecutus
210 972 778 1006 Amiſſo vitam ſocio non paſſus inertem es;
209 1006 768 1039 t nunc Elyſia lætus ſpaciaris in vmbrâ,
209 1038 790 1070 Alcone & frueris dulci, æternumque frueris.
193 1071 805 1106 Atque aliquis forſan paſtor pius oſla ſepulcro
209 1105 808 1138 Vno eodemque ſimul florentis margine ripæ,
209 1138 767 1172 Amborum ſacro manes veneratus honore,
212 1169 845 1204 Compoſuit, lacrymasq; ambobus fudit eaſdem.
208 1201 781 1237 Aſt ego nec triſtes lacrymas in funere fudi,
893 1237 1041 1278 Debta
