1249 1389
291 13 631 41 CASTILIS.
752 13 851 55 at
4 57 701 96 Namque triumphali inuectus Capitolia curru
5 91 624 130 Inſignes inter titulus, gentesque ſubactas
4 125 671 152 Extinctæ infelix ſimulacrum duxit, & amens
4 146 615 192 Spectaclo expleuit crudelia lumina inani.
758 158 817 193 O
4 190 665 225 Neulongæua vetuſtas facti famam aboleret.
9 224 617 258 Aut ſeris mea ſors ignota nepotibus eſſet,
5 250 617 295 Efigiem excudi ſpiranti e marmore iuſſit,
6 292 601 325 Teſtari & caſus fatum miſerabile noſtri.
7 325 695 361 Quam deinde, ingenium artificis miratus Iuls
7 359 602 397 Egregium, celebr viſendam ſede locauit
7 392 697 427 Signa inter veterum heroum ſaxoque perenns
5 426 598 460 Suppoſuit lactymas ægræ ſolatia mentis:
4 459 590 494 Optatæ non vt deflerem gaudia mortis,
72 493 664 527 Nam mihi nec lacrymas lethali vipera morſu
3 523 689 566 Excuſſit, nec mors vllum intulit ipſa timorem
4 560 649 600 Sed caro vt cineri, & dilecti coniugis vmbræ
3 595 599 634 Æternas lacrymas, æterni pignus amoris
3 628 705 696 æ:
5 696 680 739 At tu Magne Leo, Diuum genus, aurea ſubquo
6 730 652 763 Sæcula, & antiquæ redierunt laudis honores,
5 761 588 796 Si te præſidinm miſeris mortalibus ipſe
4 795 674 830 Omnipotens Pater æthereo demiſit Olympo,
1 824 667 862 Et tua ſi immenſæ vittuti eſt æquapoteſtas,
1 859 652 900 Munificaque manu diſpenſas dona Deorum,
1 896 610 930 Annue ſupplicibus votis, nec vana precari
1 927 722 964 Meſine:parua peto; lacrymas Pater optime redde,
1 962 663 994 Redde orofletum,fletus mihi muneris inſtar,
1 994 708 1031 Improba quando aliud niliam Fortuna reliquit.
1 1028 686 1061 At Niobe, auſæDeos ſcelerat inceſſere linguâ,
5 1062 646 1097 Induerit licet in durum præcordia marmor,
63 1096 745 1130 Flet tamen, aſſiduusque liquor de marmore manat.
1 1128 600 1162 Vita mihi diſpar; vixi ſine rimine, ſi non
65 1159 750 1197 Crimen amare vocas, fletus ſolamen amantum et,
51 1195 667 1241 Adde, quod afflictis noſtræ iucunda voluptas
777 1216 840 1252 Su
586 1230 632 1254 a
