1249 1389
291 13 631 41 CASTILIS.
53 57 701 96 Namque triumphali inuectus Capitolia curru
52 91 624 126 Inſignes inter titulus, gentesque ſubactas
53 125 671 152 Extinctæ infelix ſimulacrum duxit, & amens
53 158 615 192 Spectaclo expleuit crudelia lumina inani.
53 190 665 225 Neulongæua vetuſtas facti famam aboleret.
53 224 617 258 Aut ſeris mea ſors ignota nepotibus eſſet,
53 258 617 293 Efigiem excudi ſpiranti e marmore iuſſit,
53 292 601 325 Teſtari & caſus fatum miſerabile noſtri.
53 325 695 361 Quam deinde, ingenium artificis miratus Iuls
53 359 602 395 Egregium, celebr viſendam ſede locauit
53 392 697 427 Signa inter veterum heroum ſaxoque perenns
53 427 598 460 Suppoſuit lactymas ægræ ſolatia mentis:
53 460 590 494 Optatæ non vt deflerem gaudia mortis,
72 493 664 527 Nam mihi nec lacrymas lethali vipera morſu
53 527 689 562 Excuſſit, nec mors vllum intulit ipſa timorem
53 560 649 594 Sed caro vt cineri, & dilecti coniugis vmbræ
53 595 599 629 Æternas lacrymas, æterni pignus amoris
53 696 680 730 At tu Magne Leo, Diuum genus, aurea ſubquo
53 729 652 763 Sæcula, & antiquæ redierunt laudis honores,
53 762 588 796 Si te præſidinm miſeris mortalibus ipſe
53 795 674 830 Omnipotens Pater æthereo demiſit Olympo,
53 829 667 862 Et tua ſi immenſæ vittuti eſt æquapoteſtas,
53 862 652 898 Munificaque manu diſpenſas dona Deorum,
53 896 610 930 Annue ſupplicibus votis, nec vana precari
53 927 722 964 Meſine:parua peto; lacrymas Pater optime redde,
53 962 663 994 Redde orofletum,fletus mihi muneris inſtar,
53 995 708 1031 Improba quando aliud niliam Fortuna reliquit.
53 1028 686 1061 At Niobe, auſæDeos ſcelerat inceſſere linguâ,
53 1062 646 1097 Induerit licet in durum præcordia marmor,
63 1096 745 1130 Flet tamen, aſſiduusque liquor de marmore manat.
53 1128 600 1162 Vita mihi diſpar; vixi ſine rimine, ſi non
65 1159 750 1197 Crimen amare vocas, fletus ſolamen amantum et,
51 1195 667 1241 Adde, quod afflictis noſtræ iucunda voluptas
777 1216 840 1252 Su
