1033 1342
419 37 717 77 BALTHAS.
190 51 235 74 7z2
165 77 902 113 Sunt lacrymæ, dulcesque inuitant murmure ſomnos,
197 113 773 144 Et cum exuſta ſiti Icarius canis arua perurit:
198 146 877 181 Hpotum veniunt volcres, circumque, ſupraque
199 179 814 213 Fhdibus inſultant, tenero tum gramine læta
201 213 825 246 Terra viret,rutilantque ſuis poma aurea ramis,
201 246 831 278 Hic vbi odoratum ſurgens densâ nemus vmbr
177 279 871 313 Heſperidum dites truncos non inuidet hortis.
325 334 813 369 Poſopopœia Ludouici Pici Mirandulani.
206 376 813 410 Credite mortales, animæ poſt fata ſuperſunt,
240 410 801 441 Diraque mors noſtri nil niſi corpus habet.
205 442 751 474 Fabula nec manes vana eſt exire ſepulcris
242 475 809 508 Per noctem, tenebris & volitare vagos.
205 508 932 541 Nam modo, dum noſtro Mirandula milite cinta eſt,
241 541 759 575 Vidi ego vera quidem, ſed caritura fide.
209 572 829 607 Nox erat, & noctem ſuperans candore niuali
244 607 744 644 Clarà repercuſſo lumine Luna magis.
180 640 778 675 Ipſe ego ſubmuris foſsâ defenſus opacâ
246 676 736 709 Scrutabar, tutum qua magis eſſet iter:
211 709 883 744 Adſtitit hic ſubito manifeſtus mœnibus ipſis,
245 742 758 777 Ante oculos Picus viſus adeſſe meos.
212 775 767 810 Triſtis erat facies, atroque inſperfa cruore,
246 809 913 844 Et lacerum ambuſto tunc quoque crine caput.
216 841 898 876 Obſtupui, gelidusque tremor per membra cucurrit
246 873 767 902 Et ſubito ariecta eſt hirta timore coma.
162 907 809 944 Ille autem toruum deſpectans caſtra, repente
247 942 736 977 Infremuit, gemitu ſoluit & ora graui.
208 975 837 1008 OPater, paſtor populorum, o maxime mundi
248 1008 798 1046 Arbiter, humanum qui genus omne regis,
212 1040 785 1077 Iuſtitiæ, pacisque dator,plac dæque quietis,
250 1073 793 1110 Credita cui ſoli eſt vita ſalusq; hominum,
216 1107 839 1142 Quem Deus ipſe Ercbi fecit, cœlique potentem,
251 1142 716 1173 Vt nutu pateant vtraque regna tuo,
217 1170 807 1210 Quid potui tantum infelix committere?culpa
246 1205 864 1245 Aus mea quæ nam in te tam grauis eſſe poteſt?
885 1243 1031 1286 vt p
