1040 1350
448 33 744 61 BAHA
198 50 255 74 724
239 79 811 111 Sæuit & in cineres mens mle grata meos,
206 111 764 150 Nec ſinit inferias noſtro te ferre ſepulero,
242 144 748 181 Annuaque extincto reddere iufta viro
207 176 854 212 Sed tamen & Superi cernunt mortalia, habetque
242 210 768 243 Iuſtitiæ vltorem dextra mimax gladium.
209 242 844 283 Inque malos, ſit lenta licet, certa ira Deorum eft.
246 278 856 315 Pœnaque tam grauior, quàm mage ſera venit,
211 311 804 348 Nec longum noſtro lætabitur impius hoſtis
247 347 795 381 Sanguine:fata illum non leuiora manent.
214 377 864 415 Hæc ille, & plura his, ſed verba extrema loquentis
251 412 726 447 Terribilis noſtro rupit in ore ſonus.
216 442 803 477 Nam ſubito ingenti tormenta impulſa ruin
250 476 737 511 Increpuere, graui terra tremit ſonitu.
217 508 816 543 Fulminei ingeminant ictus, volat impete diro
252 543 748 577 Ferrea ſulphureo concita ab igne pila.
221 576 807 608 Mœnia tum nutant labefacta;at triſtis imago
254 610 807 645 In tenebras querulo mœſta abiit gemitu.
372 645 741 677 D Eliabela Gnrag canente.
219 676 1003 716 DuleeE EVI, DVMFAATADEVSQESS
316 715 495 739 NEBANT,
255 744 836 779 Dum canit, & querulum pollice tangit ebur.
216 777 775 807 Formoſa e cœlo deducit Eliſa Tonantem,
258 812 729 844 Et trahit immites ad pia verba feras,
226 845 758 878 Auritæ veniunt ad dulcia carmina ſiluæ.
259 879 723 911 Decurrunt altis vndique ſaxa iugis,
226 911 912 945 Stant ſine murmureaquæ taciti ſineflamine venti,
259 945 751 978 Et cohibent curſus ſidera prona ſuos.
226 979 772 1013 Atque aliquis tali captus dulcedine ſentit
260 1012 820 1044 Elabi ex imo pectore ſenſim animam.
225 1043 822 1078 Flebile neſcio quid tacite in præcordia ſerpit,
262 1078 736 1111 Cogit & inuitos illacrymareroculos.
225 1110 1037 1144 Flecte ratem male grate hoſpes, neurdefere amantem
261 1143 924 1175 Ah miſera, ah mortem eſt iam prope, flecte ratem.
226 1175 865 1211 Quod ſi tam dulces nequeunt feracotda querelæ
259 1211 882 1242 lectere, nec temitu hoc mens labefacta tua eſt,
936 1249 1038 1288 No
