1295 1407
285 20 626 56 CASTILIONIS.
806 33 849 58 s
3 52 769 106 Non tibi Diua parens generis nec Dardanus aucto,
67 97 594 129 Perfide, ſed duris cautibus es genitus.
3 118 708 171 urdior ah ſcopulis, dulces fugis improbe terras.
104 164 559 196 Deliciisque olim littora chara tuis.
3 184 690 238 Illa autem extremo tandem deuicta dolore,
74 230 691 263 Itrita nil poſtquam verbaprecesque valent,
3 252 626 305 Sanguine ſancta ſuo temerati iura pudoris
103 297 581 330 Vlta eſt, ipſa ſuæ ſæua miniſtra necis,
4 322 749 372 Quemque torum toties tecum male preſſerat olim,
105 364 591 397 Infelix etiam nunc premit exanimis.
4 386 647 438 Reſpice, funereæ ſunt illa incendia flammæ,
104 430 558 464 Et miſeranda illis ardet Eliſa rogis:
2 456 627 504 Adet Eliſa tuum, ſæue, indelebile crimen
44 498 609 531 Olim quod terris fama loquatur anus.
1 523 601 571 At tua præcipites fugientia carbaſa venti
95 563 662 598 Cæruleum profugâ per mare claſſe ferun.
1 588 642 636 Obrue deuotam pater o Neptune carinam,
100 631 586 665 Ah nimis infidum ſuſtinet illa caput.
1 651 692 704 Ma virum portat, quem non periuria tangunt,
78 698 695 731 Quem non ſancta ſides, fasve, piumve mouet.
5 722 733 771 Quem neque dulcis amor miſeræ morientis Eliæ
56 765 650 797 Flectere, nec lacrymæ, nec potuere preces.
3 793 712 839 Ah ferus eſt. quicunque animo non mitis agreſti
101 832 564 864 Audiit & ſiccis hæc pia verba oculis.
1 854 800 903 Quod tamen hæc moueant, quod ſint tam dulcia verb,
102 897 777 924 Non faciunt verba hæc ſed noua Eliſa canens.
1 918 577 971 Ei certe non eſt hæ vxor Eliſa Sichæi,
102 963 760 998 Nec quenquam hac Phiygium nouit Eliſa virum.
1 990 735 1038 Altera Eliſa hæc eſt Superis gratiſſi ma, qualem
101 1031 646 1065 Nec tulit vlla vnquam, nec feret vlla dies.
1 1066 665 1102 Audiat Æneas hanc ſi tam dulce querentem,
66 1097 634 1132 Flens vltro ad littus vela dabit Lybicum.
1 1127 718 1166 Quod ſi dura nimis, blandis que immota querelis
41 1165 673 1197 Mens fera propoſitum non remoretur iter:
1 1194 849 1252 Inuitam ad littus portabunt æquora claſſemm-
538 1234 628 1262 3
