1295 1407
285 20 626 56 CASTILIONIS.
48 52 769 106 Non tibi Diua parens generis nec Dardanus aucto,
67 97 594 129 Perfide, ſed duris cautibus es genitus.
47 124 708 171 urdior ah ſcopulis, dulces fugis improbe terras.
104 164 559 196 Deliciisque olim littora chara tuis.
47 191 690 231 Illa autem extremo tandem deuicta dolore,
74 230 691 263 Itrita nil poſtquam verbaprecesque valent,
48 261 626 301 Sanguine ſancta ſuo temerati iura pudoris
103 297 581 330 Vlta eſt, ipſa ſuæ ſæua miniſtra necis,
48 324 749 372 Quemque torum toties tecum male preſſerat olim,
105 364 591 397 Infelix etiam nunc premit exanimis.
48 394 647 438 Reſpice, funereæ ſunt illa incendia flammæ,
104 430 558 464 Et miſeranda illis ardet Eliſa rogis:
48 459 627 499 Adet Eliſa tuum, ſæue, indelebile crimen
48 498 609 531 Olim quod terris fama loquatur anus.
48 529 601 565 At tua præcipites fugientia carbaſa venti
95 563 662 598 Cæruleum profugâ per mare claſſe ferun.
48 594 642 632 Obrue deuotam pater o Neptune carinam,
100 631 586 665 Ah nimis infidum ſuſtinet illa caput.
48 658 692 699 Ma virum portat, quem non periuria tangunt,
78 698 695 731 Quem non ſancta ſides, fasve, piumve mouet.
48 728 733 771 Quem neque dulcis amor miſeræ morientis Eliæ
56 765 650 797 Flectere, nec lacrymæ, nec potuere preces.
48 793 712 839 Ah ferus eſt. quicunque animo non mitis agreſti
101 832 564 864 Audiit & ſiccis hæc pia verba oculis.
47 856 800 903 Quod tamen hæc moueant, quod ſint tam dulcia verb,
102 897 777 924 Non faciunt verba hæc ſed noua Eliſa canens.
48 928 577 965 Ei certe non eſt hæ vxor Eliſa Sichæi,
102 963 760 998 Nec quenquam hac Phiygium nouit Eliſa virum.
48 997 735 1037 Altera Eliſa hæc eſt Superis gratiſſi ma, qualem
101 1031 646 1065 Nec tulit vlla vnquam, nec feret vlla dies.
48 1066 665 1099 Audiat Æneas hanc ſi tam dulce querentem,
66 1097 634 1132 Flens vltro ad littus vela dabit Lybicum.
47 1127 718 1166 Quod ſi dura nimis, blandis que immota querelis
48 1165 673 1197 Mens fera propoſitum non remoretur iter:
48 1196 689 1240 Inuitam ad littus portabunt æquora claſſemm-
