1285 1384
255 4 661 39 CASTILIONIS
59 45 716 81 nam delicias eſſe hominum atque Deûm:
55 72 792 116 Hoc quoque nunc maior, quod Magno eſt aucta ne,
115 114 691 147 Tam bene pacati qui imperium orbis habet.
55 146 693 180 Hic tibi nec deſunt celeberrima turba ſodales;
108 181 620 213 Apta oculos etiam multa tenere tuos.
55 209 682 246 Nam modo tot priſcæ ſpectas miracula gentis,
118 247 593 279 Heroum & titulis clara.trophæa ſuis.
55 280 648 314 Nunc Vaticani ſurgentia marmore templa,
113 314 610 349 Et quæ porticibus aurea tecta nitent.
55 342 646 382 Irriguos fontes, hortosq; & amna vireta,
111 380 736 416 Plurima quæ vmbroſo margine Tibris habet.
55 408 632 447 Vtq; ferunt, cœtu conuiuia lætafrequenti,
100 449 589 482 Et celebras lentis otia miſta iocis.
55 482 723 515 Aut citharà æſtiuum attenuas cantuq; calorem.
112 514 687 547 Hei mihi quam diſpar nunc mea vita tuæ eſt
55 544 765 582 Nec mihi diſpliceant, quæ ſunt tibi grata; ſed ipſa eſt
112 581 590 613 Te ſine lux oculis penè inimica meis.
55 607 700 648 Non auro, aut gemm caput exornare nitenti
113 645 699 681 Me iuuat, aut Arabo ſpargere odore comas.
55 681 677 716 Non celebres ludos feſtis ſpectare diebus,
110 715 661 750 Cum populi complet denſa corona forum,
55 743 616 781 Et ferus in mediâ exultat gladiator arenâ,
55 778 621 815 Haſtâ concurrit vel cataphractus eques.
55 811 643 849 Sola tuosultus referens, Raphaëlis imago
65 846 613 882 Picta manu, curas alleuat vſque meas.
55 876 636 915 Huic ego delicias facio, arrideoq;, iocorq;,
112 915 685 949 Alloquor, & tanquam reddere verba queat,
54 945 561 981 Aſſenſu nutuq; mihi ſæpe illa videtur
109 980 622 1015 Dicere velle aliquid, & tua verba loqui.
55 1013 673 1050 Agnoſcit, balboq; patrem puer ore ſalutat,
97 1047 553 1080 Hoc ſolor longes decipioq; dies.
55 1077 665 1113 At quicumque iſtinc ad nos acceſſerit hoſpes,
64 1113 656 1147 Hune ego quid dicas, quid facisve, rogo.
75 1146 681 1178 Cuncta mihi de te incutiunt audita timorem:
68 1179 701 1219 Vano etiam bſentes ſæpe timore pauent.
812 1209 903 1234 Sed
