1032 1346
447 31 695 57 BALTHAS.
190 73 795 114 Sed mihi neſcio quis narrauit ſæpe tumultus,
228 106 694 141 Miſceriq; neces per fora, perq; vias,
193 140 872 175 Cim populi pars hæc Vrſum. pas illa Columna
225 176 750 207 Inuocat, & trepidâ corripit arma manû.
193 207 743 241 Ne tu, ne quæſo tantis te immitte periclis,
229 239 735 274 Sat tibi ſit, tuto poſſe redire domum.
192 274 796 310 Romæ etiam fama eſt, cultas habitare puellas,
230 307 707 345 Sed quæ laſciuo turpiter igne calent.
191 338 729 377 Illis venalis forma eſt, corpusq; pudorq;.
229 373 688 412 His tu blanditijs ne capiare, caue.
195 405 890 442 Sed nifi iam captum blanda hæc te vincla tenerent,
228 440 749 474 Tam longas abſens non paterere moras.
193 472 757 501 Nam memini, cum te viuum iurare ſolebas
229 505 743 541 Non me, ſi cupias, poſſe carere diu.
195 537 705 576 Vuis Caſtilion, viuasq; beatius, opto,
230 572 737 601 Nec tibi iam durum et me caruiſſe diu.
196 605 826 643 Cur tua mutata eſt igitur mens? cur prior ille
186 638 679 668 lle tuo noſtricorde refrixit amor?
196 672 858 707 Cur tibi nunc videor vilis, nec, ut ante ſolebam
228 706 718 745 Digna, tori ſociam quam patiare tui?
197 739 740 779 Scilicer in ventos promiſſa abiere fidesq;,
228 773 699 803 Anoſtris ſimulac veſtri abiere oculi.
194 805 751 842 It tibi nunc forſan ſubeunt faſtidia noſtri;
229 841 845 875 Et graue iam Hippolytes nomen in aure tuâ eſt.
194 873 896 912 Verum vt mefugias, patriam fugis improbe? nec te
229 908 711 944 Cara parens, nati nec pia cura tenet?
194 940 848 978 Quid queror? en tua ſcribenti mihi epiſtola venit,
228 974 764 1013 Grata quidem, dictis ſi modo certa fides;
195 1006 698 1046 Te noſtri deſiderio languere, pedemq;
228 1042 820 1081 Quamprimum ad patrios velle referre lareu,
193 1072 718 1111 Torqueriq; morâ, ſed Magni iuſſa Leon
219 1108 692 1137 Iamdudum reditus detinuiſſe tuos.
191 1137 720 1175 His ego perlectis, ſic ad tua verba reuixi,
225 1173 744 1207 Surgere vt æſtiuis imbribus herba ſolet.
189 1204 718 1245 Q licet ex toto non auſim vera fateri;
862 1252 972 1288 Qualte-
