1284 1384
248 4 632 39 CASTILIONIS
784 25 839 50 7
32 58 640 91 Qualiacunque tamen, credulitate iuuant.
4 80 679 132 Credam ego, quodfieri cupio, votisq; fauebo
87 124 639 157 Ipſa meis, vera hæc quis vetet eſſe tamen?
3 146 633 199 Nec tibi ſunt præcordia ferrea, nec tibi duia
87 191 563 224 Vbera in Alpinis cautibus vrſa dedit.
3 213 765 266 Nec culpanda tua eſt mora: nam præcepta Deorum
37 258 694 290 Non fas, nec tutum eſt ſpernere velle homii.
3 279 596 333 Eſe tamen fertur clementia tanta Lni,
89 326 572 359 Vt facili humanas audiat aure preces
4 347 633 400 Tu modo & illlus Numen veneratus adora,
91 392 544 426 Pronaq; ſacratis oſcula da pedibus.
4 415 681 466 Cumq; tua attuleris ſupplex vota, adijceenofts,
89 460 622 493 Atque meo largas nomine funde preces.
2 485 727 534 Aut iubeat te iam properare ad mœnia Mantus,
48 526 638 560 Au me Romanas tecum habitare domos.
1 549 686 601 Namq; ego ſum ſine te, veluti ſpoliata magiſtro
90 593 654 627 Cymba, procelloſi quam rapit vnda maris.
1 614 711 668 Et data cm tibi ſim vtroque orba puella parente;
89 661 596 693 Solus tu mihi vir, ſolus vterque parens.
6 681 820 736 Nunc nimis ingrata eſt vita hæc mihi; namq; ego tae
91 727 769 768 Tecum viuere amem, tecum obeamq libens.
6 747 601 801 Præſtabit veniam mitis Deus ille roganti
17 794 576 827 Auſpicijsq; bonis, & bene, ditet eas
5 817 655 867 Ocyus huc celeres mannos conſcende viatr,
87 863 639 895 Atque moras omnes rumpe, viamq; vora
2 880 590 934 Telæta excipiet, feſtisq; ornata coronis,
26 927 630 961 Et dominiaduentum fentiet ipſa domus.
2 948 718 999 Vota ego per luam templo, inſeribamq; tabels
88 995 601 1031 Hippole ſalui coniugis ob reditum.
191 1029 601 1061 Ad pue llam in litcore ambulantem.
5 1061 704 1095 Ad mare ne accedas propius, mea Vita, proterut
89 1094 627 1128 Nimirum, & turpes continet nda Deos.
50 1126 712 1162 Hi rapiunt, ſi quam incautam aſpexere puellam
90 1162 558 1195 Securos bibulo littore ferre gtadus.
54 1195 737 1242 Quin etiam in ſiccum exiliunt ſæpe agmine facto,
749 1228 939 1284 A
