1282 1396
246 10 620 59 CASTILIONIS.
45 59 691 100 as fatuas rapiant pelagi ſine monſtra puellas,
79 97 691 133 Nos cœptum hac furtim diſſimulemus iter.
44 131 688 166 Quod ſi qua intexea audieris per littora murmur,
76 164 616 201 Lux mea, te in noſtro protinus abde ſinu.
213 200 414 229 Ad eandem.
44 229 623 264 Tine iterum demens heſterni oblita pericli,
56 265 525 298 Littora feſtino pergis adire gradu?
43 297 835 334 Nqnne audis, mea lux, fremitum, & fera murmura ponti?
76 331 647 365 Iam iam exire freto monſtra marina parant.
44 364 670 398 Me miſerum, hine genis roſeis, roſeisq; labellis
77 398 622 430 Oſcula tam immundo congeret ore fera?
41 430 721 464 Lacteolum hoc corpus ſquammis teret, vtq; libebit,
74 464 576 497 Implicitum cupidis nexibus impediet?
41 498 658 531 Mox lanians pectus tenerum, veſcasq; papillas,
52 530 565 565 Explebit diram mordicus ingluuiem?
36 563 730 606 Mortales hæc monſtra omnes odere; tamen ſunt,
47 598 567 631 Si neſcis, pulcris longe inimica magis.
37 631 556 664 Audiſtine olim Hippolyti ctudelia fata?
69 664 543 698 Diſce, alieno vt ſis cautior ipſa malo.
38 697 616 731 Thefidæ Hippolyto præſtanti corpore forma
55 731 572 764 Rara quidem, decor at rarior oris erat.
37 764 580 799 Sparſerat auratâ iam tum lanugine malas,
65 798 602 831 Fulgebat ſed adhuc virgineum ore decus.
35 832 558 864 Multa illi tædâ iungi optauere puellæ;
63 864 572 898 Multæ etlam pioprios deſtituiſſe viros.
32 899 661 966 c e::a
31 964 595 998 Ille tamen ſpretisq; alijs, ſpretaq; nouerca,
61 999 514 1032 Venator tantum deuia luſtra colt.
29 1032 562 1065 Et canibus, iaculoq; feras arcuq; fatigat,
56 1065 566 1098 Et iuga nexilibus claudit iniqua plagis.
19 1096 629 1131 Nunc viridi ſtrophio faciem defendit ab æſtu,
61 1131 509 1165 Oraq; fontano ſicca lauat latice.
27 1164 643 1198 Sæpe fugacis equi curſu præuertitur Euros:
59 1198 586 1232 Sæpe altum gaudet per nemus irepedes.
754 1229 801 1254 Sed
