1264 1394
257 13 630 40 CASTILIONIS.
91 55 667 93 Quid tibi tunc animi, quid tibi mentis erit?
45 93 687 126 Clmabis, montesq; procul, littus q; teiictum
88 125 619 159 Reſpiciens. fruſtra flebis, opemq; petes.
41 158 685 192 Adſtabunt facies toruæ, & flenti increpitabunt:
87 193 648 227 Quàm cupies nobis tunc habuiſſe fidem
41 224 757 257 Tunc noſtri nemoris fruſtra memor, & memor antri,
88 259 519 293 Atque tui fruſta Caſtilionis eris.
56 294 638 328 Ipſe aliam pro te formâ præſtante puellam
88 328 620 361 Inueniam, & quæ mi ſit mage morigera.
40 357 594 394 Illi ego delic:asq: tuas donabo & amoes,
86 395 576 427 Inunc, argutas i ſequere Halcyonas.
214 429 533 461 De morte Raphael Pictoris.
41 454 667 496 Qud lacerum coipus medicâ ſanauerit arte.
88 496 606 529 Hippolytum Stgijs & reuocarit aqus;
40 528 625 568 Ad Sygias ipſe eſt raptus Epidaurius vndas.
54 562 532 595 Sic precium vitæ mors fuit ariifici.
41 588 710 635 Tu quoque dum toto laniatam corpore Romam
86 630 534 663 Componis miro Raphael ingenio.
41 661 696 697 Atque vrbis lacerum ferro, igni, annisq; cadauer
41 695 643 729 Ad vitam, antiquum iam reuocasq; decus,
41 724 710 764 Mouiſti Superum inuidiam, indignataq; mors eſt,
83 762 658 797 Te dudum extinctis reddere poſſe animam:
40 795 702 829 Et quod longa dies paulatim aboleuerat, hoc te
41 829 526 863 Mortali ſpreta lege parare iterum.
41 855 643 898 Sic miſer heu prima cadis intercepte iuuentâ,
63 896 598 929 Deberi & morti noſtraq; nosq; mones.
263 932 464 955 De Paullo canente
49 961 678 997 Dulcia dum pulcer modulatur carmina Paullus,
84 997 559 1030 Demulcet colles & mea Roma tuos,
41 1027 643 1061 Adcurtere ſimul Dryades, Fauniq; bicornes;
84 1062 549 1089 Ora immota truces & tenuere feræ.
41 1091 671 1128 Tibris arundineo glaucum caput extulit alueo,
84 1127 580 1162 Et ſtupefacta nouo reſtitit vnda ſono.
51 1154 726 1194 Tum vocem, numerumq;, inquit, miratus Apollo,
63 1194 520 1228 Orpheus Elyſiâ valle meus redijt.
794 1214 876 1245 ed
