1044 1357
333 24 829 73 7BALTHA.. CAsT
200 70 793 113 Sed faciem vtvidit pueri, ſacrumq; decorem,
236 105 737 144 Certe, ait, hic proles eſt, Cytherea tua.
197 136 776 182 Sæue puer, tentas me vincere voce, lyraque:
236 170 694 211 An viciſſe arcu, eſt gloria viſa leuis?
432 208 593 239 De Viragine.
188 236 789 288 Semianimem in muris mater Piſana puellam
239 270 790 310 Dum fouet, & tenero pectore vulnus hiat,
188 304 831 347 Nata tibi has, dixit, tædas, atque hos hymenæos,
188 337 763 380 i Hæc defenſa tuo mœnia Marte dabunt?
188 373 821 414 Cui virgo, haud alias tædas, aliosve Hymenæos
241 406 796 443 Debuit hæc nobis grata rependere humus.
188 438 792 486 Hanc ego ſola meo ſeruaui ſanguine terram,
240 471 718 509 Hæc ſeruata meos terra tegat cineres.
419 574 584 600 Ad Amicam.
188 589 982 653 Memiſerum quisnam hæc tam bella labella momordit?
188 637 696 681 Improbus, & vere ruſticus ille fuit.
244 705 864 742 Mandit: adhuc fluit en turgidulo ore cruor.
205 736 851 792 Quid nectis maleſana dolos? quid perfda iuras?
246 770 884 808 Liuidam ab impreſſo agnoſco ego dente notam.
206 803 805 850 Atque vtinam non vlteriora etiam malus ille
239 837 811 884 Sumpſerit, heu duras rerum in amore vices.
368 873 672 910 Epitaphtum Gratiæ puella.
206 905 792 947 Siſte viator, ni properas; hoc aſpice marmor.
248 937 800 978 Et lege: ni ploras tu quoque marmor eris.
206 968 851 1013 Gratianamque Deas etiam mors fæua profanat
246 1002 820 1038 Mortua, & hoc duro eſt condita ſub tumulo.
206 1033 875 1074 Abſtulit hæc moriens geminas miſeranda orores:
239 1070 702 1104 Sic Charites vno tres periere obitu.
805 1173 980 1228 LV
