1044 1357
196 24 829 73 7BALTHA.. CAsT
200 70 793 113 Sed faciem vtvidit pueri, ſacrumq; decorem,
236 105 737 144 Certe, ait, hic proles eſt, Cytherea tua.
197 136 776 182 Sæue puer, tentas me vincere voce, lyraque:
236 170 694 211 An viciſſe arcu, eſt gloria viſa leuis?
432 208 593 239 De Viragine.
121 236 789 303 Semianimem in muris mater Piſana puellam
239 270 790 310 Dum fouet, & tenero pectore vulnus hiat,
117 302 831 347 Nata tibi has, dixit, tædas, atque hos hymenæos,
103 337 763 380 i Hæc defenſa tuo mœnia Marte dabunt?
105 373 821 414 Cui virgo, haud alias tædas, aliosve Hymenæos
241 406 796 443 Debuit hæc nobis grata rependere humus.
138 438 792 497 Hanc ego ſola meo ſeruaui ſanguine terram,
240 471 718 509 Hæc ſeruata meos terra tegat cineres.
104 492 872 594 ve
419 574 584 600 Ad Amicam.
117 589 982 667 Memiſerum quisnam hæc tam bella labella momordit?
178 637 696 681 Improbus, & vere ruſticus ille fuit.
100 668 847 746 Non aliter leporem canis, accipiterve columbam
244 705 864 742 Mandit: adhuc fluit en turgidulo ore cruor.
96 736 851 792 Quid nectis maleſana dolos? quid perfda iuras?
246 770 946 808 Liuidam ab impreſſo agnoſco ego dente notam.
141 803 805 850 Atque vtinam non vlteriora etiam malus ille
239 837 811 884 Sumpſerit, heu duras rerum in amore vices.
368 873 672 910 Epitaphtum Gratiæ puella.
109 905 792 957 Siſte viator, ni properas; hoc aſpice marmor.
248 937 800 978 Et lege: ni ploras tu quoque marmor eris.
129 968 851 1021 Gratianamque Deas etiam mors fæua profanat
246 1002 820 1038 Mortua, & hoc duro eſt condita ſub tumulo.
142 1033 875 1074 Abſtulit hæc moriens geminas miſeranda orores:
239 1070 702 1104 Sic Charites vno tres periere obitu.
807 1181 964 1198 V
807 1197 980 1228 LV
