1255 1391
159 16 734 58 DOVICICAVANI. 739
275 132 618 160 PARMENSIS.
315 177 535 205 DePio, & Turcis.
34 221 821 287 VCVNThorrendum inter ſe contraria bellum;
104 254 643 290 Conſerit Impietas cum Pietate manum.
44 289 727 324 Spes hinc vincendi magna eſt; metus inde cadendi:
74 324 630 357 Hæc ductum ſequitur Dæmonis: illa Dei.
24 356 688 390 Vtram igitur partem maneat victoria, conſtat;
83 390 546 422 Corſiſtet Pietas, corruet Impietas.
293 423 507 453 In Ioan. Auſtrium.
44 455 490 484 Militis effrenivicit Mæotica Bella,
76 489 659 524 Dux tua centimano dextra timenda Gygi.
37 520 794 556 Miranturque igitur Tellus, Cælum, &quor, Auernus:
75 556 588 590 Fama volet pernix;reſtat, ad Antipodas.
341 592 474 614 In eundem.
24 621 561 657 icreſcente æuo, geſtarum gloria rerum
24 650 684 690 Creſcet; erit tandem nil quod in Orbe geras.
24 690 627 724 Aut Deus immenſi fines tunc proferat orbis;
67 724 543 756 Au poſitis armis ſit capienda quies.
368 758 449 781 Eidem.
23 777 578 823 S bellandi vſuſic eſttua clara Iuuentus,
75 823 676 854 Vt Caroli obſcures facta notanda patris;
24 854 597 893 Qui ſolo hoſtiles terrebat nomine turmas.
79 889 573 921 Cui nullum ſeclis fata dedere parem:
44 922 632 956 Mars alter fres virtutibus auctus & annis,
75 955 588 989 Marque tibi feſſus bella cruenta ſinet.
353 991 496 1014 Adeundem.
24 1019 625 1051 Credebam lumen, rebusconcedere lumen
81 1052 656 1088 Quarum eſſet lumen; nunc ſecus eſſe patet.
24 1084 797 1120 Splendor es Heroum: ſplendorem Splendor obumbras;
76 1118 594 1154 Sic ſpiendor nubes, lumina ſic tenebræ.
373 1154 492 1178 De eodem.
48 1184 637 1223 Obſtupuere omnes, num feciſſepotentem,
749 1216 828 1253 uod
