1061 1345
437 41 759 70 LVDOVICI
239 45 288 82 70
277 88 891 126 Quod tot magnanimi non potuere Dues.
246 119 854 158 Aſt ego non miror, tot non feciſſe quod vnus:
280 153 751 190 Vnus pro centum millibus ille valet.
461 187 695 221 In Principem Vibini.
250 220 809 293 æ
449 292 734 322 In fcanium Corneum
251 322 891 354 Certauere diu inter ſe duo fulmina, Mars, Mors:
286 354 880 386 Vult Mars, vt viuat; Mors, cadat Aſcanius.
250 387 917 422 Fortior hæc illo, hac ego ſum, inquit, fortior ille
285 422 759 455 Vnde minas alter non timet alterius.
136 440 177 459 7
134 452 963 490 Quàm longe & late pateant ſua Iura, tenet Mors;
283 486 870 522 Quanta viro dederit nomina Mars meminit,
255 518 826 548 Victricem Mortem vicit Mars victus: obiuit
285 554 811 587 Aſcanius; viuet tempus in omne tamen.
454 588 741 613 In Michaelem onellum.
116 615 845 689 Dum prmâ veſtis, Michaes, lanugine malas;
118 687 893 723 Iam tua fama plagas volucris penetrauit Eoas,
287 653 820 691 Mira gerens armis, nobile nomen habes.
289 720 820 756 Præpes & extremam contigit Heſperiam.
113 741 820 789 iTeſimul ac perfecta virum firmauerit ætas,
288 789 815 820 Mars dicet mirans: hic erit alter ego.
453 824 663 854 In M. Quirinum.
255 854 810 889 Dum ſic fata volunt, bini venere Quirini:
289 889 808 916 Hic eſt à Diuo natus, & ille homine
254 920 849 955 Alter ſeruauit Patriam, quam condidit alter;
288 955 814 989 Sic titulos pariter iactat vterque duos:
254 986 854 1019 Hic, ſum mortalis Patriam tutatus ab hoſte:
289 1024 723 1055 Ille, meâ diâ mœnia ducta manu.
254 1051 918 1082 Maior vter labor eſt? tœdet me dicere: vos id
284 1088 731 1118 Dicite Romani, dicite vos Veneti.
463 1122 671 1146 In Pium V P M.
107 1139 809 1192 Intemerata breui Pietas toto orbe vigebit;
286 1187 769 1221 Relligionis erit verus vbique modus.
237 1219 889 1255 Quid mirum? exutum vitijs vittutibus Orbem
883 1254 1058 1297 Induit
