1279 1331
351 13 568 38 CAVANI.
82 56 649 93 Induit, atq; homines vult Pius eſſe pios.
72 91 679 124 Vt, cum vnus noſtræ ſit portus & aura ſalutis;
106 126 651 158 Idem omnes capiat portus, & aura vehat.
301 161 432 183 In eundem.
70 191 631 226 Quinque fuere Pij, poſt fidi tempora Petri:
104 225 604 259 Sed Quintus, Felix dicitur atque Pius.
70 259 641 290 Nam Pius, hæreticis carum defendit ouile;
103 292 652 327 Felix, cum Turcis maxima bella gerit.
42 326 658 360 O pia proſperitas, pietas o proſpera, quæ ſic
102 360 713 395 Commiſſum duplici ſeruat ab hoſte gregem-
269 395 610 420 In M. Antonium Columnam.
1 426 668 461 Quod peperere duces primi, amiſere nepotes,
104 460 608 492 Quam male ſeruauit tradita Poſteritas.
70 493 650 526 Noſtra nihil debent antiquis ſæcula, non res
101 526 594 560 Ad noſtram partæ peruiguere diem.
69 558 654 592 Obligat ætatem priſcam ſibi celſa Columna,
100 593 575 628 Et mediam, natis conciliatq; patres.
1 626 749 662 Nam veterum famam renouat, deletq; nepotum
1 651 642 701 Dum iura adquirit priſtina Romulidum.
300 695 427 719 In eundem
1 718 730 761 Neſcijt optare Vrbs, quantum ipſi, Marce, dediſti:
99 760 643 797 Abs te ſed quantum ſat ſit, habere negat,
1 793 638 829 Cui multum debet, vult plus debere, tuoq;
102 827 653 861 Ingenti pro animo ſperat, & ampla perit.
1 859 658 896 Relliquias belli ſupera, ſpes vna Quiritum;
101 895 639 928 Te queat vt patriæ Roma vocare patrem.
611 970 740 988 e
161 970 751 1005 ANNLLSSA.
418 1021 536 1051 Salix.
1 1056 705 1095 oRTEſub intonſæ conſederat ilicis vmbrâ
1 1088 693 1125 Flaua Salix, caſtæ comitum pars fida Dianæ;
1 1120 635 1159 Implebatq; ſinus ephyris: nexuq; ſoluto
67 1158 611 1193 Errabant nitidi per eburnea colla capilli,
70 1192 663 1227 Qu pater, auriferâ redimitus tempora cit
732 1221 853 1250 erbe-
463 1229 592 1254 Aaa3
