1082 1342
460 29 789 68 DANITELIS
205 25 298 62 42
255 68 849 104 Verberat ingenti Benacus littora planctu.
257 104 912 137 Dum ſedetblitamDominæ, Faunique procacis,
258 138 859 170 Florilegæ tenuiſtis apes, volucresque canoræ,
259 171 845 204 Et quæ proceras mulebant flamina quercus
259 203 916 237 Propter aquæ riuum. ſomno;iamq; illa grauatu
259 238 899 270 In pharetram, & laxos caput adclinauerat arcus:
262 270 814 304 Antepedes lapſum fronti crinale jacebat,
262 304 963 337 Et jaculum, Triuiæ magnum acmemorabile munus.
265 337 853 369 Viderat hanc, vt erat dulci reſoluta ſopore,
264 370 844 403 Forte ſenex Glaucus, latratas æquore cautes
265 403 850 435 Dum colit, & captos adducit arundine piſces
266 436 863 468 tans celſo in ſcopulo, visA ſtupet ille, ſiletque
265 468 924 501 Improbus, atque atrum flagranti corde venenum.
267 501 886 534 Concipit, & cæcum totis ibit oſſibus ignem
264 535 839 568 lamque fuas artes, nodoſaque lina peroſus,
270 568 892 601 Cœruleas damnabat opes, centumque ſorores
270 601 889 636 Poſt Salicem poſuiſſe ferunt. Ergo ille trememi
270 635 851 669 Luctantique ferox, & inania bella monenti
270 669 784 703 Vim tulit. at cæſis virgo Saloina lacertis
268 701 851 736 aſſauit plangore nemus, latoſque per agros
270 735 846 769 Haud intermiſſas fudit miferanda querelas
271 768 824 802 Non illi volucres vrgere in retia ceruos
271 801 836 834 Cura, nec in laxos leporem deducere caſſes
269 834 913 869 mplius, aut timidas calamo transfigere damas;
273 869 871 899 Nec rapidis vacuos canibus circundare ſaltus:
272 900 800 936 Sed latet, & ſcabro laqueata cubilia tofo
270 934 848 970 Incolit, & longo domus eſt ſpelunca receſſu,
271 968 862 1003 Qua nitidoscolles, ſubiectaque collibus arua
271 1000 863 1035 Spectat oliiferos quaſſans Taureta capillos.
273 1033 840 1068 Sæpe illam Dryades fruſtra lenire iacentem
272 1067 856 1103 Tentauere: quid hos, dixerunt, cara dolores
270 1100 932 1136 Perpeteris Nymphe? quæ cauſa indigna decoram
272 1131 877 1170 Turbauit faciem? quid fles mœſtiſſima irgot
271 1164 800 1199 Virginis ad nomen ſuſpiria traxit abimo
170 1179 886 1243 Corde Salix,ſilet illa tamen, nec prodere cæa
929 1239 1040 1268 Suſtinet
