<?xml version="1.0" encoding="UTF-8" standalone="no"?><PcGts xmlns="http://schema.primaresearch.org/PAGE/gts/pagecontent/2019-07-15" xmlns:xsi="http://www.w3.org/2001/XMLSchema-instance" xsi:schemaLocation="http://schema.primaresearch.org/PAGE/gts/pagecontent/2019-07-15 http://schema.primaresearch.org/PAGE/gts/pagecontent/2019-07-15/pagecontent.xsd"><Metadata><Creator/><Created>2022-04-12T09:47:03</Created><LastChange>1970-01-01T00:00:00</LastChange><Comments/></Metadata><Page imageFilename="0791.png" imageHeight="1367" imageWidth="1233"><TextRegion id="r1" orientation="0.0" type="paragraph"><Coords points="1,1 1231,1 1231,1365 1,1365"/><TextLine id="l1"><Coords points="348,37 348,61 594,61 594,37"/><TextEquiv><Unicode/></TextEquiv><TextEquiv index="1"><Unicode>CERETI</Unicode></TextEquiv></TextLine><TextLine id="l2"><Coords points="675,77 83,77 83,110 98,111 341,110 422,112 675,112"/><TextEquiv><Unicode/></TextEquiv><TextEquiv index="1"><Unicode>Suſtinet inſidias, tumidi ſed pondera ventris</Unicode></TextEquiv></TextLine><TextLine id="l3"><Coords points="632,145 632,113 83,112 83,143 160,146 347,144 617,146"/><TextEquiv><Unicode/></TextEquiv><TextEquiv index="1"><Unicode>Celat, &amp; interdum læſi dat figna pudoris.</Unicode></TextEquiv></TextLine><TextLine id="l4"><Coords points="791,145 684,145 617,147 351,145 160,147 78,145 78,177 82,176 148,179 235,179 305,177 791,179"/><TextEquiv><Unicode/></TextEquiv><TextEquiv index="1"><Unicode>Dumque oculos vix tollit humo, nunc pingitur oſts</Unicode></TextEquiv></TextLine><TextLine id="l5"><Coords points="648,180 579,180 519,178 306,178 235,180 148,180 81,177 81,209 648,210"/><TextEquiv><Unicode/></TextEquiv><TextEquiv index="1"><Unicode>Puniceas incenſa genas, nunc flebilis hæret</Unicode></TextEquiv></TextLine><TextLine id="l6"><Coords points="79,212 79,245 615,245 615,212"/><TextEquiv><Unicode/></TextEquiv><TextEquiv index="1"><Unicode>Pallidior buxo: qualis Tithonia coniux</Unicode></TextEquiv></TextLine><TextLine id="l7"><Coords points="720,245 80,245 80,277 87,278 720,278"/><TextEquiv><Unicode/></TextEquiv><TextEquiv index="1"><Unicode>Quum rbet, &amp; ſubita tegitur caligine mœrens</Unicode></TextEquiv></TextLine><TextLine id="l8"><Coords points="676,279 156,280 86,278 63,277 63,308 676,308"/><TextEquiv><Unicode/></TextEquiv><TextEquiv index="1"><Unicode>Memnonis admonit. Iam ſol altiſſimus axe</Unicode></TextEquiv></TextLine><TextLine id="l9"><Coords points="629,344 629,312 62,311 63,342 81,342 86,344 104,345 561,345"/><TextEquiv><Unicode/></TextEquiv><TextEquiv index="1"><Unicode>Fecerat exiguas ſpatiis æqualibus vmbras;</Unicode></TextEquiv></TextLine><TextLine id="l10"><Coords points="700,345 562,345 444,347 306,346 210,347 63,345 63,379 700,379"/><TextEquiv><Unicode/></TextEquiv><TextEquiv index="1"><Unicode>Ecce tumens ſpoliis, atque oblita cæde ferarum</Unicode></TextEquiv></TextLine><TextLine id="l11"><Coords points="610,379 78,379 78,404 610,404"/><TextEquiv><Unicode/></TextEquiv><TextEquiv index="1"><Unicode>Antra ſubit lucis Hecate laſſata ſub altis.</Unicode></TextEquiv></TextLine><TextLine id="l12"><Coords points="77,412 77,444 661,444 661,412"/><TextEquiv><Unicode/></TextEquiv><TextEquiv index="1"><Unicode>Antra, cdera, &amp; raris labruſcæ ſparſa racemis.</Unicode></TextEquiv></TextLine><TextLine id="l13"><Coords points="670,445 192,447 77,445 77,477 88,478 670,478"/><TextEquiv><Unicode/></TextEquiv><TextEquiv index="1"><Unicode>Intus aquæ viridique obſeſſa ſedilia muſco:</Unicode></TextEquiv></TextLine><TextLine id="l14"><Coords points="782,478 444,480 290,478 76,478 76,509 93,510 782,511"/><TextEquiv><Unicode/></TextEquiv><TextEquiv index="1"><Unicode>Ante foresThymbræ ſurgunt, flenteſque Hyacinthi,</Unicode></TextEquiv></TextLine><TextLine id="l15"><Coords points="607,513 420,514 76,512 76,544 607,545"/><TextEquiv><Unicode/></TextEquiv><TextEquiv index="1"><Unicode>Et cum flameolis lethæa papauera caltis,</Unicode></TextEquiv></TextLine><TextLine id="l16"><Coords points="747,545 481,547 76,545 76,576 82,577 294,579 747,579"/><TextEquiv><Unicode/></TextEquiv><TextEquiv index="1"><Unicode>Innumeræque herbæ grato quas murmure labens</Unicode></TextEquiv></TextLine><TextLine id="l17"><Coords points="639,579 63,579 63,608 68,608 107,611 639,611"/><TextEquiv><Unicode/></TextEquiv><TextEquiv index="1"><Unicode>Riuus, &amp; attritos verſans alit vnda lapillos,</Unicode></TextEquiv></TextLine><TextLine id="l18"><Coords points="75,612 75,646 617,646 617,612"/><TextEquiv><Unicode/></TextEquiv><TextEquiv index="1"><Unicode>Non latices illic, nitidi non vda profundi</Unicode></TextEquiv></TextLine><TextLine id="l19"><Coords points="616,647 63,646 63,675 141,679 616,679"/><TextEquiv><Unicode/></TextEquiv><TextEquiv index="1"><Unicode>Lanigeræ turbaſtis oues, faltuve proteruo</Unicode></TextEquiv></TextLine><TextLine id="l20"><Coords points="535,681 141,680 63,676 63,707 121,711 535,711"/><TextEquiv><Unicode/></TextEquiv><TextEquiv index="1"><Unicode>Indomiti ripis inſultauere iuuenci:</Unicode></TextEquiv></TextLine><TextLine id="l21"><Coords points="650,712 588,712 584,714 212,714 151,712 73,712 73,741 102,744 650,745"/><TextEquiv><Unicode/></TextEquiv><TextEquiv index="1"><Unicode>Non fera, non imis ſerpens educta cauernis,</Unicode></TextEquiv></TextLine><TextLine id="l22"><Coords points="656,748 210,747 71,745 71,776 76,777 245,779 656,779"/><TextEquiv><Unicode/></TextEquiv><TextEquiv index="1"><Unicode>Nec, cum ſe paſtæ referunt e monte capellæ.</Unicode></TextEquiv></TextLine><TextLine id="l23"><Coords points="643,781 358,780 298,781 244,779 75,778 75,810 91,811 257,813 643,813"/><TextEquiv><Unicode/></TextEquiv><TextEquiv index="1"><Unicode>Sæpe tamen Dryades feſſos venatibus artus</Unicode></TextEquiv></TextLine><TextLine id="l24"><Coords points="771,811 707,811 699,813 560,815 257,814 72,811 72,842 91,843 184,846 771,846"/><TextEquiv><Unicode/></TextEquiv><TextEquiv index="1"><Unicode>Fonte lauant, humeroque tenus contingere gaudent.</Unicode></TextEquiv></TextLine><TextLine id="l25"><Coords points="805,848 803,847 569,848 184,847 130,845 63,844 63,873 67,874 81,877 139,879 805,879"/><TextEquiv><Unicode/></TextEquiv><TextEquiv index="1"><Unicode>Qu ſimul intrauit, trepidantem, ac multa timentem</Unicode></TextEquiv></TextLine><TextLine id="l26"><Coords points="712,880 566,881 441,879 414,881 283,881 76,879 76,907 89,907 99,910 156,912 712,912"/><TextEquiv><Unicode/></TextEquiv><TextEquiv index="1"><Unicode>Tergaque iam dantem, vidit Titania Nympham,</Unicode></TextEquiv></TextLine><TextLine id="l27"><Coords points="725,913 675,912 604,914 363,913 265,914 73,911 73,940 122,944 226,946 725,946"/><TextEquiv><Unicode/></TextEquiv><TextEquiv index="1"><Unicode>Vidit, &amp; exarſit, pharetramque arcuſque retentos</Unicode></TextEquiv></TextLine><TextLine id="l28"><Coords points="623,978 623,947 405,948 226,947 75,944 75,973 89,975 108,975 138,978 197,979 603,979"/><TextEquiv><Unicode/></TextEquiv><TextEquiv index="1"><Unicode>Corripuiſſe ferunt. At virgo concita curſu</Unicode></TextEquiv></TextLine><TextLine id="l29"><Coords points="647,979 533,981 282,981 196,979 77,979 77,1007 93,1010 172,1012 647,1012"/><TextEquiv><Unicode/></TextEquiv><TextEquiv index="1"><Unicode>Tranſuolat arua fuga, rapido velocior Euro,</Unicode></TextEquiv></TextLine><TextLine id="l30"><Coords points="714,1011 707,1015 680,1013 229,1014 73,1010 73,1038 714,1038"/><TextEquiv><Unicode/></TextEquiv><TextEquiv index="1"><Unicode>Donec arenoſum vitrei Mellonis ad amnem</Unicode></TextEquiv></TextLine><TextLine id="l31"><Coords points="63,1075 678,1075 678,1043 63,1043"/><TextEquiv><Unicode/></TextEquiv><TextEquiv index="1"><Unicode>Perueni: hic iunci ſteriles, &amp; candida circum</Unicode></TextEquiv></TextLine><TextLine id="l32"><Coords points="557,1110 650,1110 650,1077 591,1077 529,1080 429,1081 242,1080 134,1077 75,1077 75,1108 85,1109 208,1112 518,1112"/><TextEquiv><Unicode/></TextEquiv><TextEquiv index="1"><Unicode>Populus &amp; pigram velabat canna paludem,</Unicode></TextEquiv></TextLine><TextLine id="l33"><Coords points="616,1142 616,1111 371,1114 208,1113 74,1110 74,1140 130,1141 149,1142 158,1144 187,1145 467,1146"/><TextEquiv><Unicode/></TextEquiv><TextEquiv index="1"><Unicode>Et cum caricibus limo quod creuit acutis</Unicode></TextEquiv></TextLine><TextLine id="l34"><Coords points="692,1175 692,1143 600,1143 573,1145 467,1147 187,1146 158,1145 149,1143 72,1143 72,1172 87,1172 131,1176 198,1178 439,1179"/><TextEquiv><Unicode/></TextEquiv><TextEquiv index="1"><Unicode>Molle ſiler, calamique leues, vluæque virentes.</Unicode></TextEquiv></TextLine><TextLine id="l35"><Coords points="755,1175 439,1180 198,1179 131,1177 112,1175 71,1175 71,1206 78,1208 95,1209 297,1213 428,1213 572,1210 643,1210 657,1211 660,1213 755,1213"/><TextEquiv><Unicode/></TextEquiv><TextEquiv index="1"><Unicode>Subſtitit hic lacrymas, ſparſoſque a fronte capillos</Unicode></TextEquiv></TextLine><TextLine id="l36"><Coords points="625,1211 491,1212 428,1214 156,1212 78,1209 65,1205 63,1204 62,1246 625,1246"/><TextEquiv><Unicode/></TextEquiv><TextEquiv index="1"><Unicode>Reiicit in tergum, pleno ſingultibus ore</Unicode></TextEquiv></TextLine><TextLine id="l37"><Coords points="769,1232 769,1265 848,1265 848,1232"/><TextEquiv><Unicode/></TextEquiv><TextEquiv index="1"><Unicode>Pali-</Unicode></TextEquiv></TextLine><TextEquiv><Unicode/></TextEquiv></TextRegion></Page></PcGts>