1233 1367
348 37 594 61 CERETI
805 49 859 72 a.
83 77 675 112 Suſtinet inſidias, tumidi ſed pondera ventris
83 112 632 146 Celat, & interdum læſi dat figna pudoris.
78 145 791 179 Dumque oculos vix tollit humo, nunc pingitur oſts
81 177 648 210 Puniceas incenſa genas, nunc flebilis hæret
79 212 615 245 Pallidior buxo: qualis Tithonia coniux
80 245 720 278 Quum rbet, & ſubita tegitur caligine mœrens
7 278 676 308 Memnonis admonit. Iam ſol altiſſimus axe
27 312 629 345 Fecerat exiguas ſpatiis æqualibus vmbras;
1 345 700 379 Ecce tumens ſpoliis, atque oblita cæde ferarum
78 379 610 404 Antra ſubit lucis Hecate laſſata ſub altis.
77 412 661 444 Antra, cdera, & raris labruſcæ ſparſa racemis.
77 445 670 478 Intus aquæ viridique obſeſſa ſedilia muſco:
76 478 782 511 Ante foresThymbræ ſurgunt, flenteſque Hyacinthi,
76 512 607 545 Et cum flameolis lethæa papauera caltis,
76 545 747 579 Innumeræque herbæ grato quas murmure labens
9 579 639 611 Riuus, & attritos verſans alit vnda lapillos,
75 612 617 646 Non latices illic, nitidi non vda profundi
1 646 616 679 Lanigeræ turbaſtis oues, faltuve proteruo
1 676 535 711 Indomiti ripis inſultauere iuuenci:
73 712 650 745 Non fera, non imis ſerpens educta cauernis,
71 745 656 779 Nec, cum ſe paſtæ referunt e monte capellæ.
75 778 643 813 Sæpe tamen Dryades feſſos venatibus artus
72 811 771 846 Fonte lauant, humeroque tenus contingere gaudent.
8 845 805 879 Qu ſimul intrauit, trepidantem, ac multa timentem
76 879 712 912 Tergaque iam dantem, vidit Titania Nympham,
73 911 725 946 Vidit, & exarſit, pharetramque arcuſque retentos
75 944 623 979 Corripuiſſe ferunt. At virgo concita curſu
77 979 647 1012 Tranſuolat arua fuga, rapido velocior Euro,
73 1010 737 1038 Donec arenoſum vitrei Mellonis ad amnem
5 1043 678 1075 Perueni: hic iunci ſteriles, & candida circum
75 1077 650 1112 Populus & pigram velabat canna paludem,
74 1110 616 1146 Et cum caricibus limo quod creuit acutis
72 1143 692 1179 Molle ſiler, calamique leues, vluæque virentes.
71 1175 755 1213 Subſtitit hic lacrymas, ſparſoſque a fronte capillos
1 1200 625 1246 Reiicit in tergum, pleno ſingultibus ore
769 1232 848 1265 Pali-
511 1247 621 1275 A
