1061 1354
481 42 746 68 DANIELIS
231 57 282 81 4
233 90 802 124 Pallid lo, tales effundens pectore voces,
138 112 184 150 i
271 119 876 161 O qui me fluctus, quæ me nunc ima dehiſcens
236 156 841 194 Abſc. dat tellus, penitusq; in viſcera mergat?
236 189 760 225 Cœlico æ ſi qua eſt pietas, ſi conſcia vei
236 221 876 257 Numina deceptas ſpectant ſine fraude puellas,
236 256 940 293 Erip te hanc animam miſeræ, & ſupiema roganti
235 289 887 324 Munera ferte: atque o finiſſem moite dolores,
238 322 796 358 Cum mea virginits erat illibata libenter
236 358 894 393 Nam potui tunc caſta mori. ſuperos tamen omnes
238 392 768 424 Infelix teſtor, contra mea vota pudorem
237 423 797 453 In ventas abijſſe leues. ſi mentior, in me
236 455 827 487 Vertat inexhauſtas agilis Dictynna pharetras.
271 487 848 522 Audijt hæc Phœbe, celeresq; morata ſagittas
235 521 834 558 Languit ad gemitus, ſparſis q; in terga venenis
223 554 830 589 Arbor eris, dixit, ſed quæ nec poma, nec vllas
236 587 846 621 Diuitias domino, præter fera vincla miniſtres:
236 622 777 652 Nec tu militibus, nec tu clamata theatris
237 655 903 688 Serta feres, cultis circum ſua tempora Nymphis
235 689 799 723 Frons tua pendebit, nec te dignabitur inter
233 723 761 758 Alticomas quercus, aut aërias cupreſſos,
236 756 809 791 Sede nemus nigrâ, vel nubilus abiete lucus:
235 790 796 826 Sed procul extremis ignotaiacebis in aruis,
234 822 857 859 Perq; lacus patulos, obliquaq; flumina paſſim
233 858 773 891 Fœda tibi querulæ facient conuitia ranæ.
233 889 855 926 Ver quoque cum ſiluis ſuccos infuderit altis,
232 920 968 960 Quàm bene tunc ſalicis demptâ cute membra rigebunt:
232 957 766 990 Tunc noua direpto de cortice fiſtula fiet,
231 989 811 1024 Fiſtula non doctis germani inflanda labellis.
231 1024 872 1059 Nec feſtis animanda choris, cum tibia nuptam,
233 1056 865 1091 Legitimasq; faces, ſacrosq; Hymenæon ad ignes
232 1090 820 1124 Læta canit; balbo ſed quam puer ore fatiget.
231 1123 811 1151 Nec ſat erit laniaſſe cutem, ferus ora laceſſet
229 1157 846 1190 Ruſticus, & tortam per mille volumina reddet.
227 1190 778 1225 Sic tua dum ſimæ carpent virgulta capellæ
227 1223 741 1260 Tityrus inniteus baculo ſilueſtris oliuæ
917 1261 1009 1288 Multi-
