1282 1390
336 15 550 47 CRETI.
45 63 665 96 Multifora vetitas narrabit arundine flammas:
46 96 666 131 Flauentesq; comas tibi qguæ nocuere placendo
46 131 616 164 Ruſticus incuiua depone falce quotannis,
46 165 597 197 Contemnetq; tuos imo de gusgite vultus
45 198 598 230 Semifer, ad molles iuuenilior ille rapinas
46 231 597 265 ISemper, & iuſti fax vulgatiſſima regni:
46 263 683 300 Vrgebitq; tuam dum ventilat hordea vannum
46 298 672 333 Theſtylis, & genibus feriet caua texta recuſſus.
45 332 664 365 Mox ſimul obliquam terris inuerterit vrnam
45 365 660 399 Tros puer, atq; vias pluuijs fœdauerit Auſter,
46 396 603 432 Te vulgus calcabit inops, te fœmina virq;
45 432 587 466 Induet, & ſoleis plangetur terra ſalignis.
46 466 655 499 Atque aliquis pictos nodoſo in robore qualo
46 497 655 532 Fronde tua texens, aut candidulos calathiſcos
46 531 567 566 Raſilibus virgis, o quantum flexilis iſta
45 564 690 599 Nympha fuit, dicet: quantum florentibus annis
45 596 611 633 Iſta ſalax viſa eſt tum teculpabit, & inter
46 630 586 667 Fabula fœmineas dicëris longa cateruas.
90 666 653 701 Deſierat loue nata loqui, cum territa virgo
45 697 598 734 Ter conata ſolo teneras diuellere plantas
46 731 603 767 Mollia ter niueis percuſſit pectora palmis,
46 764 624 802 Dumq; pedes ſubita queritur radice teneri,
46 798 644 836 Pes vbi ſit, quærit, digitiq;, vnguesq; cutisq;.
45 832 629 868 Iam teretes ſuræ, iam candida crura, ſinuq;
45 865 594 900 Rugoſo ſenſim cœperunt cortice claudi:
46 898 697 936 Brachiaq;, ad cœlum quæ forte tetenderat, altos
46 933 594 967 Induit in ramos. reſtabant ora, comæq;:
46 967 661 1001 Quid facis exclamat, Laronia? parce, nec vno
46 1001 631 1034 Funere perde duos, vteri miſerere, nec vltra
46 1033 602 1067 Iram tende tuam: ſic me perijfſe iuuabit:
45 1066 691 1101 Parce precor. clamabat adhuc, clamantia cortex
46 1101 675 1134 Occupat ora recens, & vox ſub ſtipite cœcum
45 1133 692 1169 Vltima murmur erat, latebroſo quale ſub alueo,
46 1166 653 1202 Punicibusve cauis Sicula exauditur in Hybla,
46 1198 681 1240 Horrida cum vario ſaturatas flore cateruas
738 1229 855 1258 Clauſit
