<?xml version="1.0" encoding="UTF-8" standalone="no"?><PcGts xmlns="http://schema.primaresearch.org/PAGE/gts/pagecontent/2019-07-15" xmlns:xsi="http://www.w3.org/2001/XMLSchema-instance" xsi:schemaLocation="http://schema.primaresearch.org/PAGE/gts/pagecontent/2019-07-15 http://schema.primaresearch.org/PAGE/gts/pagecontent/2019-07-15/pagecontent.xsd"><Metadata><Creator/><Created>2022-04-12T09:50:01</Created><LastChange>1970-01-01T00:00:00</LastChange><Comments/></Metadata><Page imageFilename="0796.png" imageHeight="1345" imageWidth="1020"><TextRegion id="r1" orientation="0.0" type="paragraph"><Coords points="1,1 1018,1 1018,1343 1,1343"/><TextLine id="l1"><Coords points="321,53 826,53 826,16 321,15"/><TextEquiv><Unicode/></TextEquiv><TextEquiv index="1"><Unicode>7BALTHAS.CAsSL.</Unicode></TextEquiv></TextLine><TextLine id="l2"><Coords points="194,60 194,94 789,94 789,60"/><TextEquiv><Unicode/></TextEquiv><TextEquiv index="1"><Unicode>Sed faciem vt vidit pueri, ſacrumq; decorem,</Unicode></TextEquiv></TextLine><TextLine id="l3"><Coords points="230,94 230,128 732,128 732,94"/><TextEquiv><Unicode/></TextEquiv><TextEquiv index="1"><Unicode>Certe, ait, hic proles eſt, Cytherea, tua.</Unicode></TextEquiv></TextLine><TextLine id="l4"><Coords points="770,128 474,128 352,130 289,133 190,134 190,163 346,163 451,160 565,159 746,161 749,163 770,163"/><TextEquiv><Unicode/></TextEquiv><TextEquiv index="1"><Unicode>Sæue puer, tentas me vincere voce, lyraque:</Unicode></TextEquiv></TextLine><TextLine id="l5"><Coords points="687,162 678,161 566,160 451,161 228,167 228,192 687,192"/><TextEquiv><Unicode/></TextEquiv><TextEquiv index="1"><Unicode>An viciſſe arcu, eſt gloria viſa leuis?</Unicode></TextEquiv></TextLine><TextLine id="l6"><Coords points="424,196 424,227 585,227 585,196"/><TextEquiv><Unicode/></TextEquiv><TextEquiv index="1"><Unicode>De Viragine.</Unicode></TextEquiv></TextLine><TextLine id="l7"><Coords points="190,227 190,260 782,260 782,227"/><TextEquiv><Unicode/></TextEquiv><TextEquiv index="1"><Unicode>Semianimem in muris mater Piſana puellam</Unicode></TextEquiv></TextLine><TextLine id="l8"><Coords points="228,262 228,294 781,294 781,262"/><TextEquiv><Unicode/></TextEquiv><TextEquiv index="1"><Unicode>Dum fouet, &amp; tenero pectore vulnus hiat,</Unicode></TextEquiv></TextLine><TextLine id="l9"><Coords points="820,298 691,295 497,295 193,299 193,328 820,328"/><TextEquiv><Unicode/></TextEquiv><TextEquiv index="1"><Unicode>Nata tibi has, dixit, tædas, atque hos hymenæos,</Unicode></TextEquiv></TextLine><TextLine id="l10"><Coords points="751,361 751,329 738,330 664,328 578,328 229,332 229,362 748,362"/><TextEquiv><Unicode/></TextEquiv><TextEquiv index="1"><Unicode>Hæc defenſa tuo mœnia Marte dabunt?</Unicode></TextEquiv></TextLine><TextLine id="l11"><Coords points="184,397 295,397 365,394 663,394 809,396 809,360 796,360 776,363 420,362 306,365 185,365 184,364"/><TextEquiv><Unicode/></TextEquiv><TextEquiv index="1"><Unicode>Cui virgo, haud alias tædas, aliosve Hymenæos</Unicode></TextEquiv></TextLine><TextLine id="l12"><Coords points="783,396 365,395 295,398 229,398 229,425 783,425"/><TextEquiv><Unicode/></TextEquiv><TextEquiv index="1"><Unicode>Debuit hæc nobis grata rependere humus.</Unicode></TextEquiv></TextLine><TextLine id="l13"><Coords points="778,429 587,427 383,427 300,431 184,430 184,463 295,463 334,460 434,458 602,458 738,460 757,461 763,464 778,464"/><TextEquiv><Unicode/></TextEquiv><TextEquiv index="1"><Unicode>anc ego ſola meo ſeruaui ſanguine terram,</Unicode></TextEquiv></TextLine><TextLine id="l14"><Coords points="703,461 370,460 295,464 226,464 226,491 703,491"/><TextEquiv><Unicode/></TextEquiv><TextEquiv index="1"><Unicode>Hæc ſeruata meos terra tegat cineres.</Unicode></TextEquiv></TextLine><TextLine id="l15"><Coords points="184,535 226,535 233,530 243,529 326,528 398,525 614,524 840,527 840,492 407,492 280,496 184,496"/><TextEquiv><Unicode/></TextEquiv><TextEquiv index="1"><Unicode>Quòd ſi iterum ad muros accedet Gallicus hoſtis,</Unicode></TextEquiv></TextLine><TextLine id="l16"><Coords points="855,528 614,525 398,526 326,529 243,530 233,531 226,536 184,536 184,562 387,562 419,561 427,559 624,559 630,562 855,562"/><TextEquiv><Unicode/></TextEquiv><TextEquiv index="1"><Unicode>Pro patriâ arma iterum hæc oſſa ciniſque ferent.</Unicode></TextEquiv></TextLine><TextLine id="l17"><Coords points="402,561 402,584 567,584 567,561"/><TextEquiv><Unicode/></TextEquiv><TextEquiv index="1"><Unicode>Ad Amicam.</Unicode></TextEquiv></TextLine><TextLine id="l18"><Coords points="183,630 331,629 414,626 683,626 730,627 740,634 961,636 961,586 920,588 634,586 624,591 613,592 488,592 424,594 343,594 332,588 262,590 192,589 188,591 184,590"/><TextEquiv><Unicode/></TextEquiv><TextEquiv index="1"><Unicode>Memiſerum quisnam hæc tam bellalabella momordit</Unicode></TextEquiv></TextLine><TextLine id="l19"><Coords points="374,660 677,660 677,627 414,627 331,630 184,631 184,662 316,662"/><TextEquiv><Unicode/></TextEquiv><TextEquiv index="1"><Unicode>Improbus, &amp; vere ruſticus ille fuit.</Unicode></TextEquiv></TextLine><TextLine id="l20"><Coords points="184,696 312,696 388,693 827,694 827,655 740,654 732,659 722,661 374,661 317,662 267,665 198,665 184,663"/><TextEquiv><Unicode/></TextEquiv><TextEquiv index="1"><Unicode>Non aliter leporem canis, accipiterve columbam</Unicode></TextEquiv></TextLine><TextLine id="l21"><Coords points="846,695 388,694 312,697 223,697 223,726 846,726"/><TextEquiv><Unicode/></TextEquiv><TextEquiv index="1"><Unicode>Mandit: adhuc fluit en turgidulo ore cruor.</Unicode></TextEquiv></TextLine><TextLine id="l22"><Coords points="162,771 196,772 227,770 235,764 338,760 842,761 842,728 737,729 515,727 343,728 276,731 196,731 184,730 184,731 162,731"/><TextEquiv><Unicode/></TextEquiv><TextEquiv index="1"><Unicode>Quid nectis maleſana dolos? quid perfida iuras?</Unicode></TextEquiv></TextLine><TextLine id="l23"><Coords points="868,760 861,762 338,761 235,765 227,771 223,771 223,793 868,792"/><TextEquiv><Unicode/></TextEquiv><TextEquiv index="1"><Unicode>Liuidam ab impreſſo agnoſco ego dente notam.</Unicode></TextEquiv></TextLine><TextLine id="l24"><Coords points="164,830 215,831 334,826 594,826 782,828 782,795 728,796 461,793 351,794 256,798 164,798 162,797 162,831"/><TextEquiv><Unicode/></TextEquiv><TextEquiv index="1"><Unicode>Atque vtinam non vlteriora etiam malus ille</Unicode></TextEquiv></TextLine><TextLine id="l25"><Coords points="786,829 594,827 334,827 215,832 215,863 285,863 340,859 535,859 705,861 709,863 786,863"/><TextEquiv><Unicode/></TextEquiv><TextEquiv index="1"><Unicode>Sumpſerit, heu duras rerum in amore vices.</Unicode></TextEquiv></TextLine><TextLine id="l26"><Coords points="647,862 639,861 343,861 343,892 647,892"/><TextEquiv><Unicode/></TextEquiv><TextEquiv index="1"><Unicode>Epitaphum Gratiæ puellæ.</Unicode></TextEquiv></TextLine><TextLine id="l27"><Coords points="163,927 174,926 344,925 766,927 766,890 711,890 705,893 413,892 328,894 289,894 278,890 162,890 162,927"/><TextEquiv><Unicode/></TextEquiv><TextEquiv index="1"><Unicode>Siſte viator, ni properas; hoc aſpice marmor,</Unicode></TextEquiv></TextLine><TextLine id="l28"><Coords points="773,928 631,927 598,928 528,926 221,927 221,959 360,959 415,957 534,959 773,959"/><TextEquiv><Unicode/></TextEquiv><TextEquiv index="1"><Unicode>Et lege: ni ploras, tu quoque marmor eris.</Unicode></TextEquiv></TextLine><TextLine id="l29"><Coords points="842,952 838,953 835,956 826,960 804,961 598,961 442,958 316,961 207,961 172,960 162,958 161,993 168,993 277,993 356,991 754,993 818,995 842,997"/><TextEquiv><Unicode/></TextEquiv><TextEquiv index="1"><Unicode>Gratianamque Deas etam mors ſæua profanat</Unicode></TextEquiv></TextLine><TextLine id="l30"><Coords points="792,996 789,995 531,992 356,992 218,994 218,1020 792,1020"/><TextEquiv><Unicode/></TextEquiv><TextEquiv index="1"><Unicode>Mortua, &amp; hoc duro eſt condita ſub tumulo.</Unicode></TextEquiv></TextLine><TextLine id="l31"><Coords points="842,1027 725,1028 540,1025 162,1025 162,1058 165,1058 219,1057 669,1058 729,1060 738,1065 846,1065 846,1061 842,1061"/><TextEquiv><Unicode/></TextEquiv><TextEquiv index="1"><Unicode>Abſtulit hæc moriens geminas miſeranda ſorores:</Unicode></TextEquiv></TextLine><TextLine id="l32"><Coords points="210,1059 210,1091 673,1091 673,1059"/><TextEquiv><Unicode/></TextEquiv><TextEquiv index="1"><Unicode>Sic Charites vno tres periere obitu.</Unicode></TextEquiv></TextLine><TextLine id="l33"><Coords points="767,1238 767,1166 973,1166 973,1238"/><TextEquiv><Unicode/></TextEquiv></TextLine><TextEquiv><Unicode/></TextEquiv></TextRegion></Page></PcGts>