1020 1345
192 16 826 53 7BALTHAS.CAsSL.
194 60 789 94 Sed faciem vt vidit pueri, ſacrumq; decorem,
230 94 732 128 Certe, ait, hic proles eſt, Cytherea, tua.
190 128 770 163 Sæue puer, tentas me vincere voce, lyraque:
228 160 687 192 An viciſſe arcu, eſt gloria viſa leuis?
424 196 585 227 De Viragine.
190 227 782 260 Semianimem in muris mater Piſana puellam
228 262 781 294 Dum fouet, & tenero pectore vulnus hiat,
193 295 820 328 Nata tibi has, dixit, tædas, atque hos hymenæos,
229 328 751 362 Hæc defenſa tuo mœnia Marte dabunt?
119 355 809 403 Cui virgo, haud alias tædas, aliosve Hymenæos
229 395 783 425 Debuit hæc nobis grata rependere humus.
94 398 778 464 anc ego ſola meo ſeruaui ſanguine terram,
226 460 703 491 Hæc ſeruata meos terra tegat cineres.
122 492 840 538 Quòd ſi iterum ad muros accedet Gallicus hoſtis,
101 525 855 562 Pro patriâ arma iterum hæc oſſa ciniſque ferent.
402 561 567 584 Ad Amicam.
80 586 961 646 Memiſerum quisnam hæc tam bellalabella momordit
160 627 677 662 Improbus, & vere ruſticus ille fuit.
78 642 827 714 Non aliter leporem canis, accipiterve columbam
223 694 846 726 Mandit: adhuc fluit en turgidulo ore cruor.
76 720 842 775 Quid nectis maleſana dolos? quid perfida iuras?
223 758 924 793 Liuidam ab impreſſo agnoſco ego dente notam.
115 791 782 832 Atque vtinam non vlteriora etiam malus ille
215 827 786 863 Sumpſerit, heu duras rerum in amore vices.
343 861 647 892 Epitaphum Gratiæ puellæ.
85 890 766 929 Siſte viator, ni properas; hoc aſpice marmor,
221 926 773 959 Et lege: ni ploras, tu quoque marmor eris.
81 930 883 998 Gratianamque Deas etam mors ſæua profanat
218 992 792 1020 Mortua, & hoc duro eſt condita ſub tumulo.
98 1025 846 1065 Abſtulit hæc moriens geminas miſeranda ſorores:
210 1059 673 1091 Sic Charites vno tres periere obitu.
774 1184 963 1225 V
