1256 1383
170 18 772 58 LDOVICI CAVANI.s
129 82 785 127 O VICICAii
286 133 627 161 PARMENSIS.
326 178 546 206 DePio, & Turcis.
41 222 830 281 CVNThorrendum inter ſe contraria bellum;
106 255 652 291 Conſerit Impietas cum Pietate manum.
52 291 736 325 Spes hinc vincendi magna eſt; metus inde cadendi:
85 324 640 358 Hæc ductum ſequitur Dæmonis: illa Dei.
22 358 698 392 Vtram igitur partem maneat victoria, conſtat;
92 392 558 424 Corſiſtet Pietas, corruet Impietas.
305 424 531 454 In Ioan. Auſtrium.
44 456 500 485 Militis effrenivicit Mæotica Bella,
86 491 669 525 Dux tua centimano dextra timenda Gygi.
46 522 804 557 Miranturque igitur Tellus, Cælum, quor, Auernus:
84 557 598 591 Fama volet pernixreſtat, ad Antipodas.
352 593 485 615 In eundem.
44 623 572 658 Siereſcente æuo, geſtarum gloria retum
45 656 736 693 Creſcet; erit tandem nil quod in Orbe geras.
45 691 637 725 Aut Deus immenſi fines tunc proferat orbis;
77 725 554 757 Aut poſitis armis ſit capienda quies.
378 759 460 782 Eidem.
45 781 594 825 &bellandi vſuſic eſttua clara Iuuentus,
85 824 686 855 Vt Caroli obſcures facta noranda patris;
45 856 607 897 Qui ſolo hoſtiles terrebat nomin turmas,
90 891 582 922 Cui nullum ſeclis fata dedere parem:
45 923 641 958 Mars alter fies virtutibs auctus & annis,
86 957 597 989 Marsque tibi feſſus bella cruenta ſinet.
363 992 506 1014 Adeundem.
44 1021 634 1058 Cedebam lumen, rebusconcedere lumen
92 1054 665 1089 Quarum eſſet lumen; nunc ſecus eſſe patet.
45 1086 805 1121 Splendor es Heroum: ſplendorem Splendor obumbrass
88 1120 602 1154 Sic ſplendor nubes, lumina ſic tenebræ.
383 1156 501 1178 De eodem.
61 1181 646 1223 Obſtupuere omnes; num feciſſepotentem,
757 1218 836 1254 uod
