1334 1374
765 34 1036 61 LVDOVICI
554 80 1106 115 Quod tot magnanimi non potuere Dues.
511 113 1130 153 Aſt ego non miror, tot non feciſſe quod vnus:
549 146 1027 187 Vnus pto centum millibus ille valet.
737 180 971 213 In Principem Vibini.
724 284 1005 314 In Aſcanium Corneum
511 314 1166 348 Certauere diu inter ſe duo fulmina, Mars, Mors:
560 348 1154 376 Vult Mars, vt viuat; Mors, cadat Aſcanius.
525 381 1191 414 Fortior hæc illo, hac ego ſum, inquit, fortior ille
559 414 1033 446 Vnde minas alter non timet alterius.
526 445 1172 481 Quàm longe & latè pateant ſua iura, tenet Mors;
559 479 1143 512 Quanta viro dederit nomina Mars meminit,
527 511 1098 537 Victricem Mortem vicit Mars victus: obiuit
557 545 1083 579 Aſcanius; viuet tempus in omne tamen.
725 581 1012 604 In Michaelem onellum.
512 602 1117 647 Dum primâ veſtis, Michae, lanugine malas,
559 647 1091 681 Mira gerens armis, nobile nomen habes.
512 679 1144 714 li Iam tua fama plagas volucris penetrauit Eoas,
560 713 1140 746 Præpes & extremam contigit Heſperiam.
527 747 1090 780 Te ſimul ac perfecta virum firmauerit ætas,
559 780 1082 813 Mars dicet mirans: hic erit alter ego.
723 815 933 845 In M. Quirinum.
512 836 1080 881 Dum ſic fata volunt, bini venere Quirini:
559 880 1078 907 Hic eſt à Diuo natus, & ille homine
523 913 1118 948 Alter ſeruauit Patriam, quam condidit alter;
557 948 1083 981 Sic titulos pariter iactat vterque duos:
522 979 1122 1014 Hic, ſum mortalis Patriam tutatus ab hoſte:
557 1014 991 1045 Ille, meâ diâ mœnia ducta manu.
522 1045 1116 1071 Maior vter labor eſt? tœdet me dicere: vos id
551 1080 998 1109 Dicite Romani, dicite vos Veneti.
730 1115 938 1138 In Pium V.
509 1133 1076 1179 Intemerata breui Pietas toto orbe vigebit;
553 1178 1036 1212 Relligionis erit verus vbique modus.
508 1206 1155 1245 Quid mirum? exutum vitijs virtutibus Orbem
1147 1244 1296 1290 Induit
