1248 1377
336 94 553 120 CANI.
795 101 840 125 ut
64 138 634 175 Induit, atq; homines vult Pius eſſe pios.
879 152 922 185 B
53 173 664 206 Vt, cum vnus noſtræ ſit portus & aura ſalutis;
89 209 636 240 Idem omnes capiat portus, & aura vehat.
287 243 418 266 In eundem.
54 273 617 307 Oninque fuere Pij, poſt fidi tempora Petri:
88 308 590 342 Sed Quintus, Felix dicitur atque Pius.
56 342 627 372 Nam Tius, hæreticis carum defendit ouile;
88 375 639 409 Felix, cum Turcis maxima bella gerit.
58 408 638 443 O pia proſperitas, pietas proſpera, quæ ſic
88 443 699 476 Commiſſum duplici ſeruat ab hoſte gregem
256 478 597 502 In M. Antonium Columnam.
54 508 655 544 Quod peperere duces primi, amiſere nepotes,
91 542 596 576 Quam male ſeruauit tradita Poſteritas.
58 576 637 608 Noſtra nihil debent antiquis ſæcula, non res
89 609 581 642 Ad noſtram partæ peruiguere diem.
59 641 641 676 Obligat ætatem priſcam ſibi celſa Columna,
89 676 564 710 Et mediam, natis conciliatq; patres.
1 700 738 749 Nam veterum famam renouat, deletq; nepotum
90 743 631 783 Dum iura adquirit priſtina Romulidum.
289 778 415 801 In eundem.
1 807 719 851 Neſcijt optare Vrbs, quantum ipſi, Marce, dediſti:
90 843 633 877 Abs te ſed quantum ſat ſit, habere negat,
1 870 628 916 Cui multum debet, vult plus debere, tuoq;
92 910 631 943 Ingenti pro animo ſperat, & ampla petit.
1 929 648 981 Relliquias belli ſupera, ſpes vna Quiritum;
882 939 961 976 um
91 977 628 1010 Te queat vt patriæ Roma vocare patrem.
324 1053 378 1070 EI
497 1054 604 1071 D
150 1053 740 1088 AN O I
407 1105 525 1133 Salix.
1 1139 694 1178 oRTEſub intonſæ conſederat ilicis vmbrâ
1 1173 681 1208 Flaua Salix, caſtæ comitum pars fida Dianæ;
1 1204 624 1242 Implebatq; ſinus Lephyris: nexuq; ſoluto
61 1241 599 1275 Errabant nitidi per eburnea colla capilli,
63 1275 652 1310 Quà pater, auriferâ redimitus tempora cito,
719 1308 839 1337 Verbe
452 1312 580 1338 Aaa3
