1326 1427
692 113 1020 137 DANTELITS
489 151 1081 189 Verberat ingenti Benacus littora planctu.
491 187 1144 221 Dum ſedetblitamDominæ, Faunique procacis,
491 221 1091 253 Florilegæ tenuiſtis apes, volucresque canoræ,
491 254 1077 288 Et quæ proceras mulbant flamina quercus
491 287 1148 320 Propter aquæ riuum. ſomno; iamq; illa grauatu
490 321 1131 354 In pharetram, & laxos caput adclinauerat arcus:
494 354 1045 387 Antepedes lapſum fronti crinale jacebat,
493 388 1194 420 Et jaculum, Triuiæ magnum acmemorabile munus..
496 420 1084 454 Viderat hanc, vt erat dulci reſoluta ſopore,
496 453 1076 487 Fortè ſenex Glaucus, latratas æquore cautes
496 487 1082 519 Dum colit, & captos adducit arundine piſces
497 518 1095 552 tans celſo in ſcopulo, visâ ſtupet ille, ſiletque
496 552 1155 585 Improbus, atque atrum flagranti corde venenum.
499 585 1118 618 Concipit, & eæcum totis bibit oſſibus ignem
496 618 1078 652 Ilamque ſuas artes, nodoſaque lina peroſus,
501 652 1123 685 Cœruleas damnabat opes, centumque ſorores
501 684 1151 719 PoſtSalicem poſuiſſe ferunt. Ergo ille trememti
502 719 1083 753 Euctantique fero, & inania bella mouenti
501 752 1016 787 Vim tulit. at cæſis virgo Saloina lacertis
499 785 1082 820 aſſauit plangore nemus, latoſque per agros
501 818 1078 853 Haud intermiſſas fudit miferanda querelas.
501 852 1054 886 Non illi volucres vrgere in retia ceruos
501 885 1068 918 Cura, nec in laxos leporem deducere caſſes
498 918 1144 953 Amplius, aut timidas calamo transfigere damas;
503 952 1101 982 Nec rapidis vacuos canibus circundare ſaltus:
501 983 1030 1020 Sed latet, & ſcabro laqueata cubilia tofo
499 1017 1106 1054 Incolit, & longo domus eſt ſpelunca receſſu,
500 1050 1092 1087 Qua nitidos colles, ſubiectæque collibus arua.
500 1082 1093 1119 Spectat oliuiferos quaſſans Taureta capillos.
501 1116 1070 1149 Sæpe illam Dryades fruſtra lenire iacentem
500 1149 1085 1185 Tentauere: quid hos, dixerunt, cara dolores
497 1182 1161 1220 Perpeteris Nymphe? quæ cauſa indigna decoram
500 1213 1107 1254 Turbauit faciem? quidfles mœſtiſſima virgo?
498 1246 1028 1283 Virginis ad nomen ſuſpiria traxit ab imo
489 1277 1114 1328 Corde Salix, ſilet illa tamen, nec prodere cæcas
1157 1318 1271 1366 Suſtinet
