1057 1327
483 21 749 46 DANIELIS
236 66 773 99 Pallid lo, tales effundens pectore voces,
273 99 877 137 O qui me fluctus, quæ me nunc ima dehiſcens
237 135 844 169 Abſco. dat tellus, penitusq; in viſcera mergat?
237 168 760 201 Cœlico æ ſi qua eſt pietas, ſi conſcia veri
237 201 876 236 Numina deceptas ſpectant ſine fraude puellas,
236 235 938 269 Erip te hanc animam miſeræ, & ſupiema roganti
235 268 848 301 Munera ferte: atque o finiſſem moite dolores,
237 302 796 335 Cum mea virginitis erat illibata libenter
235 335 892 368 Nam potui tunc caſta mori. ſupers tamen omnes
237 368 822 400 Infelix teſtor, contra mea vota pudorem
235 401 796 430 In ventos abijſſe leues. ſi mentior, in me
234 433 825 465 Vertat inexhauſtas agilis Dictynna pharetras.
268 465 845 499 Audijt hæc Phœbe, celeresq; morata ſagittas
232 499 830 533 Languit ad gemitus, ſparſis q; in terga venenis
219 532 826 566 Arbor eris, dixit, ſed quæ nec poma, nec vllas
233 566 842 598 Diuitias domino, præter fera vincla miniſtres:
232 600 773 629 Nec tu militibus, nec tu clamata theatris
233 633 896 667 Serta feres, cultis circum ſua tempora Nymphis
231 668 795 702 Frons tua pendebit, nec te dignabitur inter
229 701 757 735 Alticomas quercus, aut aërias cupreſſos,
231 735 804 767 Sede nemus nigrâ, vel nubilus abiete lucus:
229 768 791 802 Sed procul extremis ignotaiacebis in aruis,
228 802 852 834 Perq; lacus patulos, obliquaq; flumina paſſim
227 834 768 867 Fœda tibi querulæ facient conuitia ranæ.
228 867 849 902 Ver quoque cum ſiluis ſuccos infuderit altis,
225 899 962 935 Quàm bene tunc ſalicis demptâ cute membra rigebunt?
226 934 760 966 Tunc noua direpto de cortice fiſtula fiet,
224 968 805 1001 Fiſtula non doctis germani inflanda labellis.
224 1001 865 1035 Nec feſtis animanda choris, cum tibia nuptam,
226 1034 858 1067 Legitimasq; faces, ſacrosq; Hymenæon ad ignes
224 1068 813 1102 Læta canit; balbo ſed quam puer ore fatiget.
224 1099 803 1129 Nec ſat erit laniaſſe cutem, ferus ora laceſet
221 1133 837 1167 Ruſticus, & tortam per mille volumina reddet.
219 1165 769 1201 Sic tua dum ſimæ carpent virgulta capellæ
206 1195 732 1234 Tityrus innitens baculo ſilueſtris oliuæ
908 1242 999 1269 Multi-
