1259 1388
336 27 546 50 CRETI
53 71 663 105 Multifora vetitas natrabit arundine flammas:
48 104 664 138 Flauentesq; comas tibi quæ nocuere placendo
48 138 614 173 Ruſticus incuiua deponer falce quotannis,
48 173 596 205 Contemnetq; tuos imo de gurgite vultus
47 206 597 238 Semifer, ad molles iuuenilior ille rapinas
48 239 596 273 Semper, & inuſti fax vulgatiſſima regni:
47 272 681 306 Vrgebitq; tuam dum ventilat hordea vannum
48 305 682 340 Theſtylis, & genibus feriet caua texta recuſſus.
47 340 663 374 Mox ſimul obliquam terris inuerterit vrnam
55 373 659 406 Tros puer, atq; vias pluuijs fœdauerit Auſter,
48 405 603 440 Te vulgus calcabit inops, te fœmina virq;
47 440 586 473 Induet, & ſoleis plangetur terra ſalignis.
48 473 655 506 Atque aliquis pictos nodoſo in robore qualos
47 506 655 540 Fronde tua texens, aut candidulos calathiſcos
48 539 568 574 Raſilibus virgis, d quantum flexilis iſta
47 572 690 607 Nympha fuit, dicet: quantum florentibus annis
48 605 612 641 Iſta ſalax viſa eſt:tum teculpabit, & inter
48 639 587 675 Fabula fœmineas dicëris longa cateruas.
91 674 655 707 Deſierat loue nata loqui, cum territa virgo
48 706 600 740 Ter conata ſolo teneras diuellere plantas
57 742 605 775 Mollia ter niueis percuſſit pectora palmis,
56 774 626 809 Dumq; pedes ſubita queritur radice teneri,
52 809 645 843 Pes vbi ſit, quærit, digitiq;, vnguesq; cutisq;.
58 842 629 875 Iam teretes ſuræ, iam candida crura, ſinuq;
58 874 595 909 Rugoſo ſenſim cœperunt cortice claudi:
58 909 698 943 Brachiaq;, ad cœlum quæ forte tetenderat, altos
59 943 595 975 Induit in ramos. reſtabant ora, comæq;:
59 976 661 1010 Quid facis exclamat, Latonia? parce, nec vno
48 1010 632 1042 Funere perde duos, vteri miſerere, nec vltra
57 1042 603 1074 Iram tende tuam: ſic me perijfſe iuuabit:
56 1076 692 1109 Parce precor. clamabat adhuc, clamantia cortex
58 1109 677 1142 Occupat ora recens, & vox ſub ſtipite cœcum
57 1142 694 1177 Vltima murmur erat, latebroſo quale ſub alueo,
48 1174 654 1210 Punicibusve cauis Sicula exauditur in Hybla,
48 1207 683 1249 Horrida cum vario ſaturatas flore cateruas
740 1235 837 1264 Clauſit
