1047 1315
529 17 719 40 PAVL
241 23 287 51 748
242 59 814 95 Auſpicete iunxiſſe modis, & carmina docto
102 56 171 96 II
240 94 802 125 Pelidæ in morem cantu reſonare per antra.
102 97 171 133 I
242 127 944 160 Hic tibi maior honos: namq; haud armenta per agros
243 161 856 193 Paſtor ad Amphriſum coges, neque tibia rauco
103 159 169 201 l
242 194 823 228 Phryx commota ſono tecum certare parabit.
104 201 169 223 II
104 223 168 262 I
242 227 791 261 Graio regna duci, natum qui miſit in oras
241 261 818 294 Heſperias, bello inſignem rebusq; ſecundis.
105 263 167 302 II
105 295 147 313 Pe
239 295 854 328 Imperium poſtquam geminis alearibus auxit
241 327 859 362 Filius, hunc ſequitur, pietas cui plurima cordi,
241 362 776 394 Et Diuûm cultus aderant, aræq; calentes
241 394 855 429 Dijs Superis, gratus q; Ioui Theodorus & aſtris.
239 429 790 462 At non patre minor ſolio conſedit eburno
104 457 164 489 I
241 461 838 495 Natus, & æquato moderamine ſæcula rexit.
241 495 814 529 Quatuor hic Diuos genuit ſic dicere Parcas
239 529 795 562 Audiuere Dei quos primum luce ſub ipsâ
240 562 849 597 Emicuiſſe ferunt; quorum qui maximus æuo,
241 596 837 630 Sceptra prius tenuit, quo non formoſior alter
240 630 816 663 Eloquiove prior, nec erat præſtantior armis.
239 663 857 698 Sed fratrem omnigenas ſpolijs laudata trophæa
239 697 826 731 Victorem rapuiſſe fremunt ex hoſte coronas.
237 730 908 763 Atque ita ſumme virûm reſonas Gulielme per ora;
238 762 781 798 Tu belli fulmen, tu Mate potentior ipſo,
235 798 783 826 Fortior Alcide, ac numeroſi militis inſtar.
234 830 847 865 Verum Diuorum genitorem haud gloria ſeruat
233 865 1001 897 Nequicquam quem ſumma manent præconia laudum;
94 864 153 907 I
234 897 761 929 Qui Mahumetæas ferro vaſtare cohortes
232 931 927 965 Auſus, & Hungaricos acie defendere campos;
232 965 771 999 Et cui Diuarum pulcherrima contigit vni
233 998 832 1031 Coniunx, quam cœlo demiſſam Iuppiter alto
232 1031 811 1064 Huic locat æternis vinclis, ac fœdere iungit.
230 1064 875 1098 Semine ſic poſtquam Mariam compleuerat heros
228 1097 928 1132 Fœcundo, ac decimum iam Iuna peregerat orbem,
228 1128 815 1164 Editus in lucem puer eſt Ioue pignus amico;
230 1161 750 1199 Cui riſere poli, cui ſidera læta dederunt
90 1195 898 1235 Omnia naſcenti, populis quem imponere regem
955 1238 1020 1263 Fata
8 1284 145 1312 .
