1082 1354
544 25 747 63 PAVLLI
251 63 823 103 Seu paret ire pedes, thorace indutus aheno,
252 102 804 136 Fraxineaq; trabe inſignis, ſeu bella ciere
257 135 852 169 Thermodoontæâ medio iuuet agmine peltâ,
253 168 855 202 Seu galeà ingenti tectus, flammaſq; vomente,
247 202 871 234 Pectoraq; ærato fulgens munimine & armos,
252 236 789 261 Et crura auratis ocreis, animoſus anhelo
253 268 839 301 Inſultabit equo, vertetq; in tela frementem
253 301 958 337 Quadrupedem, ac ſæuo confundet Marte phalanges.
254 336 774 368 Interea Maia genitus, talaribus Euros
255 368 850 402 Verberat, & propius iam tecta Pariſia cernit,
255 402 917 435 Palladiamq; vrbem, ac ferro genus acre virorum;
259 434 819 468 Obſeſſaſq; vias, operoſaq; dona Mineruæ;
256 469 888 501 Et molem ingentem, & torantia flumina muros.
257 501 1004 536 Hic Regem aggreditur, ſummis de rebus agentem,
258 535 890 568 Arce ſacrâ, proceres inter ſanctumq; Senatum:
258 569 836 602 Sicq; orante Deo, tenuere ſilentia cuncti;
258 603 764 636 O cui Diuorum terris æquata poteſtas
260 636 834 670 Ab Ioue, perpetuo qui nutu ſydera torquet,
257 669 883 703 Ab Ioue, ego mandata fero tibi iuſſus eodem
260 703 813 737 Italiam variis, Gallorum maxime ductor,
259 735 803 770 Diſtinxit natura locis, multaſq; per oras
260 768 891 803 Separat, haud temnenda viris, cultuq; locorum.
258 802 888 835 Occupat hic regio partem, quam nubifer ambit,
258 835 914 870 Axe ſub occiduo circum Appenninus, ad Auſtrum
258 866 883 903 Tyrrheni aſſurgunt fluctus, ſcopuliq; ſonantes,
258 902 869 937 Hinc vicina Padus, fluctu terit arua profundo.
257 934 930 968 Hinc proauis atauiſq; potens, modo paruulus arces,
258 969 914 1002 Ac populos teneris Princeps moderatur in annis.
257 1000 821 1034 Quod ſi tu ſeriem maiorum audire ſuorum
255 1035 855 1069 Forte paras, genus antiquum mirabere longo
259 1067 815 1100 Ordine, diuinamrector mirabere gentem.
258 1100 865 1135 Saxona progenies primum ſceptra aurea terris
256 1133 919 1166 Rexit in Auſoniis, Ligurumq; Aleramus habenas;
257 1167 834 1199 Corpora natorum cui fudit Alaſia ſeptem,
247 1196 873 1238 Germanas inter quondam pulcherrima diuas:
919 1232 1038 1264 Et ſobo-
