1222 1339
346 1 601 44 CERRATI.
813 27 852 54 s
79 38 763 87 Et geminos properans componere Cypris amantes,
78 72 682 113 Iunxit aues curru, veloxq; per aera fertut,
80 106 589 147 Donec liliacum Regem ſic orſa petiuit:
78 139 657 177 Quid Iouis imperium tardas, & fata moraris
68 173 690 220 Optime Rex? Superûm ſi te reuerentia tangit,
74 205 678 249 Tolle moras, nec tam præſentia gaudia differ,
73 239 716 287 Atq; virum nuptæ, & nuptam iam redde marito,
61 273 639 314 Et teneros iuuenum non aſpernare calores,
61 304 699 354 Eomiſſumq; genus terris, ſobolemq; futuram.
71 339 779 397 Haud equidem hoc galeastempus, criſtaſq; comant
56 370 662 419 Poſcit. & horrentes falsâ ſub imagine pugnas,
44 407 644 446 E Marti Phœboq; poreſt ſatis eſſe Latinum
46 438 688 482 Inſtituiſſe ducem, ac puerum triuiſſe ſub armis.
68 472 742 523 Reſpice quin etiam Germano ſanguine Nympham,
56 507 627 546 Cuinandata Deo pepigere cubiliadudum
64 538 623 584 Miſſi oratores, Italûmque dedere iugalem
66 574 639 612 Progeniem cœli: nec tu fruſtrare morantes
62 607 706 655 Amplius ipſe Deas, quæ ſummo exæther regnis
62 640 674 682 Aduenere tuis, atque intra limina ſiſtunt
52 674 642 719 irginis, optantes iampridem viſere pompas
59 708 683 751 Nuptiacas, facibuſq; polo ſplendeſcere noctem,
61 740 677 785 Cum gremium virgo maternum linquet amica
57 774 739 822 Rapta manu, & cupido tandem dabit oſcula ſponſo,
57 808 736 856 Ergo tolle moras, Paphiam neq; ſperne monentem,
57 842 725 882 Atque virum nuptæ, & nuptam iam redde marito.
58 873 615 916 Dixerat, & tenues iterum ſublata per auras
55 907 687 952 Liquit Aphtodiſium Regem, comiteſq; reuiſit.
38 940 622 983 Tum Diuæ monitis, Hymenæos ipſe paratu
55 973 604 1014 Regifico ſtruit, & luxu feſta aurea ſummo
33 1008 631 1049 Læta fremunt, cunctiq; deos in vota iugales
56 1042 670 1080 Ore vocant fauſto, precibuſq; rogata laceſſunt
54 1075 709 1114 Numina & inuitant magna ad ſolennia Diuos.
53 1109 755 1150 Nec mora, progrcditur Laribus noua nupta ſecundo
50 1141 599 1181 Alite, vt exoriens radianti Cynthia vultu,
38 1175 651 1214 Æmula faterni currus, noctemq; pererrans:
492 1215 560 1242 Bbb
738 1221 829 1256 Fulgos
