1099 1328
580 11 789 36 PAVLLI
288 20 332 49 ys
288 56 839 90 truxit, & Alcathoo vocalia mœnia regi,
132 66 167 103 I
289 89 861 123 Et Methymnæus fidibus vada cærula flexit.
133 93 210 140 .
289 123 924 158 Aſt ego Terpfichore citharâ neq; ducere muros,
292 156 891 190 Nec Protei pecus ad noſtras accurrere Muſas
297 189 968 225 Opto, ſed en vobis numeros plectrumq; dicamus.
295 223 826 257 Ite alacres ſponſi, fœlices ite per æuum.
295 256 860 284 Si mea non fallunt noſtras oracula mentes,
294 289 914 325 Atq; Erato non uana ſonet, iam maximus orbis
296 324 886 358 Excipiet veſtros unquamdefeſſus honores,
287 357 923 390 Veſtraq; ad extremas adſurget fama columnas,
298 390 918 424 Ac Indum, & rigido glacialem frigore pontum,
298 423 949 456 Et Meroen, vobiſq; adoleſcent marmore templa.
298 456 822 489 Ite alacres ſponſi, fœlices ite per æuum.
293 490 846 524 Hinc canit Vranie, cœli doctiſſima virgo,
296 524 912 558 Fœlices animæ iuuenum, quibus atduus æther
299 558 859 591 Aſtraq; diuinos terris peperere triumphos,
300 591 871 625 Cum fulſere Iouis læthi naſcentibus ignes,
298 623 987 658 Saturnuſque minas poſuereq; funera Mauors.
299 658 912 692 Et Sol ac Venus, & pulchro Cyllenius aſtro,
298 690 936 725 Cynthiaq; amborum thalamos finxere ſubortu.
297 725 810 758 Ite alacres ſponſi fœlices ite per æuum.
300 758 907 792 Sic quoq; facundas dedit ore Polymnia voces;
296 793 960 826 Mæonides nunquam, citharæ neq; Pythius author
297 825 966 862 Hauſiſſent totas quamuis Phorcynidos vndas,
302 859 901 892 Caſtalias laurus totidemq; per ora mouerent,
298 892 952 931 Mæonio æquarent Hymenæon carmine veſtrum,
297 925 867 958 Oualeſcunq; tamen vobis per ſecula laudes
298 958 928 992 Ipia feram, Muſæ iuga dum Cyrrhæa tenebunt.
297 992 825 1025 Ite alacres ſponſi, fœlices ite per æuum.
298 1026 912 1060 Grandia Corycides cecinerunt. parua Thaliam
291 1058 893 1093 Ac iucunda decent, luſuſq; ſaleſque, iocique.
295 1092 845 1124 Vos ergo æternos cupidis iungatis amores
296 1124 906 1156 Pectoribus, veſtraſq; legat Citherea medullas.
295 1157 927 1191 Atque ita longæuos connubia veſtra per annos
285 1188 886 1226 Pax ferat, atque Deos vobis ſperate fauentes.
960 1228 1073 1256 Ite ala-
