1276 1413
217 6 574 42 CERRATI.
733 17 914 47 ro,
34 50 632 87 Mq; trumphali reteguntur fornice laudes,
25 87 632 120 Multaque præterea Diuorum geſta meorum.
35 120 702 155 Sic quoque nos tantis Dium eemplaribus acti,
1 152 643 185 Incultum licet, in veſtos pendemus honores
6 187 654 219 Carmen,& exiguum non falſi munus amoris.
38 218 598 255 Et ſua dum toto fulgebunt lumina cœlo,
34 252 657 286 Inque vicem ſacros nexuslementa tenebunt,
1 287 643 320 Nomina veſtrapolo, ac toto ſacrabimus orbe,
1 320 727 355 i mea Pieriis vnquam monumenta placebunt.
29 354 620 387 Sed primum o Virgo, titulos patiare decoros
32 387 757 422 Principis vt referam: neque enim priuabere. votis
1 420 668 455 Ipſa tuis, dignamque feres cum coniuge laudem.
1 456 713 490 Nec memorem Patruos & auitæ nomina gentis,
1 484 664 522 Et Patrem horrendum bellis & pace verendum,
33 521 691 555 Ac Mariam, æthereo Diuûm de ſanguine matrem,
33 553 573 588 Cui vatum ceſſere labos, Phœnicia Dido,
30 589 681 615 Romanum ac toties fruſtrata Lenobia Martem.
1 619 631 654 Ipſe ergo cantandus ades, tu carminis author,
29 654 661 688 Quem mihi præſentem ſi fas laudare, labores
35 688 620 722 Herculeos æquaſſe, canam maiora daturum.
35 722 635 756 Ille puer geminos manibus colliſerat angues,
2 756 607 788 Gutturaque extinxit Lernæo ſepta. veneno:
1 788 613 822 Tuq; puer duro ſuperaſti Marte phalanges,
32 822 625 855 Armatosque viros; ſummis nec egentia rebus
25 855 639 887 Agmina conſilii. non autem armenta ferarum
36 889 582 923 Vincere, ſed fortes animos, & viuida bello
28 921 657 956 Corpora ſic virtutis opus, magnisque trophæis
29 954 761 994 Dignus honos, latum mandandaq; geſta ſub æuum.
1 988 603 1021 Te numero ſenſere truces ac pectore Galli,
30 1020 692 1055 Atque Italus rerum domitor, bl oque timendus,
4 1055 641 1089 Emineant quantum vires infortibus armis,
33 1085 696 1122 Diue tibi, & quantum ſonipes tibi pareat audax,
26 1119 662 1153 Cum fera cornipedis æuum premit ilia calcar.
30 1155 575 1187 Nouere Inſubres, Latii, nouere potentes
29 1188 583 1222 Virtutem Belgæ;mirans te rector amauit
739 1215 819 1241 Iſari-
498 1219 615 1249 Bbb 4
