1048 1363
523 26 717 51 AVLLI
205 69 744 104 Iſaricus, laudisque tuæ conuenit vtroque
206 104 820 137 Limite ſpectator, cum tu conuerſus inhoſtem
208 138 670 170 .nea lætifero rupiſti pectora telo.
210 169 800 205 Nec melior quiſquam, nec te ſollertior arma
211 205 837 237 Induit, aut dubiæ parat agmina ferrea pugnæ.
213 238 837 272 Siue acies libeat quadrato opponere verſu,
214 271 775 304 Cornua ſeu lunæ fingentes ſtare cateruas,
213 305 822 338 Seu longum proferre veru, ſeu fortipe crudo
214 337 746 373 Hoſtiles captare manus, ſeu frangere late
217 371 766 398 Nunc infeſta iuuet cuneato militocaſtra.
216 405 877 441 Pugnandive moras, & idonea tempora quiſquam
216 438 794 473 Doctius haud nouit: ſeu lecto ponere vallum
215 471 798 504 Forte loco placeat, ſiue oppida credita muro
219 503 720 539 Obſidione teras, lætis Victoria pennis
219 537 880 575 Aduolat, atque tibi, Princeps Gulielme, triumphos
221 573 872 607 Semper aget, nomenque tuum ſuper aſtra locabit.
219 606 886 641 Quid, quod & in tanto clementia Principe regnat,
219 640 842 673 Magnanimusq; regit iuſto moderamine terras.
219 673 812 708 Nec maiora Dei meritis iam dona rependunt,
220 707 871 744 Nec te pacis opus fugiunt, Permeſſides vnquam,
219 739 876 777 Virgineumq; tibi cum Phœbo Heliconaſacrarunt.
218 773 776 810 Fataq; ne deſint tantis fœlicia cœptis,
221 806 792 843 Concilio delecta Deum, tibi regia coniunx,
221 838 791 875 Quam ſi Rhœteus quondam vidiſſet in Ida
218 872 774 904 Paſtor, damnoſæ fruſtra certamina formæ
220 906 802 941 Numina mouiſſent; etiam Minoida Bacchus
218 940 828 981 Virgine conſpectâ, non impoſuiſſet Olympo;
217 973 912 1014 Digna polo Nymphe,tandem Ioue coniuge digna.
219 1006 813 1040 Hic te iam noſter labor aduocat, O Dea cœlo
216 1038 840 1078 Miſſa per Heſperias vrbes, nomenque Latinum,
217 1072 858 1112 Nil altum mens noſtra tuo ſine Numine pandet.
218 1107 971 1145 Haud equidem abnuerim magnum ſub pectore Numen
218 1137 823 1172 Eſſe tibi, nec enim mortales, Dea, vultus
217 1170 825 1210 Ipſa moues, neque vox humano perſonat ore:
216 1204 739 1239 Cœlicolûm tibi maieſtas, cui turea dona
906 1251 1001 1278 Fudi.
