1059 1308
63 1 102 38 e
177 16 802 59 7IOOCHRISOSTOMI.
131 29 176 66 I
267 97 882 137 IO. CHRRSO M .
457 159 630 191 Ad ſabellam.
190 191 816 231 RES eiliſſe Deas fertur Priameius hero:
71 196 109 231 I
210 231 737 260 In te vnâ video, tres, Iſabella, Deas.
185 265 768 300 udice me,cedunt omnes tibi:cedit honore,
228 300 729 334 Hgenio, formâ, Iuno, Minerua, Venus.
76 299 115 344 I
405 333 660 366 De Viators ſpectaculo.
189 365 723 393 Exertam ad fontem ſuras nudare Viator
230 401 696 433 Altius ancillam, quæ latuere, rogat.
192 431 855 465 acta meri pretium hæc, vt erat Germana, reductis
231 466 777 500 Veſtibus ad tenerum detegit vſque femur.
189 500 812 533 Accepto mox ære auertitur, inque ſupinas
231 533 748 566 Prona nates; gratis hoc, ait, hoſpes habe.
84 609 913 660 AVGVsTICOCCEIAN
417 667 768 698 BRIENSIS.
450 718 710 750 Sub effigie uis.
110 764 824 798 V ne credideris fortemefas, hic tibi maximi
156 792 882 832 Spectari Superûm fulmineam regis imaginem,
88 802 161 837 .
88 828 812 877 Qupd depicta Iouis tela vides, egregiâ manu
120 864 816 897 Præclari artificis, quod tabulâ conſpicis in breui
104 894 934 932 Magnum terriſico orbem tonitru atque æthera concuti,
146 928 851 965 Nuncq; atris Acherontis tenebris omnia contegi,
149 961 809 999 Nunc tingi liquidis ſulphurei fulguris ignibus,
148 994 895 1033 Non, non ad Semelen auricomam Iupiter amplius
148 1026 888 1064 Fraudes coniugio commeditans ventitat improbus.
146 1059 884 1098 Nec tu Theſſalicum forte putes cernere Apollinem,
142 1096 830 1131 Arcus lethiferos quod videas, & quod arundines
140 1124 818 1164 Conſpectes celebres, tela Dei inſignia Delphici.
139 1160 854 1198 Hic mortalis erat, non Deus;hic barbarus, im pius,
138 1192 826 1233 Germani trepido ſparſit atrox ſanguine limima,
853 1236 975 1262 Ne Eu-
