1059 1308
289 15 802 59 7IOOCHRISOSTOMI.
457 159 630 191 Ad ſabellam.
176 191 816 260 RES eiliſſe Deas fertur Priameius hero:
279 231 737 260 In te vnâ video, tres, Iſabella, Deas.
191 265 768 300 udice me,cedunt omnes tibi:cedit honore,
228 300 729 334 Hgenio, formâ, Iuno, Minerua, Venus.
405 333 660 366 De Viators ſpectaculo.
190 365 723 393 Exertam ad fontem ſuras nudare Viator
230 401 696 433 Altius ancillam, quæ latuere, rogat.
192 431 855 465 acta meri pretium hæc, vt erat Germana, reductis
231 466 777 500 Veſtibus ad tenerum detegit vſque femur.
190 500 812 533 Accepto mox ære auertitur, inque ſupinas
231 533 748 566 Prona nates; gratis hoc, ait, hoſpes habe.
191 609 921 660 AVGVsTICOCCEIAN
417 667 768 698 BRIENSIS.
450 718 710 750 Sub effigie uis.
194 763 824 822 V ne credideris fortemefas, hic tibi maximi
242 795 882 832 Spectari Superûm fulmineam regis imaginem,
191 830 812 866 Qupd depicta Iouis tela vides, egregiâ manu
191 864 816 897 Præclari artificis, quod tabulâ conſpicis in breui
191 894 934 932 Magnum terriſico orbem tonitru atque æthera concuti,
191 929 851 965 Nuncq; atris Acherontis tenebris omnia contegi,
191 962 809 999 Nunc tingi liquidis ſulphurei fulguris ignibus,
191 994 895 1033 Non, non ad Semelen auricomam Iupiter amplius
190 1027 888 1064 Fraudes coniugio commeditans ventitat improbus.
191 1060 884 1098 Nec tu Theſſalicum forte putes cernere Apollinem,
191 1096 830 1131 Arcus lethiferos quod videas, & quod arundines
191 1126 818 1164 Conſpectes celebres, tela Dei inſignia Delphici.
191 1160 854 1198 Hic mortalis erat, non Deus;hic barbarus, im pius,
191 1192 826 1233 Germani trepido ſparſit atrox ſanguine limima,
853 1236 975 1262 Ne Eu-
