1265 1406
168 14 660 53 c ss CoCCEIAI.
796 27 839 54 760
15 54 741 95 Ne Eropæ atque Aſiæ regna ſibi præriperet ferox:
50 93 763 127 Hic, ceu flamma rapax lauricomos per tumulos furit,
29 126 667 160 Cum late Boreas præcipitat flamina Thracius,
48 160 698 194 Sic flagrans rapidos in miſeros Danubii incolas
1 193 642 226 Ignes, ſic celeres intulit in Pannonias faces,
38 226 627 260 Inuoluitque furens exc idio robora bellica:
32 257 711 293 Vnde illi meritonomina ſunt indita FLGVRIs.
7 292 741 326 Sedmon longa manet pœna tuam iuſta ſuperbiam.
1 327 664 366 Maior namque tuis e Scythiâ naſcitur ignibus
55 360 612 393 Torrens, horribili diluuie qui rabiem tibi
1 392 733 427 Reſtinguat, Furiasque impediat fortior aſperas.
1 425 827 460 Ecce, ecce ab Tanai gens properat ſæua Tamerlanis
47 460 670 493 Infandi auſpiciis; lataque iam regna Bithyniæ
48 493 693 526 Pervadunt; acies iam Scythicæ prælia conſerunt
54 527 715 560 Tecum, iam caueas. aurea iam vincula comparant,
47 559 701 592 Incluſumque Aſiæ te rapiunt cuncta per oppida.
1 592 729 628 Nuncite, atque animos imperiis tollite Principes,
1 624 752 661 Fortunæ, immemores quam rota ſit prona, volubilis.
289 662 527 686 Ad Bened. Iouium.
1 688 707 728 Quæ tibi, quæ læua inceſſit mens, optime Patrum
89 728 574 762 loui, nouus qui pectore errat ſpiritus,
1 755 620 794 Vt tanta Scythicos reges tibi pinxeris aite,
89 794 673 828 Quos turba noſtrûm ſuſpicit Quiritium?
49 828 655 861 Anne iuuat Latii truculentos nominis hoſtes,
87 862 585 895 Ferasque noſtro ſæpe paſtas ſanguine
45 894 647 927 Spectare, vt rediuiui iterum præcordia pulſet
21 929 565 962 Virtus, & alte exurgat Italum decus?
46 960 682 989 Hæc vtinam:interea votis, Roma, annue noſtris,
89 994 558 1028 Et excitare, hæc intuens ſpectacula.
45 1025 654 1062 Europæ atque Aſiæ hi, ſi neſcis, regna ſuperbi
88 1061 536 1092 Tuâ tenent ignauià, nec te pudet.
45 1092 640 1127 Ergo purpureas traxerunt ſanguine lymphas
86 1128 498 1160 Et Iſter, & Panyſus altis alueis;
48 1159 636 1186 Et noſttæ albeſcunt etiamnum cædis acerui
70 1194 498 1228 Deſerta lat Myſiæ per æquora,
678 1225 831 1250 Panno-
