<?xml version="1.0" encoding="UTF-8" standalone="no"?><PcGts xmlns="http://schema.primaresearch.org/PAGE/gts/pagecontent/2019-07-15" xmlns:xsi="http://www.w3.org/2001/XMLSchema-instance" xsi:schemaLocation="http://schema.primaresearch.org/PAGE/gts/pagecontent/2019-07-15 http://schema.primaresearch.org/PAGE/gts/pagecontent/2019-07-15/pagecontent.xsd"><Metadata><Creator/><Created>2022-04-12T13:21:12</Created><LastChange>1970-01-01T00:00:00</LastChange><Comments/></Metadata><Page imageFilename="0822.png" imageHeight="1330" imageWidth="1102"><TextRegion id="r1" orientation="0.0" type="paragraph"><Coords points="1,1 1100,1 1100,1328 1,1328"/><TextLine id="l1"><Coords points="498,20 498,44 780,44 780,20"/><TextEquiv><Unicode/></TextEquiv><TextEquiv index="1"><Unicode>AVGVSTI</Unicode></TextEquiv></TextLine><TextLine id="l2"><Coords points="853,64 263,64 263,99 501,99 702,96 784,96 828,99 853,99"/><TextEquiv><Unicode/></TextEquiv><TextEquiv index="1"><Unicode>Pannoniæ regem cum defleuere peremptum</Unicode></TextEquiv></TextLine><TextLine id="l3"><Coords points="775,130 775,97 297,102 297,131 660,131"/><TextEquiv><Unicode/></TextEquiv><TextEquiv index="1"><Unicode>Manu impotentis Amurathis effer:</Unicode></TextEquiv></TextLine><TextLine id="l4"><Coords points="977,127 833,127 827,130 818,131 489,132 461,134 371,135 265,134 265,168 724,162 766,164 854,164 865,170 977,171"/><TextEquiv><Unicode/></TextEquiv><TextEquiv index="1"><Unicode>Et poſitum aeria eſt monumentum inſigne columna,</Unicode></TextEquiv></TextLine><TextLine id="l5"><Coords points="802,165 671,163 626,165 502,165 373,168 298,168 298,196 802,196"/><TextEquiv><Unicode/></TextEquiv><TextEquiv index="1"><Unicode>ternus horror vt loco inſit &amp; metus.</Unicode></TextEquiv></TextLine><TextLine id="l6"><Coords points="956,205 952,197 766,197 266,201 266,232 490,232 576,230 881,230 893,232 956,232"/><TextEquiv><Unicode/></TextEquiv><TextEquiv index="1"><Unicode>Scilicet vt geminæ hæc cœlo capita alta ferentes</Unicode></TextEquiv></TextLine><TextLine id="l7"><Coords points="846,231 576,231 440,234 303,233 303,264 846,264"/><TextEquiv><Unicode/></TextEquiv><TextEquiv index="1"><Unicode>Cædant columnæ Cæſarum, mi Barbaræ,</Unicode></TextEquiv></TextLine><TextLine id="l8"><Coords points="865,298 868,296 879,295 907,295 907,266 476,265 310,267 264,265 264,299 538,299"/><TextEquiv><Unicode/></TextEquiv><TextEquiv index="1"><Unicode>Et gladii, &amp; galer, &amp; clype, Romanaque pila</Unicode></TextEquiv></TextLine><TextLine id="l9"><Coords points="809,331 809,299 539,299 489,301 359,300 301,301 301,332 625,332"/><TextEquiv><Unicode/></TextEquiv><TextEquiv index="1"><Unicode>Scytharum acinaci, &amp; pharetris impiis.</Unicode></TextEquiv></TextLine><TextLine id="l10"><Coords points="936,331 626,332 566,334 312,334 268,332 268,365 370,364 426,366 631,366 749,364 835,366 842,369 936,369"/><TextEquiv><Unicode/></TextEquiv><TextEquiv index="1"><Unicode>En quo degenerum cecidit ſpes tanta nepotum</Unicode></TextEquiv></TextLine><TextLine id="l11"><Coords points="785,366 304,366 304,398 785,398"/><TextEquiv><Unicode/></TextEquiv><TextEquiv index="1"><Unicode>Et Chriſtiani nominis regum decus,</Unicode></TextEquiv></TextLine><TextLine id="l12"><Coords points="920,392 846,392 838,397 828,399 271,399 271,432 920,432"/><TextEquiv><Unicode/></TextEquiv><TextEquiv index="1"><Unicode>Quorum dum gliſcit furor &amp; diſcoidia demens,</Unicode></TextEquiv></TextLine><TextLine id="l13"><Coords points="806,433 698,432 454,434 372,432 303,434 303,465 806,465"/><TextEquiv><Unicode/></TextEquiv><TextEquiv index="1"><Unicode>Abſumpta in auras priſca ceſſit gloria.</Unicode></TextEquiv></TextLine><TextLine id="l14"><Coords points="730,468 497,467 497,498 574,498 600,496 671,496 679,498 730,498"/><TextEquiv><Unicode/></TextEquiv><TextEquiv index="1"><Unicode>In Barihcl. Coleonem.</Unicode></TextEquiv></TextLine><TextLine id="l15"><Coords points="756,499 272,498 272,530 278,531 493,533 756,533"/><TextEquiv><Unicode/></TextEquiv><TextEquiv index="1"><Unicode>Non ſic aciden Græcia Theſſalum,</Unicode></TextEquiv></TextLine><TextLine id="l16"><Coords points="806,534 647,533 493,534 273,532 273,564 806,564"/><TextEquiv><Unicode/></TextEquiv><TextEquiv index="1"><Unicode>Non ſic Annibalem aut Aſdrubalem fera</Unicode></TextEquiv></TextLine><TextLine id="l17"><Coords points="454,567 454,597 788,597 788,567"/><TextEquiv><Unicode/></TextEquiv><TextEquiv index="1"><Unicode>meritis tollet honoribus;</Unicode></TextEquiv></TextLine><TextLine id="l18"><Coords points="372,600 372,634 696,634 696,600"/><TextEquiv><Unicode/></TextEquiv><TextEquiv index="1"><Unicode>Non ſic, Scipiadas graues</Unicode></TextEquiv></TextLine><TextLine id="l19"><Coords points="273,634 273,665 800,665 800,634"/><TextEquiv><Unicode/></TextEquiv><TextEquiv index="1"><Unicode>Pœnorum vrbibus, vrbs inclita Romuli</Unicode></TextEquiv></TextLine><TextLine id="l20"><Coords points="781,701 781,669 274,668 274,701 452,700 541,702 656,702"/><TextEquiv><Unicode/></TextEquiv><TextEquiv index="1"><Unicode>Quamuis imperii trans mare terminos</Unicode></TextEquiv></TextLine><TextLine id="l21"><Coords points="760,702 541,703 452,701 286,701 270,702 270,735 361,735 400,733 493,735 760,735"/><TextEquiv><Unicode/></TextEquiv><TextEquiv index="1"><Unicode>Longe protulerint, regnoque Punica</Unicode></TextEquiv></TextLine><TextLine id="l22"><Coords points="671,736 525,737 430,734 372,735 372,766 671,767"/><TextEquiv><Unicode/></TextEquiv><TextEquiv index="1"><Unicode>Late ſub iuga miſerint:</Unicode></TextEquiv></TextLine><TextLine id="l23"><Coords points="271,768 271,801 738,801 738,768"/><TextEquiv><Unicode/></TextEquiv><TextEquiv index="1"><Unicode>Et contra madidos impius Annibal</Unicode></TextEquiv></TextLine><TextLine id="l24"><Coords points="766,803 273,801 273,831 284,832 420,834 766,834"/><TextEquiv><Unicode/></TextEquiv><TextEquiv index="1"><Unicode>Campos Roma tuo ſanguine fecerit,</Unicode></TextEquiv></TextLine><TextLine id="l25"><Coords points="815,833 762,836 547,836 259,833 259,866 815,866"/><TextEquiv><Unicode/></TextEquiv><TextEquiv index="1"><Unicode>Cum præceps animi Conſul, ad Auſidum</Unicode></TextEquiv></TextLine><TextLine id="l26"><Coords points="704,869 365,868 365,899 704,899"/><TextEquiv><Unicode/></TextEquiv><TextEquiv index="1"><Unicode>Infauſta agmina perdidit:</Unicode></TextEquiv></TextLine><TextLine id="l27"><Coords points="271,901 271,934 722,934 722,901"/><TextEquiv><Unicode/></TextEquiv><TextEquiv index="1"><Unicode>Et quamuis rapidus foitis Achillei</Unicode></TextEquiv></TextLine><TextLine id="l28"><Coords points="271,936 271,967 826,967 826,936"/><TextEquiv><Unicode/></TextEquiv><TextEquiv index="1"><Unicode>Currus magnanimum t axerit Hectorem,</Unicode></TextEquiv></TextLine><TextLine id="l29"><Coords points="273,968 273,1003 761,1003 761,968"/><TextEquiv><Unicode/></TextEquiv><TextEquiv index="1"><Unicode>Vnde omnis Phygii concidit imperii</Unicode></TextEquiv></TextLine><TextLine id="l30"><Coords points="372,1003 372,1034 733,1034 733,1003"/><TextEquiv><Unicode/></TextEquiv><TextEquiv index="1"><Unicode>Spes, &amp; præſidium, ac Deus:</Unicode></TextEquiv></TextLine><TextLine id="l31"><Coords points="274,1035 274,1063 710,1063 710,1035"/><TextEquiv><Unicode/></TextEquiv><TextEquiv index="1"><Unicode>Vt te Cenomani, maxime Coleo,</Unicode></TextEquiv></TextLine><TextLine id="l32"><Coords points="273,1069 273,1101 738,1101 738,1069"/><TextEquiv><Unicode/></TextEquiv><TextEquiv index="1"><Unicode>Certant perpetuis tollere laudibus,</Unicode></TextEquiv></TextLine><TextLine id="l33"><Coords points="751,1104 269,1101 269,1135 314,1135 318,1133 344,1132 495,1135 751,1135"/><TextEquiv><Unicode/></TextEquiv><TextEquiv index="1"><Unicode>Alpinæque caput gentis, &amp; hoſpitum</Unicode></TextEquiv></TextLine><TextLine id="l34"><Coords points="671,1137 373,1135 373,1166 436,1168 672,1169"/><TextEquiv><Unicode/></TextEquiv><TextEquiv index="1"><Unicode>Cultrix Brxia nobilis;</Unicode></TextEquiv></TextLine><TextLine id="l35"><Coords points="705,1170 436,1169 341,1166 268,1166 268,1194 274,1195 305,1195 367,1199 462,1201 705,1201"/><TextEquiv><Unicode/></TextEquiv><TextEquiv index="1"><Unicode>Et montana tuis clara crepundiis,</Unicode></TextEquiv></TextLine><TextLine id="l36"><Coords points="707,1203 637,1202 534,1203 403,1201 366,1199 272,1199 272,1236 707,1236"/><TextEquiv><Unicode/></TextEquiv><TextEquiv index="1"><Unicode>Natalique ſolo mœnia Bergomi,</Unicode></TextEquiv></TextLine><TextLine id="l37"><Coords points="967,1240 967,1273 1055,1273 1055,1240"/><TextEquiv><Unicode/></TextEquiv><TextEquiv index="1"><Unicode>Et pa-</Unicode></TextEquiv></TextLine><TextEquiv><Unicode/></TextEquiv></TextRegion></Page></PcGts>