1229 1393
171 6 632 52 CooCCEIANL
68 56 522 93 Et patis Veneti, qui iuga neſciunt
46 93 441 126 Soli bar perpeti.
70 124 516 159 Nam cùm conſila ſagacibus
43 158 462 192 Et forti gladio Martſſeris,
48 193 575 228 Gallrumque graues fregeris impetus,
100 225 457 258 Miſcens effera prælia;
56 259 566 297 Nunc ardentis equi viuidus & ferox
48 292 533 323 Stans dorſo, ſtatuâ æternus in æneâ,
37 327 534 360 Pro templo, meritis par vt erat tuis,
157 360 464 394 Geſta re bene publicâ.
277 394 554 419 De M. Anton. Columnâ.
58 426 544 461 Hac in tabellâ pictus eſt Columnius
59 461 541 495 Heroas inter iure primas obtinens,
67 495 610 529 Quos Roma genuit omnium fortiſſimus,
71 528 608 561 Quos Roma vidit omnium pulcerrimus:
69 561 511 595 Virtutis eſt Verona teſtis optma,
71 595 634 627 Seruata quondam à vi& futore barbaro;
55 628 600 661 Et pulcer Atheſis, mœnia eius perfluens,
68 662 519 694 Atro cruore ſæpe tinctus hoſtium.
69 694 557 728 Eſt vafra teſtis gens Ibera, eſt horrida
72 729 568 762 Germana pubes, terga ſæpe quæ dedit
54 762 482 795 Illius armis, ceufugaces capreæ
55 795 617 830 Multâ premente agreſtium manu ſolent,
69 828 568 861 Formæ paternæ ſigna ſunt certiſſima,
50 861 488 893 Præſentis æui filiæ pulcerrimæ;
71 896 577 928 Iouis Deorum regis, atque Apollinis
71 928 588 962 Dignæ cubilibus. Deum hinc credi licet
72 962 533 995 Illum fuiſſe, qui Deis ſimillimus
60 995 510 1029 Virtuteformâ,viribus plan fuit.
76 1028 605 1061 Hinc ſuſpicata magna turba cœlitum
76 1061 703 1094 Humana ne quem lædere aut ſors, aut manus
76 1095 639 1129 Nequiret, hunc neque ipſa Fata attingere,
76 1128 588 1162 Vel morte ſerâ, vel cruentâ vi queant;
77 1161 653 1195 Homoq; ob id vitam Deorum degeret:
78 1195 627 1230 Subinuida in Columnium potiſſimum
739 1223 865 1253 Coniu
