1198 1335
157 23 672 62 NTNIICODRIVRCR
51 70 539 106 on am puer, ſed verius puer ſenex
51 106 468 140 Dulci quieſcit literarum in otio;
52 140 495 171 Vbi beatas net Napæa purpuras;
53 172 501 204 Vbi trahit fucata Nais vellera,
49 205 553 238 Exiſtat vt repente qui pulcrâ in toga
50 238 547 272 Partem laboris exceelſi Atlantis leuet
50 271 523 305 Beate fons Bagnaiæ, ocelle fontium.
283 306 568 330 De Galeatio entiuolo.
2 338 794 373 A Iouis, aut Phœbi rutilantis lumen habendum et
83 372 585 401 Codre, tui ſi vis cernere facta ducis.
51 406 614 440 Aut alio flectenda acies, ne more volantis
86 440 634 473 Pyrauſtæ,in magnam lampada forte ruas
247 473 598 498 Ad Alexandrum Bent iuolum.
1 505 678 539 iſus Alexander gladio munitus, & acri
85 538 546 571 Mæonide, cœptum perficiebat iter.
51 571 700 605 Bentiuolus noſter, gladio præcinctus, Homerum,
72 605 598 638 Non habet, at Codri carmina grata ſui.
52 638 721 672 Sed quid ad Occanum Rhenus? nihihattamen ile
84 672 668 707 Salſus,& hio dulces fundit amœnus aquas.
226 706 567 739 De prſonato.
50 733 586 773 Sæpe venit tectâ facie, tectisque capillis
85 772 619 806 Quercens, & Codrnm decipit ipſe ſuum.
53 806 632 839 Codrus hiat, metuit; ſudat, ſuſpirat & ardet:
46 839 637 872 Adſidet hunc, blandis adloquiturq; ſonis:
49 870 732 907 Iam mihi pande ſacros vultus, cariſſime Quercens.
47 905 636 939 Si Qurcens, ſacras te rogo pande comas
3 939 651 974 Quid iuuat & ficto vultu, fictaq; loquelâ
84 972 558 1006 Fallere, qui purâ te colit vſque ide?
54 1005 599 1031 Codre tace:tua funt votis contraria vtæ
86 1038 645 1072 Vt videas, nunquam Codre videre cpi
1 1071 604 1106 Nam cum detecto fulgor radiabit ab ore,
86 1105 597 1139 Hic tua quod feriet lumina cæcus eris.
192 1146 609 1171 Ad Anton. Galeatium Bentiuolum..
51 1169 750 1216 anguine Bentiuolo, Galeati, ſplendide Prnpps
82 1212 601 1251 Progeiite & noſtti cura ſecunda Iouis.
742 1244 838 1271 Gratia
