1055 1331
251 10 922 48 sANTONII CODRI VRCEI.
253 53 861 82 Gratia tanta tibi eſt, animus tibi tantus, & oris
285 86 776 120 Maieſtas, vt amet qui ſemel illa videt.
253 120 789 154 Orpheo magna fuit vati facundia ptiſco;
287 153 764 187 Virtuti ſimilis ſed nihil ipſa tuæ eſt.
240 187 886 221 Namque feros homines traxit rabidosq; leones,
284 221 773 253 Duraq; cum crudis ſaxa cocgit aquisl
250 248 897 286 At tua doctorum permulcet pectora vtum,
88 254 125 289 l
274 287 765 323 Cogentur celeres vt tua ſigna ſequi.
89 289 135 326 I
467 323 717 356 De imagine ſu pici.
220 349 660 383 Si Codrus tibi notus eſt viator,
254 380 798 421 Quis Codrus magis eſtean hic?an ille?
432 424 780 455 Ad Andream Magnanimum.
250 455 849 488 Magnanime Andrea, cuius de pectoie manant
232 488 804 522 Carmipa Mopſopiis æquiparanda fauis;
253 522 878 556 Huic vrbi diramque luem, morbosque furentes
286 554 925 592 Aſtra hominesque canunt, & ſibi quiſque timet.
252 588 890 622 Hi proprios ali ſtatuunt transferre penates;
85 613 125 645 I
286 623 818 655 Hi tantum in priſcâ ſede manere volunt.
85 645 120 668 I
253 655 834 690 Quid ſtruis, Andrea, veri ſpectator amoris,
50 663 169 719 I
285 693 793 724 An tua rura petes? non ego. tu?nec ego.
52 711 831 756 Hinc igitur quid nos abducere vultis, amici?
286 756 780 792 Neſcitis quæ nos perdere fata queant.
104 759 903 831 Non aqua, non ignes, non turbo, nec arida febris,
287 822 806 859 Noſtra ſed abſumet pectora ſolus amor.
463 860 660 885 De F Puteolano.
249 883 906 925 Si quiſquam magno vates æquandus Homero eſt,
282 924 778 960 Is niſi Franciſcus cædite nullus erit.
463 960 760 992 Epitaphium ephyra.
252 989 890 1026 Hic Cephyra Ordelaphconiux pulcerrima Pini,
284 1024 806 1058 Atquee Manfredo ſanguine nata, iacet.
251 1056 860 1090 Rapta fuit quinto nondum circumdata luſtro
280 1090 826 1125 Et lucem, terris quam dabat, ipſa tulit.
478 1127 692 1158 Ad Cacilium.
249 1156 856 1190 Mercuriu Superùm non eſſet nuncius; eſſent
284 1189 812 1227 Si tam veloces, vt tbi lingua,pedes.
939 1225 1037 1253 Deca-
