1252 1395
243 28 673 61 ANGELICOLooII.
335 70 497 105 De Calliodoro.
1 95 590 141 Vxorem certe, quæ dulcia ſcribere poſſit
22 138 677 174 Carmina, ſed mœcham Calliodorus habet.
229 175 580 206 Ad Franciſcum Placentinum.
49 206 645 240 Tu mihi das violas; eg do tibi carmina certè
45 241 614 276 Non tua ſuni donis æquiparanda meis.
51 275 660 309 Nam violæ paruo pereunt in tempore. verum
52 309 718 351 Carmina quæ bona ſunt, non peritura manent.
312 343 511 374 Antonio Muſoto.
55 376 596 411 Ingenium Tulli, ſacri vel adeſſe Maronis,
91 411 643 444 Temporibus noſtris, maxima turba negat.
59 444 661 478 Quæ tua ſi, Antoni, legeret nitidiſſima ſcripta,
85 478 578 512 Hoc vtrunque ſibi cerneret eſſe loco.
115 563 774 615 I
228 642 519 678 Epitaphium Io Laſcaris.
41 679 690 736 ILECTVSMMſis, & rebus natus agendis,
115 716 752 753 Quem grauida imperiis protulit alta domus;
30 750 716 785 Tot freta dum curris, totque inuia regna pererras,
52 784 577 818 Auſoniâ tandem, Laſcaris, vrbe iaces.
50 817 670 851 Sed ſitus in patriâ es, Graio licet orbe remotus.
83 851 513 884 Virtuti nulla eſt terra aliena ſuæ.
305 888 491 917 Ad Tiberim.
49 917 699 953 Tibri pater, quis te ſopor occupatadſpice quantâ
33 953 620 986 Liris, quantâ Atheſis laude ſuperbus eat.
40 984 697 1018 Hic, dum Tyrrhenum rapidus decurrit in æquor,
82 1019 639 1053 Sequanico infectas ſanguine vexit aquas.
44 1049 835 1090 Cæde illum Iſtriacâ tumidum, & ſpolia ampla ferentem
31 1085 570 1118 Adriacus vidit pontus, & obſtupuit.
49 1117 756 1153 Quare age, rumpe moram;aut alio tua flumina verte
69 1151 646 1191 Imbellem Martis non decet vrbe frui.
