1066 1345
219 36 873 81 oIOANMAXII.
140 81 184 127 I
298 106 935 149 IOAN. MAXIMI CSO-
530 150 677 181 BRTI.
431 195 807 233 InTheonaſtaſin Quimiani Stoa.
229 240 920 287 RIIA vicina eſt tibi Mantua. proximus iſte et
232 277 883 318 Virgilio. heroum carmen vtrumque probat.
227 311 889 349 Diſſimiles tantum: nouus hic, vetus ille. Maroni
260 345 937 380 Des Chritum, huic Troum bella. quid inde? pares.
455 434 759 455 e e
315 434 892 476 FRAN 0C CELLI
447 484 776 512 RAVENNATIS.
464 536 769 570 I Hitoriam Hier. Rubei
232 584 902 621 ICITE, præſtantes ciues, pro munere tanto,
235 616 903 655 VQui voſtrum ſcripfit maxima facta patrum.
227 650 844 688 Præmia quæ Rubeo fuerint, qui claret in omni
266 685 744 714 Virtute, & claris nobilitatus avis?
227 715 1001 751 Non ſtatuæ aut arcushominum hæemonumenta prior.
258 751 791 798 Sd ſummis tantum quæ venit, lnuidia.
276 828 900 881 THOMECORREE.
325 910 917 946 d Pium V. Pont. Max in Victoriam de
525 944 767 974 Clae Turcica.
199 981 1063 1020 ANCTEſenex, cuius monitis, qui temperat otbem.
227 1017 763 1051 Temperat imperii ſceptra priora ſui.
218 1050 812 1085 mſignis pietate Heros, qui primus ab illo es,
84 1080 848 1150 n tibi poſt domitas hoſtili ab litore gentes,
261 1083 892 1119 Qui magnum hoc mundi Rex moderatur opus.
61 1148 816 1192 Salua redit Seythicis claſſis onuſta opibus.
81 1181 816 1252 e
910 1243 1061 1302 t
