1244 1377
170 32 638 67 THOM CORRE
17 77 595 111 t maiora parant faciles tibi gaudia Diui.
49 112 605 144 Gaudia non priſcis cognita temporibus.
34 145 593 177 Aſſueta Hadriacas pinus Getula per vndas
52 178 632 211 Vincere, iam victas ſubiicit illa manus.
19 212 637 246 perta eſt iuſtos gens pertruculenta fures,
77 246 635 279 Et cecidit forti Thrax, Numidæque manu.
41 279 559 313 Amiſſas luget prædatrix Africa puppes,
40 312 588 347 Et Rhodos, & ditis qui colit arua Phari.
38 346 639 382 Qui Helleſpontiaco elauduntur gurgite, cæde
73 380 622 414 Auditâ, triplicis claſſis, ad arma pauent.
37 412 678 447 iſſaque ab Hilpanis puppis, Venetæque catinæ,
75 447 621 481 Et quas auxilio das Pie Quincte rates;
37 481 595 514 Vt primum Hnias victricia ſignapervndas
73 515 529 547 Explicuere, Getas diripuere trabes.
36 547 691 588 Quidquid id eſt, per te partum eſt, ea gloria palmæ
73 582 537 614 Tota tua eſt; per te tot coiere duces.
43 614 643 650 Corripiant vt tela mones, contrria ſignis
73 650 655 683 Signa ferant ſuades, pandere vela iubes.
35 681 682 716 Opponant ratibuſque rates; atque enſibus enſes
72 716 571 749 Diſringant, iaciant ære tonante faces.
36 750 758 781 Arma omnes vno ore fremunt; arma, arma iuuentus
74 783 567 817 Reſpondet; bellum ſuadet inire Pius.
39 816 721 851 Ego ades, atque initum fœdus firma; impiger aude
19 850 486 882 Pro ſanctâ reges ſollcitare fide.
33 883 554 917 Et quos concordi iunxiſti nuper amore
52 916 542 948 Fac durent; ſuade fœdus inire alios.
30 950 568 984 Per te ineant acies, per te victricia figant
73 984 622 1018 Signa per extremos, quà patet vnda, ſinus.
37 1016 671 1054 Pergoingens pietate Heros, Diis æmule, iuſtum
72 1050 502 1082 In bellum reges ſollicitare alios.
40 1081 637 1114 Te duce cana Fides vaſtum diffuſa per orbem
72 1116 592 1148 Conterat inuictt caſtra inimica manu.
33 1150 592 1185 am video Libyæ compleri milite campos
72 1183 562 1216 Auſonio, & cymbis æquoratota tegi.
41 1215 661 1254 Iam video obltis trepidos dareterga pharetris
711 1248 823 1271 Sa-
