1265 1345
313 8 604 36 CORRE.
38 42 661 87 Et iuris, legumque redit veneranda poteſtas,
38 83 705 120 Moresque in melius vertere quemque iuuat.
38 119 840 154 Atquetuum Pie munus id eſt, quod quiſq; per orbem
104 154 575 187 Inferatinferno bella inimica gregi.
38 187 692 220 Viue igitur, Pie magne Heros, viſure triumphos
100 220 629 253 Finibus extremis quos tua caſtra ferent.
38 241 648 288 Tutamen ardentes ſtimulis in prœlia reges
39 287 697 322 Incita, & arma manu tu quoque ſume ſenex;
38 322 693 355 Arma preces, & vota quibus Deus annuat, arces
50 355 644 389 ..thereas pulſent; hæc cape tela manu.
38 381 664 417 Te duce ſit ſociis mens omnibus vna, ſit idem
96 424 651 456 Semper amor, cœpti fœderis extet honos.
38 452 707 491 Vno omnes animo in pugnam ſi ſigna ſequantur,
96 488 674 524 Stare quis hos contra, quis ſuper eſſe queat?
162 523 710 558 Ad D. Ioannem Auſtriacum de clase Turcic
334 559 498 592 Victrii part.
38 580 693 625 Cæſaris inuicti proles, quo principe ſubdet
92 624 648 658 Thrax ferus Auſtriaco colla ſuperba iugo;
38 650 745 693 Tende vltra, & patrios æquent tua facta triumphos;
92 693 604 727 Tende vltra, vlterius te tua Fata vocant.
59 725 758 760 Tende agedum vlterius, quo ſe tua gloria monſtret:
90 760 703 791 Principium hoc certum iam tibi monſtrat iter.
37 792 682 825 Perge bonis auibus rutilum Sol alter in orbem
89 826 620 867 Prome caput; radiis ſplendeat æthra tuis.
289 862 416 886 Eidem.
39 883 770 928 Macte animo, Auſtriacæ magnum decus addite genti
90 928 560 961 Inſequere, & factis inſere facta tuis.
38 960 654 995 Cæſaris ad faſtos titulos adiunge triumphos,
89 995 599 1028 Adde triumphato Victor ab orbe tuos,
37 1023 669 1062 Helleſpontiacus ſubdet tibi ſceptra Tyrannus,
82 1060 732 1097 Regna Aſiæ, & Libyæ Thrax, Numidæq; dabunt.
38 1094 654 1131 Tu ne fige pedem, ſed contra ardentior vltra,
66 1129 619 1164 Perge Heros:gaudet te minor eſſe pater.
313 1165 521 1189 Ad eundem.
38 1188 739 1236 Si primo ingreſſu decies quater amplius Orco
759 1227 833 1254 Mll
