1050 1322
492 1 745 28 TH OM
237 4 290 28 4
278 37 818 80 Mille Getas trudis; carbaſa mille capis;
60 46 102 77 l
247 71 841 105 Quid facies, vbi vela Heros ſinuantibus Euris.
279 106 786 142 erteris in Libyci regna opulenta ſoli?
62 116 105 173 l
390 149 884 188 Ad Selinum Sultanum Turrarum Rgem
243 178 843 226 In te dum Sultane ferox Aquila explicat alas,
279 221 810 258 Et Pius & Venetus compatat arma Leo;
68 222 112 268 I
243 254 788 289 Intonuit læuum rerum ter maximus ille,
280 286 830 322 Ille hominum rector maximus, ille Deum
242 318 839 363 Et fœdus gratum eſſe ſibi hoc oſtendit apertis
277 353 746 391 Indiciis, palmæ pignora certa dedit.
242 387 872 429 Principio hoc, alios promittit mille triumphos,
276 421 801 462 Mille notat palmas, mille trophæa parat.
244 451 850 495 Si ſapis, ergo tuis, dum ſors fert, conſule rebus,
273 487 731 529 Et Chriſti ſuaui ſubiice colla iugo.
564 537 648 561 Eidem.
240 561 857 603 Contraxit, Sultane,pauens ſia cornua Phœbe
273 597 825 636 Dum contra volucrum gloria prima volat.
238 629 927 675 Quid mirum? ardentem Solem quæ inmota tuetut,
273 664 751 698 Nn adimet Lunæ lumina luce ſua?
220 694 851 767 æææ
466 779 719 807 In emdem Victoriam.
230 811 775 850 Vicimus & ciues, noſtra eſt victoria: dicat
264 847 756 888 Omnis, io, læto turba triumphe ſono.
228 879 884 926 Perque vias, & tecta canat gens læta triumphos;
264 913 756 957 Victori ſtatuant mille trophæa patres.
228 945 813 990 Relligioſa cohors lætis indulgeat hymnis,
259 980 743 1018 Et quisquis ſanctâ pro Pietate doler.
150 1011 804 1054 Sarmaticæ periere acies, periere carinæ,
260 1044 834 1089 Miſſasque ab Iſmario gurgite capta manus?
97 1063 825 1122 Et quæ multiplici violenti cuſpidis arcu
256 1111 723 1149 Thracia idebat, turbine merſa ruit.
1 1122 835 1192 Victa Tomitano, quæ ſoluit abæquore, claſſis,
253 1174 717 1223 Victa Boriſtenio miſſa carina ſinu;
904 1235 1048 1264 Ee
