1263 1413
356 16 603 41 CRE.
751 25 929 49 s
85 58 827 100 Et quæcumque Rhodo, quæcumque profecto Canopo,
122 92 653 126 Et quæcumque freto venit ab Herculeo.
88 125 812 160 Thrax ſceleratam animam mediis effudit in vndas,
125 158 687 193 Grexque Helleſponto lectus in arma, iacet.
71 192 671 259 ac..
87 258 732 293 Sauromatæque Scythæque feri, Getulus, & Afer
104 293 621 327 Purpureas Nerei ſanguine fecit aquas.
84 326 689 360 Sanguine pingueſcunt piſces, depaſcitur artus
119 361 624 394 Morſibus aſſiduis hiſpida turba maris.
82 394 707 427 Ioniisque natant inhumata cadauera campis,
118 427 725 461 Plurima ſquammigero præda, cibuſque gregi
81 460 616 494 Miratur e ipſe maris Neptunus ab imis
121 494 673 527 Sedibus, & Thetys Nereidumque chorus.
82 528 685 561 Certatimque vdum caput in ſublime ferentes
117 561 712 595 Tot ſtragerNomadum, funera tanta ſtupent.
81 595 680 628 Cæruleus Triton, Phorcique exercitus omnis
115 628 626 662 Circum victrices itque, reditque rates.
79 660 706 695 Tranquillamque viam claſſi, cedentibus vndis,
110 696 660 728 Ante vagus Glaucus per vada ſalſa aperit.
75 726 925 796 Atque aliqua ex Nymphis, vaſtum quas continet æquor
110 762 621 795 Seuformoſa Eryphe, ſeu Galatea fuit;
75 796 763 828 Litora ad Heſperiæ iuuenem dum ſpectat onuſtum
61 828 695 858 Tendentem exuuiis Thrax furibunde tuis:
61 859 678 896 Dignus hic eſt dixit, quo nato Carolus vltra
108 896 628 929 Inuictas Aquilas mittat ad imperium.
76 928 685 964 Cæſare magnanimo digniſſima patre propago,
109 963 631 996 Cæſaribusque atauis, & proauis, & auis.
66 997 705 1030 Maximus ille armis Mauortia in arma paternas
52 1028 684 1063 Vltra Aquilas victor, quà patet vnda, feret,
68 1060 637 1096 Hle feros animos iuſtis compeſcet habenis,
108 1094 688 1131 Quidquid ad Auroram ſol ab Atlante videt.
72 1126 771 1164 Et quidquid long medium procurrit in Auſtrum
104 1162 610 1197 Quaque axi Arctoo frigida terra iacet.
69 1192 775 1234 Namque hoc principium. quæ par fortuna ſequetur?
790 1221 888 1260 Q
515 1231 616 1271 Ccc 4
