1078 1352
518 20 752 46 HOM
278 65 812 101 Quà tegit, & quà Sol exerit ora, patet.
246 100 944 133 Cùm regat immenſum pondus, quod maximus Allas
283 133 739 165 Si ſubeat, diſpar viribus ibit Atlas.
245 166 887 204 Quem fore crediderim, poſtquam maturior ætas
280 200 776 235 Creſcet, & imperii ſarcina malor erit?
243 231 934 268 Principio hoc longos reparat ſibi nomen in annos,
280 268 855 301 Atque auget titulos, & decus omne domus.
244 301 865 336 oc iuuat æternos victorem emiſſe triumphos,
282 334 736 368 Hoc famam ſtellis inſeruiſſe iuuat.
245 369 898 404 Nam, quæ per terras, perque vltima regna vagatur
277 402 866 435 Fama volans, portum narrat ab hoſte decus;
244 436 790 470 Nunciat, & belli palmas, & mille trophæa,
279 470 901 501 Trusaque ad Eumenidum millia multa domos.
242 502 728 537 Exuuiis ornaſſerates, cepiſſe triremes
279 537 813 571 Sauromatum, multos eripuiſſe iugo,
223 569 855 604 Et plures Numidasque Getasq; Dasq; carinis
278 604 765 636 Remigio in noſtris ſubſtituiſſe docet:
241 636 742 670 Vt palmis aſſueta olim, contraria votis
277 671 785 706 Agmina ſenſerunt, vt ſubiere iugum.
242 706 841 738 Audiit hoc Europa decus, contendit ad Indos
276 739 851 773 Hæc fama, & pondus qua ſubit orbis Atlas.
236 773 860 808 Venit & ad Tanain, quaque arida culta Canopi
273 807 754 841 Ditat inundanti qui tegit ora luto.
234 840 907 877 Venit & ad Gangem, gemmisque auroque beatum,
271 873 823 910 Pactolum, & gelidis qua riget Albis aquis.
235 906 842 943 Venit in aduerſum latus orbis, & vltima regna
269 940 813 974 Terruit: hæc loquitur prœlia diues Arabs:
223 970 870 1009 Igniuomosque, arcus tormentiferasq; pharetras
223 1003 802 1043 Toſerit in Libycas ſtirps generoſa rates.
223 1036 794 1074 Sulfureosque globos, & tela armata rotarit
266 1076 816 1110 re cauo contra pefida caſtra Scythæ;
222 1103 708 1140 Vt late belli fragor audiretur, & acer
222 1136 800 1180 Frangeret inſolitus litus vtrinque furor.
223 1172 802 1209 Auditamque vlulare imis ? cautibus Echo,
261 1206 791 1245 Et duplicare iterum claſica pulſa ſonos.
855 1251 1018 1288 Ceu qua-
