1239 1374
314 6 624 33 CORRE.
774 3 911 36 ooo
50 48 645 86 Ceu quale exitium iaculato nubibus igne
86 86 512 110 Inducit terris cum furit ira Iouis.
55 119 688 154 Ceu quali furibunde trahis nemora alta fragore
87 153 643 186 Sæpe ab Hyperboreis cùm ruis Eure iugis.
51 186 637 219 Ceu cum præcipites agitas ſtridore procellas,
87 221 697 253 Cum fiemis Icariis Caure proterue vadis.
50 253 585 288 Felices ſancto concordes fœdere puppes:
83 289 630 322 Fœdere Barbaricæ quo minuuntur opes.
32 321 715 354 Quo Libyæq; Aſiæque ferus populator, auitis
35 355 572 389 Pulſus agis, diſcet vincla aliena pati.
51 389 640 422 Tempus erit cum digna fide, cum vera poëtæ
32 422 547 456 Poſteritas olim carmina certa leget:
32 455 700 489 Cum domitum audierit leges mutaſe Niphatem,
83 489 612 518 Et dare iam victas vltima Bactra manus,
50 522 797 557 Cedentemque Tibri Nilum, Gangemq; & Hidaſpem,
60 556 648 591 Et Tanaim, & quiſquis ſceptra aliena colit:
49 590 704 624 Indomitosque Daas, Morinos. pictosque Gelonos
83 624 588 655 Viderit imperium, Roma, ſubire tuum.
879 623 917 668 I
44 657 801 695 Tunc ego mille canam palmas, & mille triumphos,
30 691 660 725 Partaque Chriſtiadum mille trophæa manu.
48 724 803 760 Teque adeo O Pie Quincte canam, quo vindice durat
80 757 547 793 Hiſpanos inter fœdus, & Euganeos:
43 790 623 825 Vt ſub Romanas veniat te principe leges,
82 826 608 859 Quæ colit ignotos gens maleſana Deos.
46 858 712 892 Et te maxime Rex, bene cui qui temperat orbem,
78 892 591 925 Subdidit Europæ ſceptra priora canam.
37 925 693 959 Vos q; etiam o Venetæ pulcherrima gloria gentis
76 959 627 993 Inſeram, & à Veneto nomine ſurget opus.
22 993 563 1026 Auratis circum puppes Victoria pennis
78 1026 596 1059 Adſtat, & in veſtiis puppibus alta ſedet.
43 1059 735 1094 Crux, Aquila atque Leo bellantum pectora firmant.
74 1094 647 1128 Impia quis contra tres ferat arma Deos?
40 1127 732 1162 Vos quis ſtare queat contra?quis feruida contra
46 1161 571 1194 Auſtriaci iuuenis ſpicula torta manu?
38 1194 650 1236 At tu, quem propter claſſem regit ille, cruenta
725 1221 859 1266 Mellâqs
469 1232 643 1263 Ccc
