1070 1341
66 15 114 39 B
251 26 835 62 ysToOM CORRE.
49 40 118 60 :
68 60 118 88 I
289 71 890 106 Bellaque quem ſolum propter, & arma gerit:
68 89 109 123 I
251 105 948 140 Da pater, vt frenet populos, gentemque rebellem,
290 139 760 171 Et ſubdat ſuaui regna inimicaiugo:
255 172 825 205 Et ferat exuuias Capitoli ad culmina, debet
261 206 842 253 Quas Tiberi infidi littus vtrumque maris.
76 231 119 271 I
452 241 794 272 Ad Hieronymam Columnam.
255 274 867 307 Vt caput auricomum nitidas attollit ad auras,
290 307 792 339 O non de Pario ducta, Columna, iugo;
256 339 770 372 Dicuntur Superi totis arſiſſe medullis,
286 373 804 406 Blandus & irrepſit ſantta per oſſa calor.
253 407 840 442 Iuppiter incaluit, Veneris puer arſit, & æqut
291 441 758 474 Ineubat iſte genis, incubat ille ſinu.
255 473 909 507 Oblitus Daphnen, ſequitur tua lumina Phœbus,.
289 508 760 540 Et iuuat æthereas ſæpe iterare vices.
255 540 846 571 Cetera turba, tibi dum caſto arridet amore
289 575 787 610 Atque tuis paſcit lumina luminibus;
256 609 799 642 O quoties vellet formoſ mœnia Olympi,
289 642 795 675 Et grauidum ſtellis deſeruiſſe domum:
253 676 875 709 At Cytherea Venus; noſtras iam cedimus aras
288 709 797 738 Iure tibi, & columen Vrbis & Orbis, ait.
252 743 903 778 Cedlmus: Æneadum iam te, mea cura, propag
225 777 702 804 Et Surrentini littoris ora vocet:
249 810 829 845 Et quæ Sirenum generoſa Neapolis audit
284 842 829 878 Vſque ſonos, laudes audiat, vſque tuas.
248 876 930 912 Iam Cyprus æterno, iam te Gnydus alta Paphoſque
280 911 739 943 Inclyta, odorati thutis odore colat.
30 933 868 1011 Dum puer Idalius pharetra præcinctus & areu,
525 947 669 970 Ad eandem.
280 1010 858 1045 Coniicit ardentes regna per ampla oculos;
242 1042 845 1079 Adſpicit vndantes per colla argentea crines,
276 1078 736 1110 Luminaque æternâ lucidiora face:
242 1109 960 1145 Flammeolaſque genas, nitidum mage pectus eburno-
277 1144 791 1179 Dente, & purpureis guttura picta genis.
241 1174 908 1211 Obſtupuit ſplendore nouo, atque exterritus hæſit
275 1207 831 1246 Obtutu; ambiguus quæ noua Diua fores
915 1239 1061 1289 Deinde
1 1243 83 1284 .
