1259 1372
315 20 595 45 CORTESII.
40 64 707 95 Arma, & bellacem non vno marte Bohemum
48 97 683 131 Tu mores hominum domitas, & iura per vrbes
57 131 619 164 Reſtituis; lapſisq; potens ſuccurrere rebus
58 163 673 198 In faciem antiqui mutas mala tempora cultus.
59 198 751 233 Verum ego non hydræ magis indelebile collum,
34 230 645 265 Fœcundumq; iecur Tityi conſumere poſſe
54 265 624 300 Deſperem, aut Ixionias firmare rotatus
58 300 756 332 Quandoquidem primo tantarum in limine laudum,
55 334 752 367 Hinc decus hinc rerum incertam fert copia mentem.
56 367 578 394 Ac velti rubræ dubitat rimator arenæ,
57 400 758 440 Quam prius e varijs gemmam legat: ardet iaſpis,
56 434 666 469 Lucet onyx, viridi radiat fulgore ſmaragdus;
55 468 612 503 In partes dubium varias & ſingula circm
56 501 736 536 Illum agit hærentem ſpectandi imma voluptas.
56 533 760 568 Nam quid principio referam? vnde etdia ſumam?
54 569 648 604 Maiorumne prius repetens exempla tuorum,
53 601 690 637 Meſſalas atauos memorem ſtirpemq; togatam?
53 637 703 671 Vnde tuum magnis genus eſt auctoribus ortum?
52 670 713 702 An patris Hunniadæ tot bella exhauſta, tot annos
52 704 666 737 Perſequar? ſæuos totiens diſiecerit hoſtes:
50 738 670 765 Fuderit vt dirum Taurim ad mœnia Turcam
52 771 747 812 Nunc Albam appellant, albent quando oſſibus arua
891 776 928 812 I?
30 805 597 839 Biſtonijs, galeæq; micant, effoſſaq; pila;
33 838 723 873 Est madidæ humano pingueſcunt ſanguine glebæ:
51 873 642 906 Sed genuiſſe tamen Matthiam gloria maior,
49 906 708 940 Quàm varijs ſeptem bellis domuiſſe trionem,
48 939 594 973 Et tetigiſſe altum vicinâ fronte Bootem;
47 971 694 1008 Romuleæ decus Hunniadæ memorabile gentis:
48 1007 659 1041 Quo duce Pannonium pulſauit ſidera nomen.
47 1038 641 1074 Non vllâ pro laude pater, nullisq; triumphis
46 1074 683 1109 Plus tibi res Italæ debent, quàm pignore tanto:
46 1105 654 1141 Fulmina quod belli populo rediuiua Latino,
45 1140 618 1175 Et tanta euerſis peperiſti commoda rebus.
46 1174 616 1210 Tu nato concede tuo; quantumq; priores
42 1208 593 1251 Viciſt tantum vinci patiatis ab illo.
773 1236 900 1278 Non
