1062 1348
414 46 806 72 .ALEANDI
220 89 846 122 Non ſecus acidem proles Pellæa Philippum
219 123 797 155 Fortior, & bello Peleum ſuperauit Achilles.
223 157 770 189 Sic vinci Anchiſes nato gauiſus, & geus
221 189 778 225 Magnanimum læto miratus Theſca vultu.
222 222 919 259 Atque equidem nuſci Romano ſemine multum et.
222 256 837 289 Matthia armipotens, aut horum fortibusactis,
225 290 850 326 It genus & famam renouare & fata ſuorum.
227 324 762 358 Scilicet ante alios curſu Neptunius auras
228 356 834 392 Altius efflat equus, virtusq; immiſſa propagat
227 392 750 424 Indole diffuſas cognata in pectora vires.
228 424 806 453 In te creuit honos rerum ſucceſſibus auctus;
225 458 847 488 Et noua maiorum virtus tua nomen obumbrat,
227 491 830 526 Sola bonis contenta ſuis, nihil indiga patrum.
228 526 744 560 Te vario caſti ventn carmine vates,
227 559 820 594 Te cecinit multo odam pius ore ſacerdos,
229 594 908 628 Quiq; aium cantus, quiq; ardua ſidera norunt,
224 628 816 661 Aut qui diuinum ſpirant ſub pectore numen.
227 661 855 696 Tum cœlum ſua ſigna dedit, Phœbeaq; lucem
229 695 776 728 Natalem prædixit auis, cum decidit æthrâ
229 728 799 761 Annulus in gremium matris delapſus Eliſæ.
228 761 777 795 pſa ſub vmbrosâ, fatorum neſcia, quercu
229 795 801 829 Carpebat placidam ſeclusâ in valle quietem
228 828 862 862 Huic puerinſomnis, vtero quem languida plen
230 861 773 896 Geſtabat, ſubito fæœtæ circum vbera viſus
228 895 837 930 Ludere, & infantis, facto velut agmine, in ora
228 929 783 963 Plurima præcipiti labentia flumina curſu,
229 963 790 995 Pectore ſub magno dictu mirabile condi.
232 993 858 1031 Cum ſubito gemmam, digitis quæ lapſa iacenti
230 1029 722 1062 Errabat, roſtro præpes librauit acuto,
227 1063 793 1096 Inq; ſinum celsâdemiſit ab arbore coruus,
230 1096 768 1128 Et leuiter molli diſtrinxit lumina pennâ:
230 1128 823 1160 Excidit extemplo ſomnus; tum læta ſalutans
230 1161 816 1195 Augurium, verbis ſupplex his diua precatur;
229 1194 783 1229 Corue ſacer longaſuperis gratiſſime vitâ,
228 1227 808 1263 Seu tu ſponte venis noſtri præſagus honoris.
960 1265 1060 1305 Sen
