1077 1358
436 45 826 69 T. AL ANDRI
237 89 780 118 Oſcula, ter lætæ cecinerunt omina Parcæ.
238 121 834 154 Vix fari poteras, breuibus cum longa lacertis
239 154 798 189 Tela dari toruus patre exultante petebas;
239 188 860 220 Adſuetus clangore tubæ atque hinnitibus ipſis
239 222 772 255 Lærari & galeæ flamm ardore coruſcæ:
239 255 877 289 At non armorum ſonitum pugnæue fragorem.
240 288 876 323 Conſertæ horrebas, gemitu vocesq; cadentum,
239 323 865 355 Auribus intrepidis, tormentaq; pectoie ſuetus
239 356 824 389 Audire impauido, cum ſaxea fulminis inſtar
238 388 826 423 It pila flammiferi ſonitusq imitatur Olympi
241 423 886 456 Non amnis tumidi murmur, ſpumantiaq; vndis.
238 456 860 489 quora, non rapidis terrebant flamina ventis
241 489 746 523 Sic in chaonijs generoſæ viuidus aruis
239 522 772 556 Pullus equæ, viioq; truci venaticus apro
239 554 852 590 Imdolis ante annos catulus dat ſigna Moloſſæ,
233 589 750 621 Poſt vbi paulatim creuit robuſtior ætas
239 622 846 657 Atque metus expers adoleuit corpore virtus,
239 657 828 692 Non tergo, ſed fronte vago notiſſimus hoſti
238 691 822 724 Iam volucres ſolitus curſu piæuertere ceruos
237 724 773 759 Elammea vel celeris ſaltu veſtigia Damæ,
237 757 830 791 Telaq; nunc arcu, nunc ſaxa emittere funda,
235 791 848 822 Aerea ſulphureis tormenta incendere tedis.
233 822 926 859 Murornmq; fequens lapſam ingeminare ruina,
232 858 884 893 Ac velut Heſperium Pœnus cum preſſerat orbem
233 891 807 927 Annibal, aëriasq; furens animoſa per alpes
232 925 725 958 Et Pyrenæos raptauerat agmina ſaltus
233 958 786 990 O quotiens auſus vaſtos vmbone molares
225 992 792 1028 Pellere centenis, quotiens occurrere telis,
230 1023 857 1061 Imtactas ſuper iie niues fluuiosq; minaces,
230 1058 805 1092 Et tumidum audaci pelagus tranare natatu.
230 1091 853 1128 Cum trepidum genitorcaſtris educeret agme
229 1122 774 1160 Ipſe author pugnæ ſtabas, &. terga daturis
228 1155 849 1193 Firmabas dubium rerum diſcrimine pectus,
229 1189 811 1224 Cumq; per inſidias aa tergoinuaderer hoſtis,
224 1219 901 1264 t furtim miſſas treme ct rocul alba phalanges
905 1268 1042 1306 orts
