1078 1351
427 35 817 61 T. A ANDRI
227 78 770 113 Tu cui fœlices oſtendunt numina curſus,
234 112 872 150 Qui patriam nomenq; feres ad ſidera noſtrum
230 147 760 175 Vtere ſorte tua, nec fœdi carceris horror
232 179 830 213 Terreat, aut duri imperium crudele tyranni:
233 213 752 246 Inueniet fortuna viam, victorq; redibis
233 247 875 284 Quadrijugo inſignis ſubiecta per oppida curru,
234 280 768 313 Cum te Pannoniæ regem te Miſia & altæ
235 314 797 349 Noricus Illyricis mundus venerabitur oris,
235 348 753 382 Succeſſuq; ferens, ſeſe lætabitur omnis
236 379 849 415 Armipotens Europa tuo, & caput efferet aſtris.
221 415 860 449 Amplum, nate, tibi regnum famamq; relinquo
236 449 857 482 Duratum caſtris Hunnûm, aſſuetumq; periclis,
237 482 780 517 Qui nulli inferiorgenti pietate vel armis,
239 516 807 552 Quiq; tuis nunquam deſit conatibus audax.
239 549 847 576 Aude omnes tentare vias hoc milite, & omnes
239 584 865 616 His belli contemne minas, puer inclite, dextris.
223 617 878 645 Debellanda manu variarum horrenda ferarum
225 650 830 680 Monſtra tibi, & multæ diuerſis finibus vrbes.
239 685 792 718 Augendum bellodecus & ſudore paranda
222 718 829 751 Gloria; nam magnos fortunant fata labores.
237 752 831 785 Ergo nec ſomno indecori, nec tempora ſegni
236 786 828 817 Perde ſitu, & patrem duris imitare ſub armis,
236 819 748 849 Incumbent alij Sarrano mollius oſtro,
234 853 749 887 Argutas tenui ducent de gutture voces
235 887 815 921 Pulſabunt cytharam melius, ſaltuq; choreas
236 920 801 954 Intexent agili, & conuiuia lauta parabunt:
236 954 860 988 Tu bellare frequens & vincere nate memento:
235 987 845 1021 Hoc tibi erit ſtudium, regniq; extendere fines,
235 1020 794 1054 Exercere fidem, & contingere ſidera factis.
235 1055 843 1087 Ingredere, & tantos iam nunc ordire labores:
234 1088 899 1121 Iam noua pertentant moribundum gaudia pectus.
236 1121 877 1154 Hæc memorans, dulci genitor dedit oſcula nato,
235 1152 856 1196 Et ſimul aftrigeris conſcendit in æthera bigis:
235 1186 766 1218 .lius vt Solymâ vates leuis excitus aurâ
234 1218 738 1255 Egit ſidereo candentes igne quadrigis.
904 1259 1033 1297 Obſtu-
