1076 1348
440 37 834 61 .ALANDRI
108 30 160 65 l
247 48 300 67 o
249 81 833 115 Talis ades regno euerſo patriæq; ruenti,
252 114 853 149 Cum primum lapſas miles iibi victor habenas
246 148 785 183 Et regni vaga frena dedit ce: uicibus ipſis
88 163 158 214 I
241 182 780 215 In ſolium regaloferens, fractisq; catenis
248 216 800 249 Tradidit Arctoæ late moderamina gentis.
249 249 816 283 Principio infenſas acies populosq; rebelles,
242 284 740 316 Impia non grati periuria militis vltus,
242 316 725 349 Sub iuga depreſſo miſiſtiregia collo.
243 350 834 383 Nec dum etiam primo veſtibat flore nitentes
242 384 805 416 Barba genas, cum læta iuos Victoria currus
250 416 836 450 Circumit, & virides ſubſtrauit Gloria lauros.
242 451 819 484 Prima triumphales fronticonceſſit hono es
250 484 771 518 Seditio pacata tuæ prima impulit armis
239 517 729 550 Diſcordelate gentesfrenate ſeueris.
240 551 787 585 Nec mora Sidonio longeſpectabilis oſtro
235 584 815 619 Sacra facis, ſacrasq; Deumeneraris ad aras.
237 619 809 645 Vocalem veluti fama eſt, Dauida tonantem
237 650 785 686 Placauiſſe Deum, teneri fundamina regni
83 673 121 699 I
234 686 865 718 Dum iacit & puram ſacris fert curribus arcam.
234 719 848 754 Macte animis & care tuis cœleſtibus Heros,
231 752 782 785 Quiſanctâ imperij pieta:e exotdia firmas.
233 786 834 822 Non vires non arma magis, legumve poteſtas
230 819 868 854 Religione valent: mundum terrore ſubactum
222 853 870 890 Hæc regit, hæc ſæuas moderatur nnmine gentes.
225 887 812 921 Prorinus hoſtilem ductor capis acer Iaſam
225 920 804 952 Inuictumq; doces vincicertamine Turcam,
233 954 820 989 Ac prius indomitum, fugientia vertere cogis
228 987 802 1021 Terga ducem, nec te belli vis vlla, nec vllus
222 1020 832 1057 Impetus auertit duiâ obſidione prementem
221 1053 748 1087 Mœnia, diſiectis donec patefacta riinis
227 1085 695 1113 Intraſti curru victor ſublimis ouanti
219 1118 864 1153 Et magnam infandis rapuiſti ex hoſtibus vrbm.
120 1130 163 1171 I
224 1150 810 1190 Sed dum perſequeris victricis præmia pugnæ,
222 1183 736 1221 Vltoresq; trahis iurata ad prælia Dios;
210 1215 740 1250 Dira ſuperſtitio patrias inuaſerat vrbes
902 1262 1016 1298 Huſſius
