1237 1450
267 75 605 113 CORTESII.
49 129 742 168 uſius huic authorquondam nec templa, nec aras
54 166 644 207 Erex:itSuperis, & quæ conſtructa maebant
58 200 576 235 Dirut impius, infœlix ac pete cruentâ
60 235 631 268 Triſtia periuræ maculauit mœuia Pragæ,
61 267 663 302 Multaq; de fuperis demens infanda canebat.
61 301 710 334 Hiac ortæ monftris facies, bacchataq; paſſim
65 335 714 371 ProdigiaHerculeis non contemnenda lacertis,
56 368 690 403 Theſiphones atræ ſtimulis accenſa fremebant.
59 402 663 435 CNec contenta ſuis iam pridem finibus ingens
56 436 649 475 Bellua, Pannonias ſpiris inuoluerat am,
71 469 636 505 Mille manus illi fuerant, & cornua m
60 502 659 531 Et totidem intortis armabat collaecoſui.
59 536 710 575 Cum prcul obſeſſas regni crcumſpicis ateos
64 570 651 603 Tartareæ labis tabo, ſic protinus orſus:
57 601 826 644 Quid Thracum ſequar indomitos, Arabumq; phalanges.
58 636 786 672 Quos terra & vaſtis dirimit mare fluctibus altum?
58 669 704 701 Monſtra domi vincenda mihi maiora ſuperſunt,
62 705 561 739 Inteſtina mei populatur viſcera regni
56 736 692 772 Sacra lues, propiuſq; hærens in limine labes.
58 771 613 807 Indigetes Diui, patriæ tutamina noſtræ,
69 804 769 844 Et tuſanctorum columen, Stephane inclite, Regum,
59 839 551 873 Si me cana fides pietaſq; illæfa ciere
61 871 648 907 Bella iubet, mediiſq; artus opponere telis,
48 901 738 941 Nunc precor ſuperi ſinite hac me ſternere dextrâ
58 939 638 976 Ptodigium, diroq; manus fœdare cruore:
63 968 747 1003 Nunc finite his terris Cceleratam auertere peſtem.
63 1004 706 1040 Hs dictis, monſtrum patriâ vi perdere adorſus,
62 1037 657 1072 Non clauâ accinctus, non in certamina pelle
62 1071 626 1108 Veniſti, rigido pugnatum eſt vndiq; ferro
65 1104 668 1143 Vodiq; commiſſæ cumulatos ſtragis aceruos
59 1134 719 1177 Cernere erat: tepidas Oderæ cruor inficit vndas,
61 1172 660 1210 Inuoluitq; ruens labentia corpora vertex.
61 1204 704 1242 Pars flammis ambuſta ſonat, piceoq; crematur
61 1237 627 1279 Igne lues, nigris lucent incendia buſtis,
62 1269 640 1318 Et ſparſos rapiunt cineres in nubibus Euri.
785 1281 891 1332 o
