1247 1451
273 67 555 100 C ORE.SII.
27 108 650 147 Ambo animis alacres armis cœleſtibus ambo,
28 146 710 181 Quis vaga caſtra locat te cautius? opprimit hoſtem
27 180 659 213 Durius? aut cingit melius munimine vallum?
27 213 629 246 Aut premit obſeſſas bello conſtantius vrbes?
36 247 608 282 Quis patrioiato de more agitare per agros
47 278 726 314 Ponere, quis iunctos ſciat aptius ordine currus?
33 314 623 348 Scis tormenta hoſt ven uro aduerſa locare,
28 348 624 383 Et loca fluminibus vicina & pinguibus aruis
28 381 669 416 Deligere, & duplicem caſtris deducere foſſam,
27 415 690 451 In quamcunque libet faciem componere pugnæ
27 449 620 483 Agmina, ſiue tuâ placeat, ſeu lege priorum
28 483 627 516 Omnia militiæ calles documenta ſeueræ
28 513 754 550 Quin genus armorum varium, & quo quiſq; ſuperbut
28 549 730 590 Enſe minax, quâ vi telum, quâ torqueat haſtam,
28 582 662 616 Pectoraq; & latos quo tegmine muniat armos.
28 615 696 650 Oallida Sertori & Regis mens vafra Moloſſi
28 649 590 685 Talis erat virtis ve ſenis matura Camilli.
28 682 658 718 An tu Cantabricis Cimbrorum ſepta maniplis
28 717 682 755 Caſtra perhorreſcas, aut iuncto Gotthus Alano,
46 752 572 785 Aut coniurato ſi Vandalus aſpera Pœno
44 784 688 819 In te bella ciant? an quiſquam eludere tectis
37 818 532 852 Letetur te poſſe dolis, teliſq; fugare?
28 851 718 886 Firmior vndiſonis ſcopulis, quos impere frangumt
28 886 686 920 Auſter & inanis nequ cqum fluctibus æquot.
28 920 553 954 Obſiſtit bellis anitus, caſuſq; futuros
28 954 641 987 Præſagâ cum mente videt; vis corporis acres
28 987 604 1021 Strenua belligera ſternit virtute cohortes.
27 1019 581 1054 Ac velut obſcura denſus caliginemimbus
38 1053 574 1088 Qui varis atrâ concepit nube procellas
37 1087 638 1121 Poſt ignes rutilos & crebra tonitrua, præceps
28 1119 627 1153 In ſiluam per inane ruit, magnoque fragore
37 1151 664 1187 Frondiferas auium ſedes, atque alta volucrum
45 1183 836 1220 Culmina perpetuum geminans quatit ictibus hymbrem,
27 1219 616 1254 Et rapido tonſos proſternit turbine ramos,
40 1253 733 1288 Nulla equidem raræ monumenta ingentia pugæ
715 1282 824 1315 Egegiâ
