<PcGts xmlns="http://schema.primaresearch.org/PAGE/gts/pagecontent/2017-07-15" xmlns:xsi="http://www.w3.org/2001/XMLSchema-instance" xsi:schemaLocation="http://schema.primaresearch.org/PAGE/gts/pagecontent/2017-07-15 http://schema.primaresearch.org/PAGE/gts/pagecontent/2017-07-15/pagecontent.xsd"><Metadata><Creator>User123</Creator><Created>2020-04-25T21:20:15</Created><LastChange>2020-04-25T21:20:15</LastChange></Metadata><Page imageFilename="0853.png" imageHeight="1451" imageWidth="1247"><TextRegion id="r0" type="paragraph"><Coords points="1,1 1245,1 1245,1449 1,1449"/><TextLine id="r0_l001"><Coords points="1050,22 983,22 983,38 1050,38"/><TextEquiv index="1"><Unicode></Unicode></TextEquiv></TextLine><TextLine id="r0_l002"><Coords points="1045,39 1012,39 1012,73 1045,73"/><TextEquiv index="1"><Unicode></Unicode></TextEquiv></TextLine><TextLine id="r0_l003"><Coords points="273,67 273,100 555,100 555,67"/><TextEquiv index="1"><Unicode>C ORE.SII.</Unicode></TextEquiv></TextLine><TextLine id="r0_l004"><Coords points="773,82 773,103 822,103 822,82"/><TextEquiv index="1"><Unicode>795</Unicode></TextEquiv></TextLine><TextLine id="r0_l005"><Coords points="650,108 1,108 1,147 209,147 301,145 650,147"/><TextEquiv index="1"><Unicode>Ambo animis alacres armis cœleſtibus ambo,</Unicode></TextEquiv></TextLine><TextLine id="r0_l006"><Coords points="26,180 212,181 270,179 710,180 710,146 705,146 702,148 486,148 435,146 301,146 161,149 1,148 1,182 23,182"/><TextEquiv index="1"><Unicode>Quis vaga caſtra locat te cautius? opprimit hoſtem</Unicode></TextEquiv></TextLine><TextLine id="r0_l007"><Coords points="659,181 271,180 212,182 26,181 18,186 1,186 1,213 659,213"/><TextEquiv index="1"><Unicode>Durius? aut cingit melius munimine vallum?</Unicode></TextEquiv></TextLine><TextLine id="r0_l008"><Coords points="1013,192 1013,241 1046,241 1046,192"/><TextEquiv index="1"><Unicode></Unicode></TextEquiv></TextLine><TextLine id="r0_l009"><Coords points="629,214 300,213 241,215 3,217 3,246 629,246"/><TextEquiv index="1"><Unicode>Aut premit obſeſſas bello conſtantius vrbes?</Unicode></TextEquiv></TextLine><TextLine id="r0_l010"><Coords points="239,280 603,281 608,280 608,248 271,247 176,249 87,248 63,249 36,247 36,281 154,282"/><TextEquiv index="1"><Unicode>Quis patrioiato de more agitare per agros</Unicode></TextEquiv></TextLine><TextLine id="r0_l011"><Coords points="1010,243 1010,285 1044,285 1044,243"/><TextEquiv index="1"><Unicode></Unicode></TextEquiv></TextLine><TextLine id="r0_l012"><Coords points="726,278 675,278 656,281 603,282 245,281 154,283 47,282 47,314 726,314"/><TextEquiv index="1"><Unicode>Ponere, quis iunctos ſciat aptius ordine currus?</Unicode></TextEquiv></TextLine><TextLine id="r0_l013"><Coords points="882,277 882,343 917,343 917,277"/><TextEquiv index="1"><Unicode></Unicode></TextEquiv></TextLine><TextLine id="r0_l014"><Coords points="1008,285 1008,344 1043,344 1043,285"/><TextEquiv index="1"><Unicode></Unicode></TextEquiv></TextLine><TextLine id="r0_l015"><Coords points="623,315 243,314 127,317 33,315 33,346 59,346 82,348 623,348"/><TextEquiv index="1"><Unicode>Scis tormenta hoſt ven uro aduerſa locare,</Unicode></TextEquiv></TextLine><TextLine id="r0_l016"><Coords points="960,392 966,386 973,385 1031,384 1031,343 971,346 957,346 952,345 950,343 882,343 882,394 955,394"/><TextEquiv index="1"><Unicode></Unicode></TextEquiv></TextLine><TextLine id="r0_l017"><Coords points="9,382 14,380 53,380 118,383 235,380 429,382 528,382 624,380 624,349 253,348 106,350 81,348 1,348 1,387 4,387"/><TextEquiv index="1"><Unicode>Et loca fluminibus vicina &amp; pinguibus aruis</Unicode></TextEquiv></TextLine><TextLine id="r0_l018"><Coords points="350,414 669,414 669,381 582,381 528,383 235,381 157,384 14,381 9,383 4,388 1,388 1,416 247,416"/><TextEquiv index="1"><Unicode>Deligere, &amp; duplicem caſtris deducere foſſam,</Unicode></TextEquiv></TextLine><TextLine id="r0_l019"><Coords points="1005,407 1005,427 1038,427 1038,407"/><TextEquiv index="1"><Unicode></Unicode></TextEquiv></TextLine><TextLine id="r0_l020"><Coords points="690,416 684,415 1,417 1,450 425,448 665,449 690,451"/><TextEquiv index="1"><Unicode>In quamcunque libet faciem componere pugnæ</Unicode></TextEquiv></TextLine><TextLine id="r0_l021"><Coords points="978,438 978,465 1027,465 1027,438"/><TextEquiv index="1"><Unicode></Unicode></TextEquiv></TextLine><TextLine id="r0_l022"><Coords points="620,482 620,450 255,449 135,451 27,450 1,451 1,482 546,483"/><TextEquiv index="1"><Unicode>Agmina, ſiue tuâ placeat, ſeu lege priorum</Unicode></TextEquiv></TextLine><TextLine id="r0_l023"><Coords points="627,515 627,483 1,483 1,514 49,516 616,516"/><TextEquiv index="1"><Unicode>Omnia militiæ calles documenta ſeueræ</Unicode></TextEquiv></TextLine><TextLine id="r0_l024"><Coords points="1001,490 1001,523 1035,523 1035,490"/><TextEquiv index="1"><Unicode></Unicode></TextEquiv></TextLine><TextLine id="r0_l025"><Coords points="754,513 638,513 630,516 616,517 565,518 515,518 470,516 49,517 1,515 1,548 23,548 39,550 754,550"/><TextEquiv index="1"><Unicode>Quin genus armorum varium, &amp; quo quiſq; ſuperbut</Unicode></TextEquiv></TextLine><TextLine id="r0_l026"><Coords points="911,513 881,513 881,553 911,553"/><TextEquiv index="1"><Unicode></Unicode></TextEquiv></TextLine><TextLine id="r0_l027"><Coords points="730,553 715,551 599,550 455,552 390,550 56,550 39,551 23,549 1,549 1,581 86,583 706,583 718,584 727,590 730,590"/><TextEquiv index="1"><Unicode>Enſe minax, quâ vi telum, quâ torqueat haſtam,</Unicode></TextEquiv></TextLine><TextLine id="r0_l028"><Coords points="999,560 999,589 1034,589 1034,560"/><TextEquiv index="1"><Unicode></Unicode></TextEquiv></TextLine><TextLine id="r0_l029"><Coords points="662,613 662,584 86,584 1,582 1,614 103,616 583,616"/><TextEquiv index="1"><Unicode>Pectoraq; &amp; latos quo tegmine muniat armos.</Unicode></TextEquiv></TextLine><TextLine id="r0_l030"><Coords points="999,592 999,637 1033,637 1033,592"/><TextEquiv index="1"><Unicode></Unicode></TextEquiv></TextLine><TextLine id="r0_l031"><Coords points="696,621 687,617 677,617 674,615 494,618 327,618 293,616 103,617 1,615 1,648 64,648 91,650 695,650"/><TextEquiv index="1"><Unicode>Oallida Sertori &amp; Regis mens vafra Moloſſi</Unicode></TextEquiv></TextLine><TextLine id="r0_l032"><Coords points="590,684 590,650 404,652 164,651 121,652 64,649 1,649 1,685 97,685 152,683 356,683 516,685"/><TextEquiv index="1"><Unicode>Talis erat virtis ve ſenis matura Camilli.</Unicode></TextEquiv></TextLine><TextLine id="r0_l033"><Coords points="658,716 658,682 605,685 516,686 356,684 154,684 97,686 1,686 1,717 564,718"/><TextEquiv index="1"><Unicode>An tu Cantabricis Cimbrorum ſepta maniplis</Unicode></TextEquiv></TextLine><TextLine id="r0_l034"><Coords points="997,687 997,719 1032,719 1032,687"/><TextEquiv index="1"><Unicode></Unicode></TextEquiv></TextLine><TextLine id="r0_l035"><Coords points="682,718 1,718 1,754 147,753 199,751 634,751 642,755 682,755"/><TextEquiv index="1"><Unicode>Caſtra perhorreſcas, aut iuncto Gotthus Alano,</Unicode></TextEquiv></TextLine><TextLine id="r0_l036"><Coords points="879,725 879,762 913,762 913,725"/><TextEquiv index="1"><Unicode></Unicode></TextEquiv></TextLine><TextLine id="r0_l037"><Coords points="572,753 199,752 147,754 46,754 46,785 572,785"/><TextEquiv index="1"><Unicode>Aut coniurato ſi Vandalus aſpera Pœno</Unicode></TextEquiv></TextLine><TextLine id="r0_l038"><Coords points="996,750 996,791 1029,791 1029,750"/><TextEquiv index="1"><Unicode></Unicode></TextEquiv></TextLine><TextLine id="r0_l039"><Coords points="688,784 624,784 533,787 44,786 44,818 60,819 688,819"/><TextEquiv index="1"><Unicode>In te bella ciant? an quiſquam eludere tectis</Unicode></TextEquiv></TextLine><TextLine id="r0_l040"><Coords points="993,813 993,886 1026,886 1026,813"/><TextEquiv index="1"><Unicode></Unicode></TextEquiv></TextLine><TextLine id="r0_l041"><Coords points="532,820 222,819 60,820 37,818 37,852 532,852"/><TextEquiv index="1"><Unicode>Letetur te poſſe dolis, teliſq; fugare?</Unicode></TextEquiv></TextLine><TextLine id="r0_l042"><Coords points="718,886 718,851 582,851 569,853 455,855 399,853 65,854 35,852 1,852 1,886 381,886"/><TextEquiv index="1"><Unicode>Firmior vndiſonis ſcopulis, quos impere frangumt</Unicode></TextEquiv></TextLine><TextLine id="r0_l043"><Coords points="686,886 1,887 1,920 686,920"/><TextEquiv index="1"><Unicode>Auſter &amp; inanis nequ cqum fluctibus æquot.</Unicode></TextEquiv></TextLine><TextLine id="r0_l044"><Coords points="896,946 919,945 919,904 881,904 881,948 892,948"/><TextEquiv index="1"><Unicode></Unicode></TextEquiv></TextLine><TextLine id="r0_l045"><Coords points="553,952 553,920 1,921 1,952 80,954 451,954"/><TextEquiv index="1"><Unicode>Obſiſtit bellis anitus, caſuſq; futuros</Unicode></TextEquiv></TextLine><TextLine id="r0_l046"><Coords points="641,985 641,954 1,954 1,986 258,987"/><TextEquiv index="1"><Unicode>Præſagâ cum mente videt; vis corporis acres</Unicode></TextEquiv></TextLine><TextLine id="r0_l047"><Coords points="920,947 893,948 888,956 888,976 890,981 895,986 902,989 920,989"/><TextEquiv index="1"><Unicode></Unicode></TextEquiv></TextLine><TextLine id="r0_l048"><Coords points="604,1018 604,987 259,987 171,988 132,990 40,989 26,987 1,987 1,1021 294,1021"/><TextEquiv index="1"><Unicode>Strenua belligera ſternit virtute cohortes.</Unicode></TextEquiv></TextLine><TextLine id="r0_l049"><Coords points="952,985 952,1021 1024,1021 1024,985"/><TextEquiv index="1"><Unicode></Unicode></TextEquiv></TextLine><TextLine id="r0_l050"><Coords points="524,1051 581,1051 581,1019 294,1022 1,1022 1,1054 446,1054"/><TextEquiv index="1"><Unicode>Ac velut obſcura denſus caliginemimbus</Unicode></TextEquiv></TextLine><TextLine id="r0_l051"><Coords points="883,1028 883,1084 919,1084 919,1028"/><TextEquiv index="1"><Unicode></Unicode></TextEquiv></TextLine><TextLine id="r0_l052"><Coords points="307,1086 455,1087 518,1084 574,1084 574,1053 485,1053 446,1055 298,1054 185,1056 38,1055 38,1088 241,1088"/><TextEquiv index="1"><Unicode>Qui varis atrâ concepit nube procellas</Unicode></TextEquiv></TextLine><TextLine id="r0_l053"><Coords points="990,1075 990,1114 1053,1114 1053,1075"/><TextEquiv index="1"><Unicode></Unicode></TextEquiv></TextLine><TextLine id="r0_l054"><Coords points="638,1117 638,1087 307,1087 241,1089 37,1090 37,1121 318,1121"/><TextEquiv index="1"><Unicode>Poſt ignes rutilos &amp; crebra tonitrua, præceps</Unicode></TextEquiv></TextLine><TextLine id="r0_l055"><Coords points="991,1114 991,1136 1035,1136 1035,1114"/><TextEquiv index="1"><Unicode></Unicode></TextEquiv></TextLine><TextLine id="r0_l056"><Coords points="519,1151 627,1150 627,1119 188,1122 121,1124 1,1122 1,1153 476,1153"/><TextEquiv index="1"><Unicode>In ſiluam per inane ruit, magnoque fragore</Unicode></TextEquiv></TextLine><TextLine id="r0_l057"><Coords points="555,1183 664,1183 664,1151 519,1152 449,1155 251,1155 133,1157 56,1156 37,1154 37,1187 465,1187"/><TextEquiv index="1"><Unicode>Frondiferas auium ſedes, atque alta volucrum</Unicode></TextEquiv></TextLine><TextLine id="r0_l058"><Coords points="836,1183 555,1184 465,1188 260,1188 190,1190 115,1190 69,1188 45,1189 45,1220 476,1220 570,1218 639,1218 658,1220 836,1220"/><TextEquiv index="1"><Unicode>Culmina perpetuum geminans quatit ictibus hymbrem,</Unicode></TextEquiv></TextLine><TextLine id="r0_l059"><Coords points="500,1252 616,1252 616,1219 194,1223 61,1223 37,1221 2,1221 2,1254 444,1254"/><TextEquiv index="1"><Unicode>Et rapido tonſos proſternit turbine ramos,</Unicode></TextEquiv></TextLine><TextLine id="r0_l060"><Coords points="693,1287 702,1283 712,1282 774,1281 774,1253 500,1253 444,1255 294,1256 40,1256 40,1288 675,1288"/><TextEquiv index="1"><Unicode>Nulla equidem raræ monumenta ingentia pugæ</Unicode></TextEquiv></TextLine><TextLine id="r0_l061"><Coords points="824,1282 712,1283 702,1284 693,1288 676,1288 672,1290 665,1290 665,1315 824,1315"/><TextEquiv index="1"><Unicode>Egegiâ</Unicode></TextEquiv></TextLine></TextRegion></Page></PcGts>