1146 1330
498 31 899 58 T.ALEANDRI
336 74 931 107 Plurimaq; exanimi matrona expalluit ore.
337 107 893 141 Quiſq; ſibi dubiis hinc te fortiſſimus optat
336 141 935 173 Rebus habere ducem, tecum maioraq; bello
335 175 982 208 Audet, & in pugnam violentius ardet Erynnis;
335 208 950 242 Et magis horrendo duce te Mars intonat or.
329 240 977 274 Nam quid lecta canam generoſæ robora pubis?
336 274 929 309 Quiſquis Parrhaſiâ fama celebratur ab acto
337 309 941 342 Te colit, & multo compulſus nomine gudet
337 342 908 375 In pattes tranſire tuastuaq; arma fouere.
337 376 990 410 Haud equidem magnâ deſunt qui Stentora voce:.
338 410 969 443 Qui curſu Aiacem, qui viribus Hectora vincant,.
338 443 891 476 Non vnus tibi Tydides, non vnus Vlyſſes
338 476 906 508 Militat. heroas poſthac veneramda vetuſtas
338 509 890 543 Parcius, heroumq; duces extollar Atrides.
337 542 928 577 Non his, Matthia. modo formidailis armis
336 576 875 610 Militibuſq; venis, nec te ſollertia tantum
336 610 908 645 Victorem aut duris facit experientia rebus:
339 643 949 678 Sed quod priſca fides, pieraſq;, Aſcræaq; virgo.
334 678 849 712 In pugnas te læſa cietr quis iuſtius arma
335 712 943 746 Induit, aut pacis ftudio mage bella capeſſita
336 743 963 778 Cauſſa Deo præſente ipſo ſtat in agmine victrix
332 779 945 812 Vna tibi quando ante alios defenditur omnes
331 812 890 847 Religio, ſequiturq; ducem fœlicibus auſis
332 847 882 879 Conatus comitata tuos: ipſa vnica bellis
330 877 919 913 Vrbibus, ipſa tibi præſes, tecum ipſa volentes
334 912 982 946 Signiferoſq; in bella trahit memoranda penates:
328 947 1013 980 Quippe aliquis Superm turmas circumuolat ordo
326 981 861 1015 Armainter; fiunt ignes, flagrantia fiunt
323 1012 986 1047 Fulmina grandiferis ventiq; hymbreſq; procellis,
321 1047 845 1077 rgo numinibus fidens, & nobile vaſto
322 1080 841 1113 Munitus patriæ virtutis robore pectus,
324 1113 901 1144 Cuncta tuis veluti ſubſidant viribus arma,.
323 1145 874 1179 Nulla oblata feri detractas prælia Martis,
321 1178 935 1215 Et nullum pugnæ vitas genus acer iniquæ;
322 1211 960 1249 Occutriſq; hoſti, velinundent milie montes,.
1018 1247 1125 1294 a-
