1243 1327
239 5 518 44 CoTESII
3 60 637 97 Obuia vel denſis peditum ſeges horreat haſtis,
20 98 628 131 Ecce autem à Stygio Furiarum prima baratro,
8 128 715 163 Bella ferens flammaſq, Aſiam bacchata per omnem
1 163 643 195 Threiciumiuxta demiſſis oſtphoron alis
22 197 671 229 Conſtitit, vrbs magnis vbi curuo in littore fatis
19 230 529 264 Spartano fundata duci ſeſe erigit: illic
3 264 679 297 Gens effrena fero quondam cognata Gelono,
1 298 734 336 Maſſagetæ Turcæq; horrendo Marte fremebant.
1 332 571 365 Impius & Graio perfuſus ſanguine pectus
20 365 627 393 Arcem inſtaurabat dpmita iam victor in vrbe
18 397 591 433 Magmedus, quem ſuceſſu fortuna ſecundo
21 434 588 465 Cœperat ignauo captum corrumpere axu.
1 465 566 498 Hic iuuenem triſti vigo Cocytica vultu,
18 499 638 529 Patris Amurathæ in faciem mutata, labantem
16 532 534 567 Increpat, & ſæuas dictis ita ſuſcitat iras:
19 566 754 600 Ergone quem neque bella valent, neque, nate, laboros,
18 600 655 634 Inuictum ſuperare, quies atque ocia frangentt
19 634 595 667 Non ita te cædes inter pugmaſque cruentas.
20 668 540 701 Erudij attritus galeâ pater: eripe paci
16 701 603 727 Te nate, & bellis immanibusinſere bella.
16 733 622 768 An tibi bellorum precium ſit vile Corinthus?
18 768 712 802 Tnditur Euboico quæq; inclyta marmore Calchis?
17 802 730 837 Scodraq; Dalmaticæ pudor? en procul aſpice in armis
16 835 687 871 .mulus neadum quantutibi ſanguine ſurgat
14 869 528 903 Matthias: huius fatis contraria noſtris
14 902 648 938 Fata vides, ſæuo Iuuenem prius opprime ferro,
13 937 690 971 annoniam patrio quàm firmet robore gentem.
12 970 590 1004 Solus hic infirmo poterit ni ſternis ab æuo
10 1004 535 1034 Eortunæ promiſſa tuæ reſcindere fata
10 1037 556 1070 IIlius auſpiciis fuſum te vidit& armis
8 1069 626 1104 Taurinum; idit cuius ſtat fronte cicatrix.
1 1098 702 1139 ulnus, an hoc vnquam vulnus patieris inultum??
9 1137 722 1172 Quid pater Hunniades, quantis me affecerit olim
12 1172 706 1204 Cladibus, & diræ memorem diſcrimina mortis?
5 1204 629 1246 iripe iam factis lacerum crudelibus hoſtem,,
690 1224 805 1270 eque
