1265 1377
266 10 592 36 CORTESII.
57 55 668 89 Noui ego quos animos ingenti pectore verſes;
56 89 667 122 Turcarum decus; imperij ſpes maxima noſtri,
56 122 569 155 Iceler & ſpoliis redeas ornatus opimis.
53 155 592 189 Extemplo Illyricis ductor ſe Lydius oris
52 189 645 223 Intulit, aut Euro Icariis cum pugnat in vndis
52 223 688 257 Aut Coro ſimilis, magno cum murmure frangit
51 256 685 289 Herculeam Calpen, ſerpentiferumue Athlanta.
51 290 627 324 Non illum aërij montes, non alta retardant
49 322 737 356 Flumina: concedit Macedo, Myſuſque. Triballuſque
49 356 610 388 Impiger, & Turco calcantur milite Carni.
50 390 587 417 Verum vbi collatis acies Coruina furenti
49 423 640 457 Obuia proceſſit ſignis atque agmina contra,
50 456 683 489 Matthas Tyrio emicuit Romanus in oſtro.
47 491 736 525 Tum primum trepidare animi, atq; auertere vultus
47 524 650 558 Ductor Amaonius, cmpitq; indigna ſuorum
1021 525 1057 565 I
48 556 615 590 Fata queri, biſq; infauſtis aſſultibus amens
47 589 621 625 Vix celeri peruectus equo, ſeſe agmine fuſo
45 624 650 658 Proripuit, bis terga fugæ dedit obrutus haſtis.
46 656 570 692 t ſe relliquias inter collegit, & omnes
48 692 643 725 Palantes trepidus toto videt æquore turmas.
44 722 702 757 Multa gemens cœlumq; obteſtans vocibus infit:
42 758 703 792 Quis Deus his, Magmede pater, quæ tanta tuetur
43 791 697 824 Matthiam Superum facies? quid noſtra relinquis
42 824 703 858 Signa? quid in primo mentem certamine turbas ?
1010 852 1045 909 I
42 858 577 890 Non hæc auſpiciis olim ſperare iubebas.
42 892 726 924 Heu heu, quot periere viri, quot clara meorum
18 923 680 956 Lumina ſunt extincta ducuml da dedecus iſtud
40 957 596 990 Vlciſci pater, & dignas me ſumere pœnas.
38 989 578 1022 Hæc fatus, toto vires parat acer ab orbe,
37 1022 614 1056 Et maiore virum vi percitus emicat ardens,
37 1055 560 1089 Ac veluti primi victus certamine curſus
36 1088 574 1124 Acer equus, rurſum curà firmatus herili
39 1121 632 1156 Capit iter mediiſq; effert ſeſe arduus aruis,
38 1154 687 1190 Et palmam & raptos incaſſum expoſcit honores:
38 1189 563 1217 Talis ſe bello Mæandrius intulit heros.
764 1219 822 1251 Quo
537 1225 603 1247 Ee e
