1084 1365
473 38 864 66 T.ALEXANDRI
261 55 306 75 3o
262 79 795 124 Quo veſane ruis faris male fretus auitis?
263 115 865 149 Mtthi ſternente cades, nec mater Amazon,
265 146 898 185 Coruiger aut genitor morientem iuuerit Euan.
264 181 810 216 Interea inagno celſam muniuerat arcem
265 213 856 254 Aggere ILaurinum contra, curuamq; bicornis
265 248 769 282 Iie Saui muris ripam fmauerat altis,
265 281 841 317 Non his audacem paſſus conſiſtere Turcam
261 316 793 347 Finibus; obſeſſs admoto milite turres
263 349 765 385 Vi capis & captas radicibus eruis imis;
264 382 851 414 Nc te, Matthia, belli vis vlla, nec vllus
263 417 861 453 Impetus auertit durâ obſidione prementem
267 450 779 481 Mœnia deiectis donec patefacta ruinis
267 482 760 514 Intraſti curru victor ſublimis ouanti,
268 515 896 550 Et valiam infandis rapuiſti ex hoſtibus arcem,
271 551 866 580 Tum vero obnixis animis Baſterna iuuentus
268 582 891 619 Ante arcem toto concurrunt agmine verſam:
269 615 930 654 Teiq; quaterq; duces ineunt mala prælia Turci
269 651 864 686 Efuſiq; pedem retro impellente dedere
268 680 898 715 Pannone. tum diſiectæ acies, reſoluta phalangi
266 718 764 751 Et triſti compago ruit per vulnera calu
269 751 843 782 Inclinat turbata cohors, vndantiaq; vrget
268 778 948 821 Agmina: permedios volitans Rex Hunnicus hoſtes
268 817 759 854 Agminis ipſe inſtar totius, milia letho
263 850 853 882 Multa dat, & vaſtam diuersâ ſtrage ruinam.
262 880 967 922 Qæ poſtquam extremo proſpexit ab agmine ductot
267 917 788 954 Lydius, & verſis neſcit ſuccurrere rebus,
264 947 860 980 In cuneum coiere duces, nec iam amplius vlla
266 981 890 1018 Cura fugæ eſt, fœdâ ſqualent arua omnia clade.
266 1015 859 1045 Tum demum iubet ira truci decernere ferro,
262 1048 810 1082 Et decus & carâ mortis pro laude cupido.
263 1081 822 1113 Euolat infœlix, cœlum Diuoſq; precatus:
258 1113 893 1151 Bacche pater, mundi quondam regnator Eoi,
260 1147 918 1183 Quiſqus es, & oœli quacunque in parte moraris.
257 1180 871 1212 Etremam, ſi me genuiſti, hancaccipe vocem:
263 1212 918 1247 Non ego iam viterius genitor. non vlla repoſ
930 1245 1082 1290 Eſugia,
