1080 1351
459 20 862 43 T.ALAANDRI
252 24 318 49 sc
278 63 835 97 Sæpe puer caræ nutricis ab vbere pendens,
280 97 845 131 Continuit querulos audito nomine fletus.
281 131 883 164 Quinetiata ſubito partum, clangore tubarum
280 164 865 195 Territa, abortiuum rupt nurus edidit aluo,
280 197 884 229 At non & celeres raptantem in prælia turmas
279 229 826 263 Territa deſeruit carum Regina maritum,
262 263 845 296 Italidum Regina decus, cui luce micantes
283 297 841 332 Sidereâ flagrant oculi, cum dulce decoris
281 330 872 365 Extulit os, formoſa genis, velut æthere puro
284 363 854 399 Roſcida puniceis oriens Aurora quadrigis.
283 396 893 431 Non ſatis eſt caſtæ mores, ſtudiumq; Mineruæ
283 430 871 465 Non ſatis ambroſios Veneri rapuiſſe capillos.
284 464 872 499 Et plenas puero pharetras, & lumina Phœbo,
286 496 848 533 Muſarum fruitur donis, decimumq; ſedile
285 530 858 564 Implet, Amaonios audax æquare labores,
286 565 859 599 Et comes armatos it tecum fida per hoſtes.
289 597 904 633 Qualis per denſas acies Mithridatica coniunx,
287 632 934 667 Magnanimum ſequiturq; virum, tergoq; recepta
285 665 838 700 Acris equi tenditq; arcus & ſpicula vibrat,
286 698 933 733 Atque huc atque illuc circumuolat omnia, ſolum
284 730 825 766 Reſpiciens, ſoloq; oculos in coniuge fixa;
285 764 765 800 Et ſecura ſui caro timet illa marito:
285 797 942 832 Haud aliter generiſq; memor laudumq; priorum.
289 830 885 865 Millibus in mediis ardens pharetrata Beatrix,
286 864 876 899 Robur Aragonium tenero ſub pectore verlat,
284 896 772 934 Ingenteſq; ſubit curas, ingentia facta
285 930 876 965 Fœmina, fœmineis maioraq; viibus audet.
285 963 844 999 Talibus excitus patriis non degener armis
284 995 815 1030 Vndique collecto tota iam milite victor
283 1030 911 1063 Regni mole paras crudelem expellere Turcam,
283 1061 827 1094 Thraciaq; Auſoniis auertere tela volatis.
284 1095 794 1130 At te finitimis bellatrix Auſtria regnis
284 1128 789 1164 Impulit inuitum ſæuis accingier armi
285 1161 796 1190 Atq; alio vires ali conuertere ferrum
287 1193 902 1231 Quid mea plus æquo clamantis vota moruris?
972 1234 1078 1271 Quàm
