1107 1333
498 12 890 39 .ALEXANDRI
289 55 914 88 Nam velut exarſit raptà pro coniuge in iras
289 88 841 123 Taurus, vbi & duris acuit ſua cornua ſaxis,
287 121 959 155 Et pedibus iam ſpargit humum, iamq; ora cruentus
290 155 849 189 Tcrifico terram mugitu & ſidera complet
288 187 821 214 Talis finitimos bellum molitur in hoſtes
286 221 927 256 Matthias. quaq; arma trahit, quaq; agmina ducit
288 255 844 288 Omnia debilitata Iabant. ceu mœnia vaſtis
284 287 876 322 Arietibus concuſſa. quid aut caſtella relicta,
287 321 897 358 Aut deſolatas verſu nunc proſequar vrbes?
285 354 904 391 Quid memorem euerſas acies, pugnataq; bella,
286 387 891 419 ermanoſque bono ſuperatos milite montes?
285 420 823 451 Nec non Danubij victricia ſigna ferentis
281 451 949 483 Mille altum ingentem contectam nauibus alueuml
282 485 897 521 Aut quid marmoreæ dicam expugnata Viennæ
281 517 906 552 Mœnia, & opreſſas tantis conatibus arces?
274 552 946 588 Et longa inſignem partum obſidione triumphum?
279 589 918 620 Atque nouam nuper tam magni nominis vrbem
282 619 825 646 Ardua diſiectis curuantem brachia muris
280 653 831 687 Adiiciam ?iam nunc ſpoliis veſtire decoris
280 686 887 719 Et poſtes & templa iuuat; iuuat humida ferre
279 721 824 755 Serta coronatis victrici fronde capillis.
279 752 889 787 Vrbs equidem vigili nunc primum libera cura
279 786 833 821 Soluitur, & feſtis ornat delubra corymbis,
275 817 859 850 Ipſaque lethiferi nutrix Germania belli
275 852 773 888 Palladiæ crines ramis præcingit oliuæ.
273 886 843 920 Incedunt patrio Princeps de more Senatus,
274 919 786 952 Et plebs & niueâ velatus veſte ſacerdos
273 952 841 989 Exemploque tuo ſoluunt pia vota per aras,
271 984 862 1022 Et ſacra vnigenæ peragunt ſolennia Chriſto.
273 1018 866 1056 Per fora, perque vias paſſim diffuſa iuuentus
272 1052 923 1089 Ingreditur, ceſſantq; operum artificumq; labores.
269 1084 882 1121 Ipſe triumphales inter victa agmina, pompas
265 1117 838 1154 Lætus agens, curruq; rotis inuectus ahenis,
266 1149 905 1187 Quadi iiugo procedis ouans, plauſuſq; frementes
265 1183 775 1215 Excipis ingenti cum te clamore ſalutat
963 1229 1104 1271 Miles
