1168 1318
305 12 583 39 CORTESII.
44 53 661 92 Miles, & armiſonis complentur vocibus aure.
44 91 591 124 Iam videor rutilas auro ſpectare curules
44 124 655 158 Et ieg le auro ſolium argentoque ſuperbum
69 158 622 191 In medio populis te dantem iura ſubactis.
69 191 676 225 Quanta quies animo: diris circundatus armis,
67 224 691 257 Pacem fronte geris, quàm formidabile nomen
69 258 629 290 Hoſtis eras, tam dulcis ades præſentia cari
44 291 633 324 Principis, in te omnes, in te mirantia figunt
68 325 630 353 Lumina, & oblitis immoti ſenſibus hærent.
68 359 656 391 Pœnitet exacti per tanta pericula Martis
43 390 672 424 Conclamant: validis cui propugnacula muris
72 424 623 457 Clauſimus, & duras ærato cardine portas?
68 457 723 491 In quem tam multos bellum produximus annos
69 491 671 524 O vtinam vallotrepidam cum cingeret vrbem
69 524 608 558 Nota ducis pietas, placidi ſpectata fuiſſet
68 557 624 584 Maieſtas vultus, vltro in ſua caſtra ruentes
67 589 595 624 Iſſemus, tantis ſummiſſi colla trophæis.
67 624 608 658 Hæc vbi dicta; citos Virtus auriga iugales
67 657 591 684 Ducit lora ferens, & læto candida vultu
67 689 744 724 Pone ſequens Fortuna Deam comitatur ouantem:
67 724 682 759 Vnà eodem fas atque pium vectantur in axe
43 759 704 792 Atque Honor, & niueis volitans Victoria pennis
67 791 695 826 At chorus Aonidum cytharâ modulatus ebum
64 825 659 853 Mille modos, totum vertuntà fontibus imis
66 858 634 888 In laudes Helicona tuas, & flumina Dirces.
67 889 680 924 Ipſe egomet, vario laudum diſtractus honore
67 924 652 958 Obruor, & captæ blandâ dulcedine mentis
67 957 655 992 Confuſus ſtupeo, nec ſum, mihi crede, furori
63 991 600 1023 Læticiæque ſatis: cunctos æquare poëtas
63 1023 649 1057 Ardeo & Auſoniis ſuperare .ntida plectris.
43 1053 693 1090 Pars quota, ſed rerum, Matthia, eſt illa tuarum
63 1089 708 1123 Nam ſuperant cœptis maiora audacibus, & quæ
63 1124 678 1157 Nunc facis, & quæ venturos moliris in annos.
60 1157 654 1191 Ac veluti ſi quis ſtudeat cohibere tumentem
61 1189 749 1225 Eridanum, aut ſeptem geminus cum creuerit Iler,
742 1219 836 1246 Noctes
