1080 1348
439 25 878 50 T.ALEXANDRI
254 68 893 101 Heſperiam mirare fidem, atque imgentia Regum
255 101 877 134 Nomina Gallorum, & raptos orientis honores
255 134 862 166 Non Atilæ fortuna prior, non Gothica laurus
255 168 865 202 Germanumq; decus, nec victo maior Horonte
254 202 819 234 Matthiâ Saladinia erat, nec Græcia Reges,
255 232 922 267 Nec Babylon quos alta tulit, quoſq; horrida laudat
255 267 835 300 Africa, quos tepidi mirantur flumina Nili.
256 301 887 334 Quæ regio laudum, Matthia, ignara tuarum?
255 333 883 368 Qui locus eſt vſquam? Tanais te ſentit & Arctos,
256 367 839 401 Te Gades, Scotuſq; ſonant, te cœlifer Atlas
254 401 771 434 Eouſque tuo turbatur nomine Ganges.
254 433 891 467 Quin proſtrata ducum concedant facta priorum;
252 465 784 498 Imperio quemcunq; ſuo Byzantia tellus,
251 498 819 526 Aut Romana dedit, fretus victricibus armis
250 531 905 564 Tranſierit licet Euphratem & ſuperauerit Indum.
251 565 780 600 Nec vero gides tantis ſeſe extulit actis
251 599 877 632 Centaureos ferro Lapythos, & Creſſia quamuis
251 632 893 666 Mactarit monſtra, & Stygium eoncuſſerit orbem,
252 665 933 700 Nec Libycam ſecuit qui Gorgona, quiq; Chimæram
248 700 855 733 Igniuomo rapidas efflantem gutture flammas;
250 733 855 766 Nec qui Colchiacum nudauit vellere Phaſim,
247 766 845 798 Auſus inaſſuetâ primum freta ſcindere puppe.
248 799 825 832 Præferri iam nemo poteſt tibi iure; ſuperbis
249 833 802 865 Semideos armis æquas, & ſolus in omnes
245 865 811 899 Heroas iam ſtare potes; lux temporis huius
243 899 773 932 Militiæq; parens, & belli gloria magnis
242 933 830 958 Laudibus obſcuras veterum miracula rerum.
242 965 879 999 Salue Martis honos, Martis genus, optima bello
241 999 819 1028 Dextera, Romanis maioribus æmula virtus,
243 1031 771 1066 O fœlix nimium ſoboles, fœlicia quæ te
240 1066 869 1099 Tempora, quæ talem tantum tulit inclita telluss
239 1099 892 1131 Non magis aut Phœbo Delos, aut Creta Tonante
238 1132 875 1165 Aut gemino pugnax Lacedæmon gaudeat aſtro.
238 1161 826 1198 Infreta prorumpens ſeptena per oſtia magno
241 1195 793 1228 Gurgite tum luctus Iſter turbabit amaros;
942 1237 1019 1264 Dum
