1156 1351
416 21 940 53 i IO. FRANCISCICCOSTI.
301 100 1089 135 C.FRANCISCICOSTÆ
308 221 839 255 Quem non ſoliicitat Venus, Mauorsque,
311 253 721 289 Cui ſi eſt anxia cura literarum,
310 288 675 312 Commiſcere iuuat ſeueriori
308 321 805 353 Interdum ſtudio lyram, & Camænas;
308 353 780 387 Quem ſpreta vrbe nimis negotiosâ,
311 387 725 419 Nunc per florida prata diuagari,
311 421 821 453 Nunc montes ſuperare, nunc cquoſa
308 454 725 485 Delectat peragrare, nunc in imis
310 485 708 517 Telluris penetralibus ſupremæ
312 519 747 554 Naturæ intima dona quæritare;
311 552 758 577 Nunc vel fallere.aues libet doloſo
310 585 762 620 Viſco, vel laqueis feras, vel hamos,
313 619 712 654 Naſſas, retia, piſcibus parare.
312 654 763 689 Hæc ſi contigerint cuiquam; & ille
311 689 751 720 Sit vitæ integer, & Dei memor ſit,
310 721 738 755 Illi eſt parta quies, beatus ille eſt.
423 801 969 848 OANNI.-
600 884 760 920 Ad Lyrorim.
296 919 833 981 M O, quod fateor, meam Lycorim,
361 955 807 992 Vt pulcras iuuenes amant puellas.
309 990 755 1024 Amat me mea, quod reor, Lycoris:
310 1023 735 1056 Vt bonæ iuuenes amant puellæ.
309 1054 779 1087 Huic ego, vt ſemel hanc videre viſus
311 1088 693 1120 Seſe oſtendere fixiore ocello,
310 1121 798 1154 Quando inquam mea lux meidaboris
310 1154 764 1190 Das mi præmiolum? meique cordis
310 1187 701 1223 Tot incendia mitigas Lycori?
993 1227 1098 1257 ic
