1209 1381
243 3 616 32 IOANNIS COTTÆ.
41 44 450 78 Hic illa erubuit, ſimulque riſit;
39 78 471 111 Ridebat fimul, & ſimul pudebat:
42 113 512 146 Dumque molliculos colens amores
45 145 485 178 Colit virgineum ſimul pudorem,
42 179 508 213 Quid negem tibi dixit? & capillum,
43 213 521 246 Qu pendens leuibus vibratur auris,
42 246 488 282 Et formoſa vagus per ora ludit,
43 278 648 313 Hunc ſecans trepida, implicansq; in auro,
43 314 515 347 Hæc fila aurea, & aureum capillm
47 346 521 380 Pignus, inquit. habe meique amoris,
43 381 464 414 Meique ipſius: hoc tuum puellæ
42 414 418 446 Tuæ pignore lenias calorem.
41 446 473 480 Eheu quid facis? hei mihi Lycori
34 480 514 514 Hæc ſunt flammea texta, non capilli:
42 514 477 547 Sunt hæc ignea vincla, ni relaxes,
40 548 474 582 Qui tanto valeam valere ab æſtu,
39 582 500 614 An ne ignem iuuat ignibus perire?
40 614 498 640 Comæ flammeolæ ſubite flammas:
40 648 447 682 Crines igneoli venite in ignes:
40 682 482 714 Sat me flammea vincla nexuiſtis:
38 713 557 743 Nunc vos ſoluimini, & ſubite flammas.
37 747 380 782 Vſſiſtis nimis ignei capilli:
39 783 517 816 Nunc vos vrimini, & valete in ignes.
39 816 450 850 Hos meos age lætus ignis ignes
39 850 600 882 Perge extinguere, tuque flamma flammam
38 883 478 916 Exedas, mea corda quæ exedebat.
39 915 384 948 At tu, ſic reliqui tui capilli
39 950 464 983 Vernent perpetuum tibi Lycori:
40 981 490 1017 Quod tuos ferus vſſerim capillos,
38 1015 500 1050 Paice:nam volo amare, non peruri.
207 1051 364 1081 Ad Lycorim.
40 1081 564 1116 O factum lacrymabile, atque acerbum
39 1115 477 1150 Nunc certe lacrymaberis Lycor;
36 1149 512 1182 Digna res lacrymis, tuoque luctu.
35 1182 507 1215 Naque lumina noſtra, lumina illa,
776 1212 851 1239 Illa
