1238 1368
369 18 570 42 C OTT.
54 63 534 106 Naugeri optime, tuque amice Turri,
67 96 486 131 Vere candidi, & optimi ſodales,
66 129 590 172 Quys nunquam ſat amauerim, licet vos
65 160 734 207 Quam fratres mage, quamque me ipſum amarim:
63 196 523 240 Qubus perpetuum trui per æuum,
66 230 507 264 Vota ſi mea Dii audiant benigni,
65 264 554 301 Sit Vna ampla animi mei voluptas.
64 295 585 341 Quod quanto cumulatius futurum eſt.
63 333 376 366 Vna ſi liceat mihi beatis
65 363 458 402 Veſtri colloquiis adeſſe Bembi.
58 399 503 437 Verùm dura neceſſitas repugnat.
68 434 454 471 Inuitumque alias adire terras
68 465 502 506 Cogit, atque alios parare amicos.
66 496 555 538 Vos ergo, memores meo eſſe veſtri
66 531 666 569 Fixam in pectore imaginem, bonamque
66 565 537 604 Vobis partem animæ meæ relinqui
53 599 446 635 Iam valete boni mei ſodales.
194 634 458 669 Ad Gueuaras fratres.
54 668 466 704 Ridete lepidi mei Gueuaræ,
68 701 489 736 Et veſtri facinus robate Cottæ,
68 732 465 771 Dum ſuæ Anyſius mihi puellæ
68 765 533 804 Partem pernegat, hunoego a puellâ
71 801 556 836 Huc in exilium ad Caloris amnem
71 831 521 867 Traxi blanditiis, bonisque verbis;
72 868 532 908 Quaſi ad delicias novas vocarem
71 898 602 934 Hic hunc molliculum, atque delicatum
72 932 509 971 Probe teſtibus, arbitrisque vobis
74 966 454 1006 Apici volo macerare in æſtu,
71 999 483 1036 Vſto vt ore, peraridoque vultu
71 1032 512 1068 Reuerſum tenera horreat puella.
74 1067 479 1102 Sic euenit Anyſio, quod aiunt,
71 1100 517 1140 Tota perdere tota qui requirunt.
262 1135 434 1167 Ad Anyſium.
67 1165 535 1202 Ambo dulcia,ne verere, & iidem
71 1198 537 1238 alſa ſcribimus ambo docte Ans
805 1210 929 1244 Sci
