1141 1353
555 36 848 63 I OANNIS
315 76 813 114 Scis quæ?vti ſumus vno amore iuncti,
314 113 725 138 Vno carmina ſcribimus libello
315 146 889 180 Scis ceruum quoq;, quem ſbi educarunt
316 181 726 212 Suum vt Siluia delicata vigo,
315 213 693 240 Noſtri filiolæ boni Gueuaræ:
314 247 723 278 Ille tam cupide illa deuorauit,
314 279 741 309 Vt omni ſale ſalſiora, & omni
314 311 712 347 Poſſes noſcere dulciora melle.
316 346 770 379 O teſtem lepidum, bonique Anyſi
313 381 749 412 Raram carminis approbationem.
539 415 790 442 Ad Cborem fiim.
314 445 820 478 Ocelle fluminum Calor, Calor pulcer,
313 478 916 510 Calor bonarum cura, amorque Nympharum,
314 511 870 544 Quem cærulum fouens caput ſinu blando
311 544 821 578 Montella ſecum amore vincit æterno,
310 578 887 613 Dic mihi amnis conſcie, an ne nunc forte
310 611 917 645 Pulcra illa, ſimplexque adeo, & omnibus felix
312 647 772 680 Soluta curis mea Rubella per ripas
311 679 730 705 Tuas oberrat? & vel ex odoratis
308 713 789 745 Pingit corollas flotibus, vel in densâ
308 745 736 778 Siluâ ſibi ſuaui ſopore blanditur?
307 778 866 815 Anne potius cum æqualium choro ludit,
307 813 847 848 Qua primum oriris iple, quaque miſcetur
307 846 731 878 Nitens nitenti Balnius Politinæ,
306 879 816 914 Tuosque læti confluunt in amplexus?
302 913 922 947 Argenteumque pedem, atque nuda formoſos
301 946 848 978 Artus per vndam, & aureum lauit crinem?
305 979 879 1016 Sic eſt: ibi illa membra eburnea, atque ipſas
301 1012 742 1047 Papillulas beatâ frigeras lymphâ:
301 1045 793 1080 Atque inde flammeo calore concepto
301 1076 883 1110 Hucuſque flammas in mea oſſa tranſmittis:
280 1111 887 1148 Dum te ſubinde candidæ memor Nymphæ,.
301 1142 787 1174 Quà iam recepta Samnii tumes vndâ,
297 1175 822 1213 Samni & vetuſtas limpidus rigas vrbes,
293 1208 699 1247 Eul, miſer, ſuſpitioſus, inuiſo.
994 1255 1083 1283 ttu.
