1226 1340
365 57 592 81 C OTT
79 99 578 133 At tu Calor, ſic olim amœnus auratis
80 133 621 166 Dicare cornibus, arduus que Vulturno-
73 167 602 199 Ferare victo, illique iam auferas nonren:
75 200 610 232 Fontem ad tuum recurre, dic mea luee
75 232 509 265 Meo te ab igne poſſe ſæpe ſiccari,
77 266 549 292 Meo niſi de fletu identidem creſas.
71 301 568 334 Dic, me amplius nequire tanta celare.
77 334 591 367 Nequire ferre vulnera, ac mori ſemper.
75 366 685 399 Tum, ſi ipſa prorſus haud ſit immemor noſtri
70 399 535 435 Si ſors amara illamea, & fides grata,
70 433 605 469 Dic, me libenter ferre quiequid eſt dur.
211 469 436 491 De victorii Liuiani
72 500 546 536 O quæ alma grato carmine fortium
68 534 486 565 Mori, Fhalia, facta vetas virûm,
105 568 452 600 Nunc & per ora Liuianum:
171 603 635 639 Omnium, &omne feras per æuum:
69 633 505 669 Dic, vt ſuperbæcontuderit minas
69 669 526 702 Germaniæ, atque à Cæſare barbaro
99 701 489 736 Feſſæ tot annos imminentem
166 737 503 764 Auloniæ arcuerit ruinam.
66 769 648 802 Nam quis malorum eheu veterum memor
67 803 550 838 Non expauebat? cum populos truces
99 838 481 871 In nos remotis vſque ab oris,
167 870 560 909 Quà glacie riget Amphitrite,
62 902 527 939 Audiret armari:aſperaque Alpium
63 937 537 974 Iam vincere altis cum niuibus iuga
94 971 440 1007 Feris inacceſſ atque fines
152 1005 589 1039 Vndique iam populare noſtros
1 1038 454 1073 At Liuiaus intrepidis doccus
55 1070 445 1105 Audere rebus, qua violentior
93 1103 465 1138 Vis hoſtium ingruit, citatis
162 1137 546 1173 Obuius agminibus cucurrit.
55 1170 524 1206 Ductore tandem hoc ſcilicet, Italas
58 1204 470 1239 Videre montes inſoliti manûs,
44 1237 585 1276 Tormentaque arque oquos, & arma
728 1277 864 1313 Apæ-
