1216 1396
334 28 565 53 C OTT..
107 68 490 97 Nontu Senatorem ferendis
139 101 461 127 Conſiliis animoſiorem.
68 135 575 168 Vos nuper hoſtium vnanimes feram
60 169 561 202 Fregiſtis audaciam, ac pauidos patres
93 202 457 231 Firmaſtis, ac ſuam attuliſtis
130 236 559 269 Semianimis populis quietemn.
61 268 507 302 Vos iam timebit barbarus, ac ſuis
62 302 486 336 Pedem cauebit tollere fini bus,
93 335 535 369 Ni læua mens eſt, Diique noſtsos
126 370 555 404 Accumulare volunt triumphos.
239 405 399 437 Ad Lycorim.
60 436 732 469 Ne tua, ne mea, mi cane carmina, cara Lycori,
94 469 679 495 Mi vox iſta auida haurit ab aure anima m.
15 502 634 536 Et vela faciem: meme liquat ipſa videndo;
95 536 578 562 Et trahit intentis ex oculis animam.
57 568 739 603 Et mihi conde ſinum: iſtis dum paro preſſa papills
94 602 651 634 Baſia; mi rapiunt ore ab anhelo animam.
57 636 748 670 Nec mi oſtende manum: illa mihi potis eſt aperire
93 670 663 696 Pectus, & e medio euellere corde animam.
56 703 818 737 Et mi oſtende aliquid: moribundo abit ægra mihi mens.
92 737 602 763 Nil video, cum te lux mea non video.
56 769 797 805 Quid tamen optarim oſtendi mihi? quid tibi in iſto eſt
94 804 608 837 Corpore, quo viſo non ſuhito peream?
58 837 732 869 Tolle, precor, tunicam tantillum, & paſcere ocellos
90 871 611 905 In pede languentes me ſine candidulo
59 903 749 937 Sed quid ego optaui mihi? paulo ante iſte tuus pes
91 937 626 962 Me inceſſu tenero dimidm abſtulerat.
56 969 590 1004 Qud ſi tunc imis e veſtibus exeruiſſes,
95 1004 670 1036 Vnum vel minimum forte aliqua digitum,
57 1036 687 1070 Liquere me cupide vidiſſes, me ſimul omnem
93 1070 544 1102 Affuſum dulci dulce mori digito.
57 1103 803 1136 Verm age iam cane. lux mea, iam mihi, lux mea, totam
93 1136 625 1170 Te retege, atque omnes mi face delicias.
56 1169 706 1196 Nam ſi mors obeunda, inhians in te mea malim
82 1203 627 1240 Vita mori, quod vita eſt mihi amabilius,
758 1231 841 1268 Qm
500 1235 588 1265 Fffs
