1144 1344
547 22 793 55 OANNIS
288 69 804 108 Quam triſtis deſiderio tabeſcere amati
322 104 923 143 Corporis; vnde miſer ſim, & decuplo peream.
522 153 705 184 ALcorim.
283 183 937 224 Siue aliquid, ſeu forte nihil mea lumina cernut,
325 216 797 257 Dixi ea te ſemper; Vita. referre mihi.
290 252 868 292 Stulta ego ſim dixti, ſi redam talia; amantes
325 285 783 320 Talia fallaces fingere multa ſolent.
284 315 903 361 Ergo nom credis mihilnon mihi credis amati?
318 352 811 385 At formoſa oculis crede, Lycori, tuis.
284 385 831 427 Tu propius noſtris tua firmes orlbus ora,
327 417 836 458 Inque meis figas lumina luminibus.
294 448 884 492 Diſpeream, nisi, t in ſpeculo te te ipſa tueris,
330 483 781 518 Sic oculi referent tetibi, Vita, mei.
285 512 923 562 Qud ſi ita ſit, meritis tum tu des oſcula ocellis:
327 549 814 593 Ipſe vbi mi libeat, dem tibi baſiolum.
499 599 711 634 Epitaphium Canis.
298 628 982 672 Capario ego ſum, quem viuum maxime amait
329 663 873 705 Liuiades, tumulum poſt dedit & titulum.
294 696 868 735 Plura cani ingenuæ deſe ſibi non licet: at ml
304 732 810 766 Nunc audita meo accipe de domino.
294 760 970 801 Latrantem me forte phalanx Germana per vmbra
331 798 834 832 Vt vidit, de more affore herum timuit,
286 833 841 871 Et fugit trepida at ridens aitvna Dearum,
328 863 968 905 Quæ ante Iouis ſolium ferrea penſa trahunt,
296 897 945 935 Ne trepidate:ſemel ſatis eſt timuiſſe, neque illum
329 931 877 972 Quem fugitis prius huc fata enire ſinent.
285 964 915 1007 Quàm Gallos male ſœdiſragos demiſerit Orco,
331 1000 787 1037 Et quiſquis vexat barbarus Italiam.
286 1024 1106 1071 Quiſquis ades,domino hac reſeras precor, hæc quoque
392 1078 466 1102 pauca
327 1098 922 1136 Addito, amat te etiam trans Stga Caparion.
842 1160 1070 1197 PETRI
