1205 1345
294 22 541 49 CRINITI.
761 22 820 45 a5
150 65 515 96 Cinxit; dum ſibi non putat
32 96 529 133 Parcendum, vt Latio præſidium ferat.
153 127 687 169 Heu heu quam volucri decipimur bono:
152 161 671 200 Incaſſumque pii; vt qui nimio ambitu
153 200 493 228 Surdos diſtrahimus Deos.
37 231 495 266 At tu mœſta nouis, patria, lacrymis
152 263 687 301 Indulge: nec euim cernere adhuc poten,
153 295 682 337 Quantum mox miſeris ciuibus imminet
150 333 458 367 Fatorum gravis exitus.
37 364 592 402 Disjecta horriſono marmora fulmine
153 397 651 434 Templorum, & nimium dira tonitrus
155 429 623 462 Non fruſtra exitium terrificis minis
155 466 487 500 Portendunt patriis Deis.
41 499 495 532 O fallax vtinam mentiar augur, &
158 528 693 567 Non vero auſpicium carmine proferam.
159 564 610 597 Tu, Pice, interea deſine conqueri;
159 600 464 636 Et parce imperio Iouis.
44 634 522 673 Qud ſi non alius mox aderit Deus,
159 665 631 700 Extinctum Italiæ qui reparet decus;
158 699 634 733 Et Phœbum cupiat ſedibus Aonum
160 734 524 764 Transferre in Latios lares:
42 769 492 802 Conſiſte in veteri præſidio tamen
156 796 665 835 Virtutum; & quod habes auſpiciis tuis
154 830 651 870 Iam partum, in tacito contineas ſinu;
157 868 418 896 Felix ſorte tuâ ſatis.
46 898 576 936 Nam mitto tot opes ingenii & ſacrum
158 928 643 969 Fœcundi genium pectoris; & ſimul
155 964 632 996 Præclaris animum dotibus arduum,
153 998 546 1039 Quo certum ſtatues gradum.
44 1029 597 1066 Sed me ſub tenerum tempus adhuc, velut
166 1062 638 1103 Surgentem viridi robore palmitem,
168 1097 558 1131 Cæli ſæuities inuida perculit,
167 1131 555 1169 Deiecitque bonam indolem.
48 1167 490 1204 Sic decuſſa iacent brachia viribus
162 1195 613 1237 Aliſis; neque poſthac animo pa
719 1221 856 1252 Audebo
457 1231 550 1261 Ft5
