1104 1360
553 1 726 36 ETR
348 44 881 80 Audebo ingenium tollere; nec licet
345 80 688 114 Sperare vlterius mihi.
418 110 756 146 d Auitum, de vit quieta.
276 145 687 182 Auite, ſi beatus eſſe contendis,
277 180 699 213 Supraq; cunctos otio frui certo:
277 212 776 248 Nihil timebis vltimam diem fati;
270 245 777 280 Animoq; forti lubricam feras ſortem:
278 278 861 314 Vites potentum purpuras. velut peſtem:
274 314 759 348 Colasq; ſemper liberum genus vitæ,
279 346 787 380 In quo voluptas adſit, & quies mollis;
271 381 720 412 Blandi lepores, & ſodalitas grata;
266 410 799 444 Delecti amici, candidi, & fides implex.
280 443 751 470 Vita eſt habenda non ſolutior luxu;
281 476 785 511 Non ſegnis, aut vexata pluribus curis:
279 509 784 545 Sed in vigenti corpore vigeant ſenſus.
281 543 810 579 Iſte eſt beatus, qui omnibus vacat curis;
275 578 774 611 Nec alteri, nec ſibi negotium præbet
414 612 849 646 De ſua quiete poſt multas calamitates.
273 646 747 681 Si quis in tantis hominum procellis
351 680 723 712 Inter & curas, variosq; caſus
352 713 744 738 Gaudet aſſertor fidei decoram
351 748 578 780 Carpere vitam:
277 780 805 815 Huius exemplum ſequar expeditus;
352 815 725 846 Et meos vitæ melioris annos
350 846 792 880 Liber ad certam referam quietem
351 880 556 905 Cultor honeſti.
276 912 787 947 Cautius poſtha mea cymba cutſum,
350 946 789 980 Acta per Syrteis ſcopulosq; duros
346 979 818 1011 Soluet, & nullos temere inſequetur
349 1013 550 1046 quoris æſtus.
281 1044 699 1078 Profuit ſæuæ rabiem Charybdis
349 1079 743 1112 Atque veſanos adijſſe suctus;
349 1112 791 1145 Gratior tamdem foret vt voluptas
349 1145 569 1175 Viſere portum.
283 1176 714 1214 Integram feſſi melius quietem
1005 1220 1062 1242 Sen-
