1216 1369
286 24 534 51 CRINITI
760 24 804 48 29
80 71 451 107 Sancteq, colere maximum
99 109 289 139 Padi numen.
37 135 615 168 Etidane ſalue fluminum omnium princeps:
102 167 618 201 Nam te, decoris & fluentibus Nymphis
105 205 602 240 Velut parentem, cæteri colunt amnes.
105 238 575 273 En cape dicatas rite victimas; vates
105 268 598 309 Quas pro recepta tibi ſalute perſoluit.
37 303 520 336 Tu me cadentem mollibus tuis vlnis
105 332 653 374 Excepſti, & altis ſubleuas aquis merſum:
106 368 638 406 Madidaq; veſte preſſum in herbidis ripis
108 404 593 441 Ac præuirenti reddis in ſolo tutum.
40 435 630 470 Salue bicornis, alme Eridane, quem Phœbus
111 470 569 506 Sub luce clarâ genuit inclitis vndis.
111 503 623 538 Tu cernis alto vertice Heſperi ſedem,
111 539 605 574 Solusq; luſtras ditiauſonum regna
112 573 619 601 Tot nobiles vrbes, tot arduos montes:
113 602 654 640 Et tot perennes amnium ſimul Nymphat
112 639 614 674 Decore grato & commodis tuis ornas.
41 670 592 714 Quid hic virentia nemora, & vagos ſaltus,
113 703 651 741 Fontesq; dicam; & prataflorea, & colles
113 737 665 777 Qui prominentes accolunt tuum numen?
116 772 623 808 O quot perenni ſemine generas natos,
118 805 639 842 Qui te parente nobiles magis, ſurgunt;
118 839 616 875 Proculq; varias Italûm vident gentes?
20 873 631 912 Quantum renidet luſitans pecus lætum,
119 904 654 941 Cum paſſim amœnis peruagatur in ripis,
120 941 555 975 Vt veſperi laborisptimi munus.
119 968 662 1007 Diſtenta portet vbera ad pium quæſtum?
121 1006 549 1043 Argenteo piſces colore fulgentes
122 1034 628 1068 Per blandientis flumiis natant vndas.
49 1070 571 1110 lie gregatim congruunt Scari molles,
126 1104 678 1144 Qui præpotentum dapiles ſtruunt cœnas
125 1135 606 1176 Et ponderoſi confluunt aquis Mulli:
128 1169 605 1209 Lupusq; ſaltim ludit, & celer Mugil.
129 1203 659 1247 Quid hic minore piſcium greges dicam,
