1213 1366
333 21 564 46 COT Æ..
107 61 489 89 Nontu Senatorem ferendis
140 94 460 120 Conſiliis animoſiorcm.
64 128 574 161 Vos nuper hoſtium vnanimes feram
57 162 560 195 Fregiſtis audaciam, ac pauidos patres
92 195 456 224 Firmaſtis, ac ſuam attuliſtis
130 229 558 262 Semianimis populis quietem.
60 261 507 289 Vos iam timebit barbarus, ac ſuis
61 295 485 329 Pedem cauebit tollere fini bus,
94 329 534 362 Ni læua mens eſt, Diique noſtos
126 363 569 398 Accumulare volunt triumphos.
240 398 400 429 Ad Lycorim.
62 429 732 462 Ne tua, ne mea, mi cane carmina, cara Lycori,
95 462 694 488 Mi vox iſta auida haurit ab aure anima m
62 495 635 529 Et vela faciem: meme liquat ipſa videndo;
96 529 580 555 Et trahit intentis ex oculis animam.
60 560 741 595 Et mihi conde ſinum: iſtis dum paro preſſa papillis
95 595 654 628 Baſia; mi rapiunt ore ab anhelo animam.
60 628 750 661 Nec mi oſtende manum: illa mihi potis eſt aperire
94 663 667 691 Pectus, & è medio euellere corde animam.
60 694 821 730 Et mi oſtende aliquid: moribundo abit ægra mihi mens.
93 730 605 755 Nil video, cum te lux mea non video.
59 760 799 797 Quid tamen optarim oſtendi mihi? quid tibi in iſto eſt
96 795 624 828 Corpore, quo viſo non ſubito peream?
61 829 734 863 Tolle, precortunicam tantillum, & paſcere ocellos
93 863 613 897 In pede languentes me ſine candidulo.
62 896 751 929 Sed quid ego optaui mihi? paulo ante iſte tuus pes
94 929 628 954 Me inceſſu tenero dimidum abſtulerat.
59 962 591 997 Qud ſi tunc imis e veſtibus exeruiſſes,
98 995 672 1025 Vnum vel minimum forte aliquà digitum,
60 1027 690 1062 Liquere me cupidè vidiſſes, me ſimul omnem
96 1061 546 1092 Affuſum dulci dulce mori digito.
60 1091 804 1127 Verum age iam cane, lux mea, iam mihi, lux mea, totam
96 1125 628 1162 Te retege, atque omnes mi face delicias.
60 1156 709 1187 Nam ſi mors obeunda, inhians in te mea malim
83 1190 630 1233 Vita mori, quod vita eſt mihi amabilius,
761 1217 843 1253 Qum
