1109 1336
522 4 759 37 IOANNIS
260 20 305 40 S2
261 52 778 88 Quam triſtis desiderio tabeſcere amati
295 88 897 122 Corporis; vnde miſer ſim, & decuplo peream.
523 135 677 166 ALycorim.
256 166 909 202 Siue aliquid, ſeu forte nihil mea lumina cernudt,
296 201 768 235 Dixi ea te ſemper; ita. referre mihi.
260 234 839 268 Stulta ego ſim dixti, ſi eredam talia; amantes
295 268 752 300 Talia fallaces fingere multa ſolent.
252 302 872 337 Ergo non credis mihi? non mihi credis amanti?
286 335 779 368 At ſormoſa oculis crede, Lycori, tuis.
252 369 848 403 Tu propius noſtris tua firmes orlbus ora,
294 402 804 436 Inque meis figas lumina luminibus.
260 434 854 469 Diſpeream, niſi, rt in ſpeculo te te ipſa tueris,
296 467 748 502 Sic oculi referent te tibi, Vita, mei.
250 500 890 538 Qud ſi ita ſit, meritis tum tu des oſcula ocellis:
291 534 779 570 Ipſe vbi mi libeat, dem tibi baſiolum.
462 582 674 615 Epitaphium Canis.
260 614 945 649 Caparior ego ſum, quem viuum maxime amait
291 649 834 680 Liuiades, tumulum poſt dedit & titulum.
255 683 829 715 Plura cani ingenuæ deſe ſibi non licet:at mi
263 716 769 749 Nunc audita meo accipe de domino.
253 748 930 787 Latrantem me forte phalanx Germana per vmbrat
289 782 791 810 Vt vidit, de more affore herum timuit.
243 816 798 849 Et fugit ttepida at ridens aitmna Dearum,
284 848 875 885 Quæ ante Iouis ſolium ferrea penſa trahunt,
251 881 901 917 Ne trepidate:ſemel ſatis eſt timuiſſe, neque illum
284 916 831 951 Quem fugitis, prius huc fata genire ſinent,
238 949 869 982 Ouàm Gallos male ſœdefragos demiſerit Orco,
284 983 739 1015 Et quiſquis vexat barbarus Italiam.
239 1014 1032 1064 Quiſquis ades, domino hæc reſeras precor. hæcquoque
344 1057 418 1080 pauca
266 1080 873 1117 Addito, amat te etiam trans Stga Caparion.
756 1145 1018 1186 PETRI
