1220 1403
294 44 540 70 CRINITI.
151 86 516 118 Cinxit; dum ſibi non putat
36 118 528 154 Parcendum, vt Latio præſidium ferat.
154 149 687 188 Heu heu quam volucri decipimur bonol
153 183 670 220 Incaſlumque pii; vt qui nimio ambitu
153 221 493 248 Surdos diſtrahimus Deos.
40 253 495 287 At tu mœſta nouis, patria, lacrymis
152 286 686 321 Indulge: nec enim cernere adhuc potes.
153 317 681 357 Quantum mox miſeris ciuibus imminet
150 354 456 387 Fatorum gravis exitus.
40 386 590 421 Disjecta horriſono marmora fulmine
152 419 649 455 Templorum, & nimium dira tonitru
154 452 621 481 Non fruſtra exitium terrificis minis
153 488 485 521 Portendunt patriis Deis.
42 521 493 551 O fallax vtinam mentiar augur, &
156 550 691 585 Non vero auſpicium carmine proferam.
157 585 608 619 Tu, Pice, interea deſine conqueri;
157 620 463 656 Et parce imperio Iouis.
43 652 521 693 Qud ſi non alius mox aderit Deus,
157 684 630 719 Extinctum Italiæ qui reparet decus;
155 719 632 752 Et Phœbum cupiat ſedibus Aonum
158 753 523 784 Trans ferre in Latios lares:
39 788 490 821 Conſiſte in veteri præſidio tamen
154 817 662 855 Virtutum; & quod habes auſpiciis tuis
151 852 647 889 Iam partum, in tacito contineas ſinu;
154 888 414 915 Felix ſorte tu ſatis.
40 920 572 956 Nam mitto tot opes ingenii & ſacrum
156 951 638 989 Fœcundi genium pectoris; & ſimul
152 985 627 1016 Præclaris animum dotibus arduum,
151 1018 542 1058 Quo certum ſtatues gradum.
36 1049 593 1086 Sed me ſub tenerum tempus adhuc, velut
163 1082 633 1123 Surgentem viridirobore palmitem,
165 1117 553 1151 Cæli ſæuities inuida perculit,
163 1151 550 1189 Deiecitque bonam indolem.
41 1187 485 1223 Sic decuſſa iacent brachia viribus
157 1216 608 1257 Alliis; neque poſthac animo pad
714 1241 851 1272 Audebo
