1096 1352
550 12 723 44 ET
344 55 879 89 Audebo ingenium tollere; nec licet
341 89 665 123 Sperare vlterius mihi.
413 121 752 154 Ad Auitum, de via quiet.
271 155 684 189 Auite, ſi beatus eſſe contendis,
272 189 694 222 Supraq; cunctos otio frui certo:
272 222 713 255 Nihil timebis vltimam diem fati;
264 255 771 288 Animoq; forti lubricam feras ſortem:
272 288 819 328 Vites potentum purpuras. velut peſtem:
267 321 752 355 Colasq; ſemper liberum genus vitæ,
272 356 780 389 In quo voluptas adſit, & quies mollis;
264 388 713 420 Blandi lepores, & ſodalitas grata;
258 422 792 455 Delecti amici, candidi, & fides ſimplex.
272 453 744 482 Vita eſt habenda non ſolutior luxu;
273 486 779 520 Non ſegnis, aut vexata pluribus curis:
271 520 776 554 Sed in vigenti corpore vigeant ſenſus.
273 552 802 588 Iſte eſt beatus, qui omnibus vacat curis;
266 588 765 622 Nec alteri, nec ſibi negotium præbet.
369 623 899 656 De ſua quieteoct multas calamitates.
262 654 736 691 Si quis in tantis hominum procellis
339 690 746 723 Inter & cuas, variosq; caſus
340 721 755 750 Gaudet aſſertor fidei decoram
338 756 566 788 Carpere vitam:
264 788 792 824 Huius exemplum ſequar expeditus;
338 824 711 849 Et meos vitæ melioris annos
336 854 778 892 Liber ad certam referam quietem
337 889 541 915 Cultor honeſti.
262 921 772 959 Cautius poſthat mea cymba cutſum,
335 955 773 990 Acta per Syrteis ſcopulosq; duros
330 988 803 1024 Soluet, & nullos temere inſequetur
334 1022 535 1055 Æquoris æſtus.
265 1051 682 1089 Profuit æuæ rabiem Charyhdis
332 1089 725 1120 Atque veſanos adijſſe luctus;
330 1121 773 1156 Gratior tamdem foret vt voluptas
332 1152 552 1183 Viſere portum.
265 1182 695 1223 Integram feſſi melius quietem
930 1224 1052 1259 Sen-
