1208 1370
291 20 538 45 CRINITI
85 63 455 99 Sancteq, colere maximum
103 101 294 132 Padi numen
39 131 619 162 Eridane ſalue fluminum omnium princeps:
105 163 622 197 Nam te, decoris & fluentibus Nymphis
107 200 606 233 Velut parentem, cæteri colunt amnes.
107 233 577 265 En cape dicatas rite victimas; vates
107 264 600 302 Quas pro recepta tibi ſalute perſoluit.
40 299 545 327 Tu me cadentem mollibus tuis vlnis
106 329 654 367 Excepſti, & altis ſubleuas aquis merſum:
107 365 639 399 Madidaq; veſte preſſum in herbidis ripis
109 399 594 432 Ac præuirenti reddis in ſolo tutum.
42 431 631 467 Salue bicornis, alme Eridane, quem Phœbus
111 466 570 499 Sub luce clarâ genuit inclitis vndis.
111 499 624 534 Tu cernis alto vertice Heſperi ſedem,
111 533 605 567 Solusq; luſtras ditia uſonum regna:
112 566 620 598 Tot nobiles vrbes, tot arduos montes:
112 597 655 633 Et tot perennes amnium ſimul Nymphas
111 632 614 666 Decore grato & commodis tuis ornas.
44 663 592 705 Quid hic virentia nemora, & vagos ſaltus,
111 697 651 733 Fontesq; dicam; & pratæflorea, & colles
111 732 664 768 Qui prominentes accolunt tuum numen?
114 765 621 800 O quot perenni ſemine generas natos,
115 798 636 834 Qui te parente nobiles magis, ſurgunt;
115 834 613 866 Proculq; varias Italûm vident gentes?
26 867 627 903 Quantum renidet luſitans pecus lætum,
116 901 649 934 Cum paſſim amœnis peruagatur in ripis,
116 934 551 966 Vt veſperi laborisvptimi munus,
115 964 657 999 Diſtenta portet vbera ad pium quæſtum?
116 1000 545 1034 Argenteo piſces colore fulgentes
117 1030 623 1060 Per blandientis fluminis natant vndas.
51 1064 566 1101 llic gregatim congruunt Scari molles,
121 1090 675 1135 Qui præpotentum dapfiles ſtruunt cœnas
119 1129 601 1168 Et ponderoſi confluunt aquis Mulli:
123 1162 599 1201 Lupusq; ſaltim ludit, & celer Mugil.
123 1195 653 1238 Quid hic minores piſcium greges dicam,
