1096 1323
578 47 741 72 ETRI
272 54 316 79 5sc
277 89 842 125 Nune licet egregios vitæ decerpere fructus,
275 123 829 157 Et pariter claris virtutem extendere geſtis.
276 155 943 189 Mox dabitur tempus, cum iam langueſeere vires
271 190 965 222 Incipient, tremulisq; cadent membra omnia neruis.
275 223 863 255 Ergo agite, O iuuenes, præſentia carpite vitæ
276 256 872 290 Munera, & ætatem penitus ſeruate virilem.
508 292 675 316 sENES.
277 322 854 356 Viximus infignes olim, dum tempora robur
277 357 901 390 Auxerunt, ſimul atque animi viguere potentes.
278 389 964 422 Nunc ſenio affecti vix languida membra mouemus,
278 423 904 455 Nec licet infirmos quidquam ſperare per annos.
279 455 952 487 Non procul à miſeris ſenibus mors imminet atra:
279 488 840 522 Hæc etenim cunctos æquatis viribus vrget.
278 522 809 555 Ergo agite interea funeſtas pellite curas,
278 555 843 587 Et ſenium apricâ foueamus molliter autâ.
439 589 728 622 De Laoone in belloocciſo.
276 618 765 655 Traiectus haſtâ pectus infensâ Lacon
310 656 640 682 Cruentus in bellum ruit:
273 688 854 722 Ac dum inter arma, & hoſtium fertur neces,
310 723 707 756 Tamdem peremptus concidit.
273 754 872 791 Hunc poſtquam amici collocant mœſti rogo,
250 788 651 822 Augentq; funus lacrymis:
271 820 760 855 Miratus hanc inertiam parens, ait:
305 853 608 887 Abite non prorſus viri:
268 884 790 924 Abite procul o patriæ quondam genus:
283 920 609 947 Olim Lacones viximus.
255 952 776 988 Quid, vos inertes, impios luctus datis?
299 985 691 1023 Hic natus eſt meus, & Lacon.
466 1023 758 1055 Defugiends ingratis.
264 1050 770 1082 Mngratus eſt vitandus, vt dirum ſcelus.
262 1085 740 1122 Nil cogitari peſtilentius poteſt;
330 1119 842 1154 Nec eſſe portentoſius quidquam puto.
246 1146 813 1186 Mngratus, aut malefacit, aut male cogitat,
286 1182 796 1218 Sibiq; tantum parcit, alijs detrahit;
270 1215 833 1260 Et odit omnes, qui bonis beefaciuut.
888 1261 1050 1303 gra-
