1131 1364
610 41 783 79 VLII
318 59 366 86 4t
325 98 766 133 Auræ at tenues, Lephyriq; leues
322 133 711 166 Spiremt vndique. pictæ violas
320 166 740 200 Referant valls, grataſq; roſas:
318 199 707 234 Lilia candida naſcantur agris.
319 231 787 262 Reſonent dumi concentu auium;
315 266 723 299 Itylum gemat Thracia pellex,
316 299 737 332 Auia complens carmine reſono.
589 337 747 360 Ad Venerem.
317 366 832 400 En violas, en & verno de ceſpite flores.
350 399 816 425 En breuia immiſtis lilia cum violis:
316 432 977 469 En coftum, & pingui lacrymatas cortice myrrhas,
351 467 819 499 Et per odoratos mollia thura focos.
316 499 875 534 Tu patulas aperi nares Dea quæ colis altos
349 532 881 565 Idaliæ lucos, & nemora, vmbrifera;
311 564 904 595 Et fumos late exundantes hauri, & amaras
346 600 881 635 Cum gemitu fuſas, & precibus lacrimas.
312 631 1054 669 En miſerum vatem, Paphia, & contractum & aduſtum:
299 667 890 704 Eece faces ægro in pectore, & ecce niues.
300 698 856 732 Viſcera candentes vrunt incenfa fauillæ,
345 735 794 769 Et cor Ripheæ præcipitant glacies.
309 764 897 797 Cut ſæuis Dea? cur crebris haſtilibus amens
287 799 832 837 Figor: & iniectis emorior ſudibus?
304 832 989 875 Parce arcu; parce & calamo; ſeruam iniice tædam
343 868 831 904 Non tibi cedentes inter Appollineos.
305 900 943 933 Non rudis ingredior tua caſtra, cruenta ſecutus
42 900 76 934 5
310 934 919 970 Bella, mihi induxit quæ violentus Amor.
40 943 74 966 i i
303 966 846 1003 Ad te confugio fupplex, & numen adoro
339 1001 897 1036 Sanctum, da tandem promeruiſſe redem.
302 1031 873 1070 Sit ſatis in teneros ſæuiſſe immaniter artus,
307 1066 817 1102 graq; ſeruili colla dediſſ iugo.
290 1097 913 1134 Parce viro, parce in ſenium voluentibus annis;
29 1104 60 1133 .
332 1131 841 1160 Tabuit in vernos noſtiæ iuuenta dies:
299 1163 822 1202 Et tamen argutis exurit Chloris ocellis
330 1197 983 1237 Nunc mi animam, & pectus debile, & ingenium.
23 1193 96 1236 l
297 1228 909 1278 E dudum vigiles cogor traducere noctes,
282 1261 430 1292 A
907 1265 1090 1317 Ecere
