<?xml version="1.0" encoding="UTF-8" standalone="no"?><PcGts xmlns="http://schema.primaresearch.org/PAGE/gts/pagecontent/2019-07-15" xmlns:xsi="http://www.w3.org/2001/XMLSchema-instance" xsi:schemaLocation="http://schema.primaresearch.org/PAGE/gts/pagecontent/2019-07-15 http://schema.primaresearch.org/PAGE/gts/pagecontent/2019-07-15/pagecontent.xsd"><Metadata><Creator/><Created>2022-04-12T14:10:44</Created><LastChange>1970-01-01T00:00:00</LastChange><Comments/></Metadata><Page imageFilename="0920.png" imageHeight="1364" imageWidth="1131"><TextRegion id="r1" orientation="0.0" type="paragraph"><Coords points="1,1 1129,1 1129,1362 1,1362"/><TextLine id="l1"><Coords points="610,41 610,79 783,79 783,41"/><TextEquiv><Unicode/></TextEquiv><TextEquiv index="1"><Unicode>VLII</Unicode></TextEquiv></TextLine><TextLine id="l2"><Coords points="325,98 325,133 766,133 766,98"/><TextEquiv><Unicode/></TextEquiv><TextEquiv index="1"><Unicode>Auræ at tenues, Lephyriq; leues</Unicode></TextEquiv></TextLine><TextLine id="l3"><Coords points="711,134 322,133 322,163 327,164 711,166"/><TextEquiv><Unicode/></TextEquiv><TextEquiv index="1"><Unicode>Spiremt vndique. pictæ violas</Unicode></TextEquiv></TextLine><TextLine id="l4"><Coords points="740,167 320,166 320,197 343,197 356,199 494,198 535,200 740,200"/><TextEquiv><Unicode/></TextEquiv><TextEquiv index="1"><Unicode>Referant valls, grataſq; roſas:</Unicode></TextEquiv></TextLine><TextLine id="l5"><Coords points="707,201 318,199 318,229 389,232 559,232 707,234"/><TextEquiv><Unicode/></TextEquiv><TextEquiv index="1"><Unicode>Lilia candida naſcantur agris.</Unicode></TextEquiv></TextLine><TextLine id="l6"><Coords points="786,231 768,231 760,235 389,233 319,231 319,262 787,262"/><TextEquiv><Unicode/></TextEquiv><TextEquiv index="1"><Unicode>Reſonent dumi concentu auium;</Unicode></TextEquiv></TextLine><TextLine id="l7"><Coords points="723,268 604,268 574,266 315,266 315,298 723,299"/><TextEquiv><Unicode/></TextEquiv><TextEquiv index="1"><Unicode>Itylum gemat Thracia pellex,</Unicode></TextEquiv></TextLine><TextLine id="l8"><Coords points="737,303 732,302 592,302 516,300 316,299 316,332 737,332"/><TextEquiv><Unicode/></TextEquiv><TextEquiv index="1"><Unicode>Auia complens carmine reſono.</Unicode></TextEquiv></TextLine><TextLine id="l9"><Coords points="589,337 589,360 747,360 747,337"/><TextEquiv><Unicode/></TextEquiv><TextEquiv index="1"><Unicode>Ad Venerem.</Unicode></TextEquiv></TextLine><TextLine id="l10"><Coords points="832,366 698,368 546,368 533,366 317,366 317,396 367,396 462,400 832,400"/><TextEquiv><Unicode/></TextEquiv><TextEquiv index="1"><Unicode>En violas, en &amp; verno de ceſpite flores.</Unicode></TextEquiv></TextLine><TextLine id="l11"><Coords points="816,403 462,401 418,399 350,399 350,425 816,425"/><TextEquiv><Unicode/></TextEquiv><TextEquiv index="1"><Unicode>En breuia immiſtis lilia cum violis:</Unicode></TextEquiv></TextLine><TextLine id="l12"><Coords points="977,432 873,432 865,436 538,435 413,432 316,432 316,463 352,463 404,466 502,467 977,469"/><TextEquiv><Unicode/></TextEquiv><TextEquiv index="1"><Unicode>En coftum, &amp; pingui lacrymatas cortice myrrhas,</Unicode></TextEquiv></TextLine><TextLine id="l13"><Coords points="351,467 351,499 819,499 819,467"/><TextEquiv><Unicode/></TextEquiv><TextEquiv index="1"><Unicode>Et per odoratos mollia thura focos.</Unicode></TextEquiv></TextLine><TextLine id="l14"><Coords points="875,500 866,503 839,503 664,502 626,500 469,501 316,499 316,530 584,534 875,534"/><TextEquiv><Unicode/></TextEquiv><TextEquiv index="1"><Unicode>Tu patulas aperi nares Dea quæ colis altos</Unicode></TextEquiv></TextLine><TextLine id="l15"><Coords points="881,541 868,541 862,538 846,537 349,532 349,563 361,564 881,565"/><TextEquiv><Unicode/></TextEquiv><TextEquiv index="1"><Unicode>Idaliæ lucos, &amp; nemora, vmbrifera;</Unicode></TextEquiv></TextLine><TextLine id="l16"><Coords points="904,564 891,564 884,570 876,572 765,569 574,569 311,564 311,595 904,595"/><TextEquiv><Unicode/></TextEquiv><TextEquiv index="1"><Unicode>Et fumos late exundantes hauri, &amp; amaras</Unicode></TextEquiv></TextLine><TextLine id="l17"><Coords points="881,605 692,604 488,600 346,600 346,631 439,634 557,635 881,635"/><TextEquiv><Unicode/></TextEquiv><TextEquiv index="1"><Unicode>Cum gemitu fuſas, &amp; precibus lacrimas.</Unicode></TextEquiv></TextLine><TextLine id="l18"><Coords points="1054,631 939,631 926,637 899,638 439,635 312,631 312,663 325,664 538,669 1054,669"/><TextEquiv><Unicode/></TextEquiv><TextEquiv index="1"><Unicode>En miſerum vatem, Paphia, &amp; contractum &amp; aduſtum:</Unicode></TextEquiv></TextLine><TextLine id="l19"><Coords points="890,672 809,672 760,670 601,671 449,667 299,667 299,696 336,696 358,699 390,700 465,700 564,703 890,704"/><TextEquiv><Unicode/></TextEquiv><TextEquiv index="1"><Unicode>Eece faces ægro in pectore, &amp; ecce niues.</Unicode></TextEquiv></TextLine><TextLine id="l20"><Coords points="856,705 564,704 465,701 390,701 358,700 346,698 300,698 300,730 336,730 364,732 856,732"/><TextEquiv><Unicode/></TextEquiv><TextEquiv index="1"><Unicode>Viſcera candentes vrunt incenfa fauillæ,</Unicode></TextEquiv></TextLine><TextLine id="l21"><Coords points="794,738 577,738 490,735 345,735 345,763 365,766 493,767 514,769 794,769"/><TextEquiv><Unicode/></TextEquiv><TextEquiv index="1"><Unicode>Et cor Ripheæ præcipitant glacies.</Unicode></TextEquiv></TextLine><TextLine id="l22"><Coords points="897,765 857,765 847,771 841,772 692,771 618,772 514,770 493,768 365,767 345,764 309,764 309,797 897,797"/><TextEquiv><Unicode/></TextEquiv><TextEquiv index="1"><Unicode>Cut ſæuis Dea? cur crebris haſtilibus amens</Unicode></TextEquiv></TextLine><TextLine id="l23"><Coords points="832,806 604,805 421,800 287,799 287,828 327,832 389,834 545,835 590,837 832,837"/><TextEquiv><Unicode/></TextEquiv><TextEquiv index="1"><Unicode>Figor: &amp; iniectis emorior ſudibus?</Unicode></TextEquiv></TextLine><TextLine id="l24"><Coords points="989,832 858,832 851,836 839,838 774,839 622,839 545,836 389,835 304,832 304,865 660,871 882,871 889,875 989,875"/><TextEquiv><Unicode/></TextEquiv><TextEquiv index="1"><Unicode>Parce arcu; parce &amp; calamo; ſeruam iniice tædam</Unicode></TextEquiv></TextLine><TextLine id="l25"><Coords points="831,872 660,872 447,868 343,868 343,899 637,904 831,904"/><TextEquiv><Unicode/></TextEquiv><TextEquiv index="1"><Unicode>Non tibi cedentes inter Appollineos.</Unicode></TextEquiv></TextLine><TextLine id="l26"><Coords points="943,900 884,900 878,903 864,904 753,906 675,906 636,904 305,900 305,932 943,933"/><TextEquiv><Unicode/></TextEquiv><TextEquiv index="1"><Unicode>Non rudis ingredior tua caſtra, cruenta ſecutus</Unicode></TextEquiv></TextLine><TextLine id="l27"><Coords points="919,938 903,937 666,939 550,936 474,936 432,934 310,934 310,965 388,967 560,968 618,970 919,970"/><TextEquiv><Unicode/></TextEquiv><TextEquiv index="1"><Unicode>Bella, mihi induxit quæ violentus Amor.</Unicode></TextEquiv></TextLine><TextLine id="l28"><Coords points="846,972 673,972 560,969 388,968 303,966 303,998 408,999 549,1003 846,1003"/><TextEquiv><Unicode/></TextEquiv><TextEquiv index="1"><Unicode>Ad te confugio fupplex, &amp; numen adoro</Unicode></TextEquiv></TextLine><TextLine id="l29"><Coords points="897,1004 624,1005 494,1003 455,1001 339,1001 339,1031 350,1032 525,1034 580,1036 897,1036"/><TextEquiv><Unicode/></TextEquiv><TextEquiv index="1"><Unicode>Sanctum, da tandem promeruiſſe redem.</Unicode></TextEquiv></TextLine><TextLine id="l30"><Coords points="873,1038 607,1038 579,1036 459,1035 302,1031 302,1063 466,1068 873,1070"/><TextEquiv><Unicode/></TextEquiv><TextEquiv index="1"><Unicode>Sit ſatis in teneros ſæuiſſe immaniter artus,</Unicode></TextEquiv></TextLine><TextLine id="l31"><Coords points="817,1073 810,1072 730,1072 700,1070 466,1069 389,1066 307,1066 307,1095 319,1097 377,1100 456,1100 523,1102 817,1102"/><TextEquiv><Unicode/></TextEquiv><TextEquiv index="1"><Unicode>graq; ſeruili colla dediſſ iugo.</Unicode></TextEquiv></TextLine><TextLine id="l32"><Coords points="913,1097 834,1097 825,1102 815,1104 662,1103 566,1104 522,1102 377,1101 318,1097 290,1097 290,1128 352,1128 370,1129 378,1131 475,1134 913,1134"/><TextEquiv><Unicode/></TextEquiv><TextEquiv index="1"><Unicode>Parce viro, parce in ſenium voluentibus annis;</Unicode></TextEquiv></TextLine><TextLine id="l33"><Coords points="841,1137 531,1136 400,1133 377,1131 332,1131 332,1160 841,1160"/><TextEquiv><Unicode/></TextEquiv><TextEquiv index="1"><Unicode>Tabuit in vernos noſtiæ iuuenta dies:</Unicode></TextEquiv></TextLine><TextLine id="l34"><Coords points="822,1171 714,1170 687,1168 541,1169 501,1167 374,1165 343,1163 299,1163 299,1193 427,1197 471,1200 707,1200 734,1202 822,1202"/><TextEquiv><Unicode/></TextEquiv><TextEquiv index="1"><Unicode>Et tamen argutis exurit Chloris ocellis</Unicode></TextEquiv></TextLine><TextLine id="l35"><Coords points="983,1198 896,1197 886,1203 880,1204 833,1203 790,1204 734,1203 707,1201 471,1201 402,1197 330,1197 330,1227 486,1231 535,1234 708,1234 802,1237 983,1237"/><TextEquiv><Unicode/></TextEquiv><TextEquiv index="1"><Unicode>Nunc mi animam, &amp; pectus debile, &amp; ingenium.</Unicode></TextEquiv></TextLine><TextLine id="l36"><Coords points="889,1276 896,1276 896,1242 909,1242 909,1241 889,1239 753,1237 708,1235 535,1235 486,1232 354,1228 315,1228 309,1231 297,1231 297,1260 425,1262 436,1271 493,1274 884,1278"/><TextEquiv><Unicode/></TextEquiv><TextEquiv index="1"><Unicode>E dudum vigiles cogor traducere noctes,</Unicode></TextEquiv></TextLine><TextLine id="l37"><Coords points="938,1317 1090,1317 1090,1265 939,1265"/><TextEquiv><Unicode/></TextEquiv><TextEquiv index="1"><Unicode>Ecere</Unicode></TextEquiv></TextLine><TextEquiv><Unicode/></TextEquiv></TextRegion></Page></PcGts>