1182 1341
293 18 563 47 CROTTI.
2 59 613 93 Et acere ad ſurdas aſpera verba fores.
2 83 590 120 Chlori iaces molli ſtertens innixa cubili,
74 128 575 161 Et ducis longas ſomnia. per tencbras.
2 147 651 193 Forſan & alterius placidis amplexibus hæres,
50 195 644 228 Et Veneris gtatæ dulce reſoluis opus.
2 228 660 267 In me nocturnumq; gelu, & nocturna pruina
75 262 571 295 Sæuit, & effuſis defluus imber aquis.
1 290 636 329 Nam ſeu præcipites deſcendunt aëre nmbi,
69 329 538 362 Siue pruinoſis arua rigent niuibus,
1 358 585 402 atas ſeruo poſtes pigroſq; Decembres
80 396 584 429 Inſomnis duris ſuſtineo gradibus.
1 428 665 462 Et queror, & lacrimis collucent limina noſtris:
60 462 676 496 Heu miſera immitis viſcera torquet Amor.
14 496 643 531 At queror, & lacrimas incerto flamine ventus
75 529 608 559 ranſiliens molles portat in Armenios.
42 562 610 594 Sic pereo Dea ſic miles tuus acrius vror:
73 594 744 628 Arrige iam ad noſtras aurem, Amathunti, preces,
15 627 601 659 Securam Chlorin tereti confige dolore
960 651 996 687 I
77 661 573 695 Et preme ſuppoſito libera corda pede.
11 693 562 732 Sentiat illa meos æſtus, uſpiriaq; ima;
11 728 588 762 Hauriat intrepidum pallida cura latus.
33 760 658 794 Aut menon æquo quæmprimùm taſce leuato.
74 795 599 827 Aut illam paribus vre cupidinibus.
28 828 748 870 Interim habe hos fumos, & olentes baccare flammas,
59 862 547 895 Hæc cape purpureis lilia cum violis.
221 895 521 919 Ad Petrum Bembu.
24 927 622 962 Olim qui fluctus Aganippidos Hippocrenes,
73 959 580 996 Qui Muſas olim, Bembe, habuifaciles,
35 991 665 1026 At te nunc Aſcrâ proeul, & procul Aona, munu
70 1023 558 1060 Hoo non excultis cogito catminibus:
33 1056 631 1092 Hoc ideo, vt noſtrum cupias ſanare dolorem,
71 1091 470 1120 Et lenire manu vulnera Pieriâ.
33 1122 613 1156 Nam tale in miſero deſæuit corpore virus,
72 1155 686 1194 Quale vnquam quiuis ſenſit adhuc hominum.
32 1189 583 1232 Sæua Venus flammis alios exutit iniquis:
728 1220 816 1245 e
492 1221 565 1248 Hh
34 1234 79 1254 ;
