1102 1327
567 28 749 53 LII
268 40 336 65 S5o
324 70 803 104 In me eſt vna omnes iaculata faces.
289 103 927 137 Et tantum ardemus. quantum mutanite cotuno
328 138 860 173 Ambuſtus, cœlo cum cecidit Phaetnon:
294 172 806 204 Et mi ſpinoſæ rodunt præcordia cuix,
329 206 878 240 Languidaque obduga genas teneras.
16 234 49 262 .
297 238 892 271 Huic tu quamprimum iſti ſuccur:e ruinæ,
330 271 858 306 Et ne icam gratis adfer opem numeris.
284 306 811 339 Et te non æqu vidipallere Dione,
337 336 837 371 Et m mini flammis ſuccubu. ſſe nouis;
292 370 901 406 E dom:nam immitem plac dis oraſſe tabellis,
333 404 827 437 Multaq; cedenti ver ba ediſſe Noto:
301 438 790 471 Cum te rideret gelido Latonia cu. ru
335 470 830 503 Serta pruinoſas prricce aute fores;
300 503 849 536 Ae taeitum vernolimen præcigere florc,
334 537 836 570 Præbentem duris , oſcl l marmoribus.
304 568 898 604 O quoties dixti; c. udelis Hamadryas, ipſum
335 603 919 638 Et fer:um, atque ipſos coide geris chalybas.
282 636 894 670 Nec f Is dixti; cum noctem ſapius omnem
267 669 841 702 Pro. tahe res ſurdis trigidus in foribus:
258 702 955 740 Atque ita ſim fœlix, vt denſos grandis e nymbos
318 736 812 767 Non puduit tunica ſuſtinu ſſe breui.
296 769 858 802 Talis in Arcadiis mœrebat rupibus amens
334 802 838 836 Milanion quærens Paiheniam Iaſida.
254 834 799 868 Ibat & in vales, & ſiluas ibatin altas,
337 868 745 902 Suſpiran duram ſaucius laſida.
284 900 902 936 Lux mea, clamabat, formâ formoſior omni.
12 898 45 949 i
330 934 842 968 Ah tandem noſtri ſiſte rotam gemitus.
9 964 42 986 .
238 968 939 1006 Ecce animam ex ægro triſtem vix corpore duc,
272 1001 818 1033 Et toiper multis ſpiritus e laciimis.
233 1028 824 1060 Hæc ille: actutum Nonacrina Atalanta
6 1031 103 1069 l
281 1066 892 1099 Cum iuuenis carum ſe dedit in gremium.
228 1099 753 1130 Ego duritiem potuit lenire puellæ
334 1131 813 1158 Sollicito blandus caimine Milanior.
283 1163 855 1198 Quo tu terribilem dulciteſtudie fingens,
181 1167 212 1207 I
330 1196 885 1236 acaſ i curto Sole tuam. Vencemâ
1012 1239 1081 1265 Hos
160 1278 372 1325 ,
