1205 1371
310 43 558 71 ROTTI.
57 84 734 121 Hos mihi tu verſus, atque hæc mihi carmina mitte,
91 121 603 155 Apta procelloſo ferre mari Halcyonas.
54 154 569 187 Iſtis, de durâ fiat mihi blanda puella;
42 188 605 220 Mox Venus, & iaciat tela puer Venerisa
286 222 474 246 In obitum Deliæ.
40 253 561 289 Ego tam propere, ergo tam repent
44 289 455 315 ſtate in mediâ tuæ iuuentæ,
1 321 522 352 Dum fructus vteri feracis, & dum:
55 355 475 387 Partus munia læta præſtolamut,
50 387 532 421 Abis Delia? Phœbe abis, telinquens
59 421 580 452 Turpes in lacrimas & vrbem & orbem.
1 454 488 487 Illa ergo rutila aſtra, ſidera ergo
1 486 537 520 Illa gemmea, quæ nitentem & vrbi
52 520 563 553 Atque orbi explicuere vbique Solem,
55 554 411 585 Et diem radiis tulere puris,
56 585 515 618 Nox atra oecupat, & voracis Orci
52 618 521 652 Lethæus ſopor & tenebræ inertes?
24 652 614 685 heu Perſephone impia, impia eheul
31 685 501 719 Quiuiſti aurea licia, aureum illud
53 719 466 745 Vellus exſoluiſſe?flete Amores
57 751 580 787 Quotquot eſtis amare: adeſte paſſis
36 786 491 819 Crinibus Paphiæque Gratiæque:
52 819 545 854 Plorent munditiæ, gemat Venuſtas,,
51 854 475 886 Et culti decus oris, ingenique
36 887 455 920 Rari delitias, & elegantem
52 920 443 952 Maieſtatem animi ſerenioris.
52 953 488 985 Ah deſideria irrita, ah fugaces
55 982 654 1019 Spes mortaliuml ocelli vbi illi, Amor quei
24 1017 514 1052 Sagittas iacere improbus ſolebat?
53 1050 517 1086 Queis ridens face Verticorda edaci
54 1084 515 1117 Vfebat miſerorum vbique corda?
52 1118 602 1149 Hic buſtum, hic lacrimis rigate marmor
12 1150 510 1183 Formoſæ Dryades: ferant Napeæ
1 1178 613 1220 Coſtum & balſama: vernet hinc & inde:
1 1216 466 1256 Aiax, & roſa, regiique flores;
749 1228 915 1278 vs
