1127 1346
646 50 815 75 IVLII
317 90 732 123 Veris perpetui perenne munus.
318 123 744 151 Proh Parcas nimium licentioſas.
532 158 724 181 Ad Hermionem.
321 187 908 224 Quot mala monſtrauit terris temerarius ie,
357 222 829 261 Qui primus ſedes appulit æquoreas;
319 256 852 289 Audax abiegno protendere lintea mal,
317 288 931 321 Et trabe marmoreas ſcindere aquas Cypri
319 322 882 355 Vt mox infectos poſſemus adireBritannos,
346 355 911 389 Atque iter ad gelidos ferre Boryſthenidas:
321 389 910 422 Vnde per æquoreas elabens fraxinus vndas,
358 423 822 454 uceretrgnotæ munus auaritiæ.
323 453 946 489 Vt quæcumque manu tractaſſent velleæSeres,
342 488 848 523 Qodq; in felici naſcitur Arrabiâ;
300 521 978 555 Quodq; cauis ſimul Inda fodit formica metallis,
306 555 876 589 Et quicquid rubri ſubvehit vnda maris,
298 587 925 621 Hæc eadem noſtros torquerent omnia ſenſus,
357 622 853 655 Et poſſent mentes reddere ſollicitas.
284 654 871 689 Hinc primum incepit lucri veſana cupido,
358 689 806 719 Et deſiderij maxima cura noui.
311 723 818 757 Ide peregrinos exarſit virgocolores,
356 757 782 789 Et pretium raris fecit iaſpidibus.
320 784 953 823 Imde etiam quiuis quemuis mercatur amorem:
343 824 888 857 Facta via eſt miſeræ publica luxuriæ.
307 857 920 890 Aurea matronas corrumpunt munera, & ipſa
356 890 801 923 Labitur è tacitis ianuacardinibus.
308 921 946 956 Sic tu, quæ miſero ſenſus mihi deprædata es,
342 956 836 989 Quam colui purâ per duo luſtra fide,
309 986 925 1022 Nunc laſſum in medio, crudelis, deſeris æſtu,
356 1021 920 1055 Clamantem ſurdas turpiter Halcyonas.
303 1055 914 1087 Me miſerum, tantofruitut nunc alter amore,
349 1084 842 1120 Figit & in teneras oſcula dura genas;
308 1118 1030 1158 Quod tibi chryſolithos dederit virideſq; ſmaragdos,
288 1153 834 1186 uſſeritaut Scyriædona venire Tyro.
280 1186 907 1222 HHei, ſine me largocelitur nunc menſa Lyæo,
351 1218 844 1260 Me ſine nox lætis ducitur excubiis.
943 1249 1108 1296 O vtinam
