1186 1363
952 1 982 19 I
247 16 525 42 CROTTI.
13 50 676 97 O vtinam & gemmas, & venas diuitis aurl,
36 90 519 124 Abrupto tellus occuleret barathrol
30 124 687 158 Sed cannâ & ſtipulis, vt quondam. & ceſpite vluo
38 156 601 191 Facta caſa, hoſpitium regibus vſq; daret.
1 188 532 224 Non ita venales eſſent ad furta puellæ,
37 224 549 258 Nec biberent miſeræ toxica perfidiæ.
24 257 593 292 Felix quæ radio, bis denos caſta per annos
15 290 507 323 Luſiſli cupidos, Icaioti, procos:
17 323 559 359 Felix Admeti thalamus; felicior illa,
64 357 606 391 Quæ potuit caros vſta ſequi cineres?
6 390 572 426 Vixego bis denis collapſis ſolibus abſens,
32 423 556 458 Excludor ſolitis languidus à foribus.
25 458 499 489 Sed caue ne lædas iurati ſidera cœli,
58 492 503 524 Et ciat itatos perfidalingua Deos.
27 523 561 558 Iupiter ex alto periuros ſpectat amantes,
61 558 505 589 Et facili caſtas accipit aure preces.
28 589 577 625 O quoties claro decuſſit fulmen Olympo,
59 623 596 657 Cum Notus Æoliis ſterteret in latebris:
12 657 572 690 Hoc tum periuras ſolet ille ferire puellas,
55 691 592 724 Et turpi tinctas ſauguine habere manus.
22 723 623 763 Vita, caue, tibi ne ſint tanti munera, quæſo,
56 758 455 791 Vt fias iſtâ frigida luxurie.
288 793 489 825 Ad Somnum.
15 823 567 857 Inflexos molli crines præcincte iuuenta,
59 859 562 891 Virgineas croceis picte genas maculis,
20 891 593 924 Somne, læuis tardo ſæuit cui dextera cornu:
55 924 568 957 O toties larg, Somne, precate manu;
17 956 613 991 En agedum vt longas pigro ſub ſidere noctes
53 988 577 1024 Deduc am miſeris peruigil excubiis:
17 1022 554 1057 Nona pruinoſas virgo Pallantias axes
52 1055 547 1089 Mouit ab Eoi fluctibus Oceani:
15 1089 497 1121 Et toties cœli ſurrexit Lucifer arce,
51 1112 659 1154 Multifido ſpargens erine iubar nitidum;
15 1154 543 1188 Et toties currus flexit formoſa ſerenos,
50 1188 487 1226 Claruit & cornu Delia virgineo.
718 1213 808 1240 e ta-
406 1217 563 1253 Hhh
