1123 1343
578 17 740 42 ILII
296 59 858 97 Me tamen inſomnem conuexi ſidera cœli,
337 93 878 127 Inſomnem paribus cernit equis Phaëton.
282 127 857 162 Eheu, cur placidis a me Deus aufugis alis?
341 161 779 193 Ah libeat virgà me tetigiſſe bre
295 192 873 221 En miſero arentes abſumunt viſcera febres,
45 208 79 263 5
339 226 875 260 Torquet, & obliquis pupula. luminibus.
294 259 905 293 In me Ripheæquo hiemes, & turbida flamma
310 293 838 325 Sæuit, Leucadiis æmula Thermoplis:
296 327 867 361 Et dolor & captæ terit inclementia mentis,
339 360 834 392 Incenſumque vrit ſæua & anhela ſitis.
294 392 905 420 Interea vaſtum dormit mare; & vnda cubantes
339 426 888 459 Hinc atque hin late ſuſtinet Halcyonas.
294 459 887 491 Stertunt Apini Boreæ; Lyparæque ſub antris
340 493 759 525 Irati languei cæca Noti raies.
297 525 877 559 Peſſa ſilentiuga Tageti, & Mrpeſiarupes,
337 559 892 596 Et nemora & luci, & pecora, & volucres.
293 593 903 626 Solus ego imſomni refero mea membra cubili
317 625 780 659 Educens ipſis vix animam e labiis.
282 660 939 693 Somne veni Diuûm iuuenis placidiſſime. Sc æ
282 693 820 725 Suſpiret Lethe pallida, ſic Phlegeton.
296 724 922 759 Adſpice quot nexi per concors fœdus amantes:
330 760 882 794 In numen iaciunt non bona vcrba tuum.
288 792 875 824 Inde veni, te te & noſtros inde effer in attus,
329 826 780 861 Et pennls mulce lumina feſſa tuis.
284 858 855 894 Sic multo mihi thure Deus donatus abibis,
326 892 837 925 Et cinget crines noſtra corona tuos.
567 928 749 959 AdAmife.
22 934 55 955 .
264 950 965 993 Vſque adeo innumeris torres, mea mi, Arni.Fauillis
326 991 818 1026 Ouæ aſſidue è roſeis proſiliunt oculis;
16 1012 49 1029 i
289 1024 922 1058 Vt ni mi lacrimarum hiemes, atq; imber amarus
296 1057 917 1091 Officiat; tepidum iam iam abcam in cinerem,
11 1075 42 1105 :
286 1088 946 1122 Et rurſus lacrimarum hiemes aque imber amarus
278 1122 840 1155 Tam aſſidue miſeris mi effluit ex oculis;
277 1152 858 1190 Vt ni mi, Atni, tuis qui proſilit ignis ocellis
177 1159 218 1198 I
277 1189 908 1227 Oſiat; tenuem iam iam abeam in ſtuuium.
930 1231 1073 1272 Me mea
180 1231 337 1275 t
