1101 1327
547 15 760 42 IVLII
304 60 868 96 Viſum hoſtem dulceis attrahet in laqueos.
533 95 666 124 De Porſena.
261 120 894 165 Vnguentum, mihi quod donaſti, Panice, olebat,
311 159 793 196 Quicquid Panchæis naſcitur in ſiluis.
261 192 819 229 Venit; & ardenti perturbans omnia naſo;
309 225 865 261 Hoc poſtquam olfecit Porſena; merda fuit.
539 263 667 285 De Lauru.
261 289 870 329 Iaſſus Daphnæâ recubat dum Delius vmbrâ,
261 328 830 360 Decidit in nitidum pallida bacca caput.
261 352 986 402 Cui, poſtquam inſtantem torſiſſet lumina truncum;
261 394 882 437 Bella iterum, dixit, frondea Nympha, paras.
541 431 654 462 DeApro.
265 458 983 496 Quod nequeat gladio, nequeat quod vinoere parmâ,
315 494 816 527 Indignatus Aper, Pontice;fit medicus.
270 524 937 561 Hac ope tantum hominis valet officioſa cupido
317 561 821 594 Nulla fugit triſti lux ſine ſandapilâ.
516 597 758 628 Tumulus Hippolyta.
283 625 959 660 Caſta fides thalam, & thalami inviolabile fœdus,
317 661 877 695 Perſoluunt cineri, Hippolyte, inſerias.
285 695 936 727 Narciſſi lacrimæ ſtillant tibi, & Arrabe myrrhâ
313 728 913 762 Stillat odor; nardum ſtillat & ipſe Pudor.
281 762 1003 797 Accipe & has lacrimas, tibi quas Hymenæus ad vrnam
317 795 890 827 Spargit, & has violas accipe cum lacrimis.
256 829 886 856 Ex lacrimis vernent violæ tibi, ſervet & vnam
315 861 753 897 Quam tu ſeruaſti, caſta Pudicitia.
567 897 648 920 Eidem.
259 927 903 963 Tne iaces, ipſa Hippolyte, iſto in frigida lecto
308 961 1041 1003 Triſte tibi, Hippolyte, hoc adpoſitum eſt pheretrum?
241 984 969 1029 Hæne genæ? hine & vultus? hicnc & candor in ore?
291 1027 780 1063 Iſtane purpureis æmula labra roſis?
277 1061 931 1095 Heu vbi Blandities Luſusque & mollia verba?
308 1094 836 1126 Et Charis, & roſeo ſemper in ore Decor?
264 1125 898 1159 Ah Lacheſim crudelem, ah implacabile fatum:
310 1159 963 1194 Quis neget & Superos poſſe mori, atque Iouem?
264 1190 882 1237 Plorant iura thori, crinique ieompta pudico,
926 1231 1059 1273 Amouit
