1452 1446
782 133 1132 169 AN.NIBALIS
623 170 1346 210 Florem animæ, eque ſinu promere candidum ebur
563 209 1276 249 Me me arcta, me me his teneris couſtringe lacertis:
625 244 1278 277 Necte agedum optatis me his manuum laqueis.
562 276 1213 312 Vre oculis, incende ore, atque inerfice vultu;
625 311 1205 351 Viere me atque mori, mi, Hauria, ſis liceat.
643 386 1380 439 AIuBAL1 I.
852 451 1067 482 De Erilia.
591 492 1384 562 VRENTIEriliæ, quænam hora ſalubrior eſſet
665 526 1226 559 Ad Venerem; medicus ſic ait Archigenes:
563 559 1217 600 Mane ſalubre magis Veneris decerpere fructus;
629 593 1176 627 Iudice me, fuerit veſpera dulce magis.
563 620 1238 664 Hic illa arridens formoſo ait ore: voluptas
631 658 1103 692 Mi curæ fuerit veſpere, mane ſalus.
821 694 1184 720 In obitum Gabrieli Ferni.
563 723 1365 769 Dum veterum autorum inſtaurat monimenta Faërnus,
632 759 1063 794 Et reddit viræ ſcripta Latina ſuæ;
562 792 1213 829 Inuidit fera Parca virumque ad Tartara truſit:
606 827 1184 866 Quodque aliis adimis hoc tibi, dixit, habe.
725 866 1193 895 In obiu Ioan. Iacobi Mſedices Mar hionis
900 906 1080 937 Meregnani.
563 925 1247 971 Intrepidum quid cor, vigilantia ſumma, labrque
563 969 1199 1002 Indomitus poſſint; bella mihi acta docent:
562 1000 1249 1034 Larius vt, magno & teſtis cum Saxone Turea eſt,
608 1034 1252 1071 Senaque, & Hetruſcis Strora fugatus agris.
563 1061 1204 1104 Reſtabat patriæ tantum ſiccurere: ſed mors
600 1101 1094 1142 Puluere ſpes tantas obruit exiguo.
780 1142 1163 1177 Amantum contrarii aſectus, ex
904 1180 1071 1201 Petrarcha.
563 1199 1250 1245 Nec pacem inuenio. nec ſunt mihi bella timenda
624 1240 1193 1275 Aſfligunt penitus ſpes, metus, æſtus, hiems.
563 1269 1216 1313 Aproſtitus humi penns ſuoervera tollor.
572 1305 1242 1345 Stringo nihil, claudo quicquid in orbe manu.
1291 1350 1380 1375 N
