1187 1338
945 1 983 61 I
230 33 691 82 ANNIB.CRVCEI.
1 79 697 123 Nec clauſa eſt, nec porta patet mihi carceris atr,
948 112 984 144 I
95 120 613 151 Nec teier, nec ſunt vincla ſoluta mihi.
49 153 685 188 Nec morti me traditamor, nec compede ſoluit,
96 188 578 221 Nec me luce frui. nec iubet ille moti.
1 220 710 256 Cerno carens oculis, clamoque elinguis ad auras,
95 256 567 291 H teinos obitus, auxiliumque peto.
4 288 658 324 Exoſuſque mihi, alterius conſtiingor amore;
50 321 653 356 Dant lacrmæ riſum, fert alimenta dolor.
47 354 645 389 Vita mihi pariter, pariter ſunt funera cordi:
43 389 562 430 Tu mihi, tu tanti cauſſa puella mali.
274 422 603 456 Ad Cupidinem: ex Arioſto.
73 448 688 490 ImprobeAmor puer iniuſtiſſime, cur ita raro
1 488 679 523 Noſtra à te eſſicitur voti ſententia compos?
1 522 620 556 Cur ita delectat te perfide, corda duorum
1 554 604 592 Cernere diſſidiis interſe infeſta ſuperbis?
16 588 659 623 Arces meà liquidiſque vadis, & gurgite tuto,
949 600 985 629 I
1 619 733 655 Pertrahis in rapidoſque amnes, cæcaſque lacunas:
65 654 778 691 Quæ me vltro petit, hinc reuocas, alioque retorques,
9 687 701 726 Quæ fugit, huius me tabeſcere cogis amore.
289 723 530 755 Eclog Mopſus.
49 751 658 789 Iam roſeo fulgens Aurora redibat amictu,
56 788 676 822 Et noctem tacitam labentiaque aſtra fugabat
48 822 624 856 Cum miſer inſano Gailæ ſuccenfus amore
64 856 638 890 Venator Mopſus, male grati vt tædia lecti
68 889 701 922 Vitaret, durum & menti ſupduceret ignem.
66 923 558 955 Exiuit tectis, ſiluasque & nota petiuit
65 947 788 989 Antra, ferens caſſeis, arcum, plenamque pharetram,
67 988 717 1022 Adducenſq; acreis per deuia luſtra moloſſos.
53 1020 657 1055 Ante etenim tali quàm ſaucius eſſet amore,
66 1052 618 1088 Non illo melior quiſquam, ſeu retia ſiluis
52 1084 670 1121 Tendere, ſiue feras celeri præuertere curſu
898 1108 940 1154 I
66 1117 750 1156 Eſſet opus, canibusve ſequi per læta vaganteis
58 1151 662 1184 Paſcua, ſeu certo contendere ſpicula cornu.
66 1183 686 1222 Hic poſtquam ſiluâ ceruam exciuiſſet ab alta,
50 1215 676 1258 Et iaculo caibuſque celer ſequeretur odoris;
764 1235 922 1280 Hoe
