1463 1510
875 157 1186 186 ANNIBALI
650 170 706 192 t2
654 203 1286 237 Forte animi dubius, fontem peruenit ad illum,
657 237 1258 269 Cuius in etremo conſpexit magine primùm
657 270 1230 299 Texentem violas & candida llia Gallam.
657 304 1263 338 Atque vbi nota ægræ menti ſuccurrit imago..
633 337 1264 371 Horrut; apricoque in gramine pallidus hæſit;
658 371 1203 403 Ac celeres illi e manibus cecidere ſagittæ.
656 404 1249 436 Hinc tandem mœſta ſic eſt cum voce locutus:
656 437 1291 470 Nunquid adhuc noſto ſatiata es, Galla, dolore?
657 470 1218 495 Immitis Galla?an maioribus vrere flammis
659 503 1237 537 Pectora noſtra paras? aut dirâ perdere morte
659 537 1320 570 Namque vbi te viridi proiectam in gramine nuper
660 569 1211 602 Conſpex, vario texentem e flore corollas,
660 602 1222 628 Continuo teneras inuaſit flamma medullas
661 635 1266 670 Aſpera; quæ vireis ſenſim, & fomenta videndo
658 669 1195 702 Adquirens, tacite ſubter præcordia creuit:
645 703 1231 736 Ac velut intenues ſtipulas ſi quando fauilla
659 735 1312 769 Parua cadit, modico quæ primum ſurgit ab igne,
638 769 1229 802 Mo ſeſe attollens paulatim creſcit eundo,
660 803 1264 837 Ac totam ſubito meſſem populatur & agros;
659 835 1288 869 Sæpe etiam nemorum præeelſa cacumina carpit.
657 868 1202 903 Et curſu cm ſæpe feras anteire ſolerem,
659 896 1395 937 Nunc vireis animumque omnem hic mihi ſutulit igis
656 936 1202 968 Ex illo nec amor prædæ, nec cura ferarum,
655 968 1318 1001 Nec Bacchi ſubit, aut Cereris, velut ante, voluptas;
654 1002 1268 1033 Nec mea iucundos admittunt lumina ſomnos;
654 1033 1191 1067 Sed ſemper tacitis aſerunt pectora curis,
356 1068 388 1084 t
650 1067 1256 1100 Et nunquam adſiduo caruerunt lumina fletu
652 1100 1242 1134 O quàm ſpe meo creuiſtis flumina planctu
650 1134 1254 1167 O quàm ſæpe meo viruiſtis gramina planctu?
652 1167 1270 1200 quàm fæpe meo genuiftis robora planctu
650 1200 1245 1233 At at Galla meo nunquam dolitura dolore,
346 1201 377 1233 i
649 1232 1214 1267 Quo mea maiores agitant præcordia curæ,
344 1233 378 1270 si
628 1265 1286 1298 Hoc ingrata magis, magis & crudelis amantem
647 1297 1196 1330 Negligis, & miſero cogis tabeſcere amore.
645 1328 1274 1370 Nec te quod toties humili ſum voce precatus
44 1342 129 1399 I
1246 1371 1461 1413 Profu,
