1175 1351
932 1 971 60 I
933 13 969 33 I
299 53 512 81 CRVCEI
41 95 683 130 Hofuit, & miſeræ narraui incommoda vitæ.
44 129 723 164 Scilicet & geminum leporem, capreamquefugacem,
45 163 625 197 E catulum ceruæ, oftris quemretibus olim
44 197 629 228 Deprendi, & noſlræ, dixi, ſint munera Gallæ,
24 229 690 264 Miimue; atque duos, conſperſis pellibus ambo,.
45 263 645 296 Gapreolos: poſthacque tibi maiora dabuntur;
44 296 684 331 Tu modo nequitiam & faſtus depone ſuperbos,
45 330 568 364 Et mitis tandem noilri miſeiere furoris.
41 363 601 397 An fortaſſe tibi deſpecta eſt horiida forma,
47 396 664 430 Qu videor ſiluas inter latebrasque ferarum
45 430 665 462 Veiſari, & rauco alta cacumina cingere cornu?
44 463 619 496 At magni Hleroes, Dium generoſa propago,
48 496 619 527 Non dedignati nemorum luſtraie latebras,
42 529 560 561 Aut geſtare manu lato venabula ferro;
46 562 688 595 Nec iaculo capream, celerem nec figere ceruum
45 594 642 632 Heſperiâ nec cum Titan ſe mergit in vndâ,
44 627 572 661 Collectos puduit caſſeis ad tecta referre.
45 660 623 688 Hoc Paris hoc Veneri fecit dilectus Adonis;
23 691 669 727 Hoc pariter, toto quo nullus maior in orbe eſt
44 725 681 760 Ferdmandus agit, magnorum e ftirpe Deorum:.
45 760 602 794 Ille licet multis leges & iura miniftret
46 792 666 828 Gentibus, & magnâ populos ditione gubenet,
44 827 697 861 Ac ſæpe audacem ingenio & virtutibus hoſtem
885 833 992 875 i
44 860 710 894 Comprimat, & multâ victum cum ſtrage repellat,
45 894 616 927 Cleſius hunc iuxtà graditur, ſforte vacare
45 927 615 961 Conſilis datur à magnis, & mole ſupremâ
29 960 610 995 Imperii, totum late quod ſuſtinet vnus
43 989 792 1030 Cleſius, idem hominum princeps, Diuûmque ſacerdos;
43 1025 560 1060 Inſignis pietate, inignis fortibus aulis,
41 1057 574 1089 Iuſtitiæ cultor, & ſeruantiſſimus æqui:
41 1090 696 1126 Atque idem merito dignus, niſi noſtra vetaret
38 1122 672 1159 Relligio, totum cui templa & ſacra per orbem,
41 1155 626 1191 Diuinosque aris pariter ſtatuamus honores.
40 1188 672 1224 Hæc Mopſus tenueis fruſtra iactabat ad auas:
2 1221 743 1264 Cùm tandem celcri adueniens No humdaacuurn;
747 1248 823 1276 Reta
