1460 1466
971 165 1205 191 PERI
645 211 1279 245 Retia colligere, atque canes reuocare vaganteis
647 245 1278 278 Suaſit, & ingratis iuuenem ſuccedere tectis.
748 328 1316 372 PETRICVRSI
766 392 1299 431 Foma ad humani generi ſeruatorem.
640 436 1312 500 VMME Dem genitor, cœlo qui teta relicto,
679 471 1233 505 VMortalem indutus faciem, terrena ſubiſti,
647 503 1373 538 Vt veterem ablueres culpam, noſque æthere pulſos
646 538 1242 571 Stellanti exciperes tenebroſi euerſor Auerni;
648 570 1311 606 Quique tui ſedem imperii ſacra templa Quiritum,
644 604 1272 638 Vt primam, ſic & voluſti hanc eſſe perennem:
645 638 1336 672 Da tandem Romæ requiem, & miſerere labantis.
623 671 1372 704 Non ego unc veterum vires; veterumque triumphos,
612 705 1295 737 Non decora, imperiumue peto; mea vota minora.
641 737 1249 771 Da dextram afflictæ, pater, & ſuccurre cadenti.
645 771 1256 806 Nil non Roma mali,nil non perpeſſa laborum,
642 805 1292 839 Nil non ſupplicii, dum qui tua iura, viceſque
639 838 1207 871 Suſtinet, exoſus bellum cum Cæſare pacem
638 871 1252 900 Hinc init; hinc, miſſo vix milite, Cæſaris arm.
639 903 1325 940 Non iiſdem fateorſed Cæſaris, haud neget hoſtis,
637 938 1275 973 Vi victor victus ſub.tâ, atque oppreſſus inermis.
639 970 1298 1005 Sic orbis caput, ac Diuûm domus inclita capta eſt,
638 1004 1254 1040 Cum Sol oppoſitâ ſignorum in parte nitebat,
636 1037 1332 1072 Luſtrabat Taurum radiis, nunc Scorpion ambit:
616 1072 1274 1107 Nec dum tot miles ſatiatus menſibus vrbem
633 1105 1186 1139 Diripere, & tantæ rabiem exercere rapinæ;
635 1138 1344 1172 Nec mod viua patrum, ſed mortua corpora na,
634 1173 1249 1206 Mortua quinetiam natorum corpora patres,
621 1206 1192 1239 Mortua tormentis, & qualia tota vetuſtas
633 1237 1243 1272 Nec vidit; nec vera putent, ſed ficta minores,
613 1268 1192 1308 Veſte, auro, Iaribus, fundis, emiſſe coacti,
631 1302 1203 1334 Et quicquid latuit theſauri, effundere, auiti.
611 1333 1228 1375 At ortum trahit à agni qui ſtirpe Catonis,
1306 1377 1425 1414 Sign-
