1471 1461
910 121 1101 145 PETRI
622 125 669 148 B
622 160 1193 201 Degeneres fc ſæpe parit terra inclyta ciues:
626 197 1261 233 Sæpe diu & latitant vitia, & non cognita fallunt.
611 231 1220 262 Nec vero hæc, Fetnande, tuis teterrima peſtis
611 263 1274 296 Dum comes it caſtris, talem te expertus in hoſtes
625 296 1202 331 Victorem victos, euerſaque tecta Quirini.
610 331 1287 366 Quin reliquis Romam ſpolantibus, audiit hoc te
623 364 1278 397 Dicentem, Mea, non rapere eſt, ſed vincere, præda.
624 398 1295 431 Regum igitur fœcunda parens te Mantua fratrem
610 431 1176 464 Prineipis efſe tui merito lætatur, euntem
611 464 1228 497 Per fratiis decora alta, & fortia facta parentis.
609 498 1223 526 Htas nulla tuum iuuenis fortiſſime nomen
609 531 1352 566 Deſtruet, æthernum hos faciet Maro, Mola, Tebaldus,
608 564 1167 595 Dilecti Phœbo, & noſtri tria lumina ſecli,
611 597 1213 632 Nec te hos hoſpitio, & donis fouiſe pigebit.
625 631 1185 666 Ipſe etiam tentabo, licet ſim viribus impar
616 664 1209 700 Tanto oneri, tentabo tamen: ſi gloria cœptis
609 697 1171 732 Defuerit, famam ingrati effugiſſe iuuabit.
608 732 1121 765 Interea pergam patriæ deflere ruinas.
624 765 1102 800 Nulli relligio, ſexus non profuit vlli.
609 798 1328 835 Capta eſt pro capto, atque extincto coniuge coniunx,
606 832 1282 867 Capta armis, menſes captam poſt quatuor Vrbem,
623 865 1249 899 Vt ſceleri tempus celus adderet, adderet enſis.
607 900 1194 932 Non puei, non ipſa etiam cunabula, auaras
610 934 1169 965 Vitauere manus non expers aduena cladis
603 965 1231 1006 Extitit, induciis pellectus & aduena & hoſpes:
605 998 1133 1034 Non aris addicta tuis ſanctiſſima virgo.
608 1030 1270 1066 Non ſaora, dum ſacraque pis facit æde ſacerdos.
613 1064 1192 1099 Mpſaiſimul nec tuta lues, ægreque ttahentes
606 1098 1239 1133 Membra infecta viri, fœda in tormcta vocati;
601 1131 1268 1167 Eque trabe aut pedibus pendere, aut corporis acti
612 1165 1239 1199 la parte, pudor quam publicus occulit vnam,
615 1197 1273 1239 Sed manibus ſemper miſeri poſt terga reuinctisj
601 1230 1204 1268 Acti igne aut ferro, gemmas, procioſaq; vaſa,
604 1264 1329 1298 Aurum nunquam habitum properatà im morte fateri:
579 1295 1177 1339 Sæpeque vix tacto morientis barbarus ære
1244 1322 1464 1382 occubu,
1 1402 133 1426 m
