1186 1369
326 3 556 29 CRSII.
51 44 645 79 Oecubuit, pœnasq; dedit duo fata ferenti.
56 79 665 112 Sic predæ iam maior amor, quam cura ſalutis,
59 112 692 145 Nos tamen his grauiora alti fabricator Olympi,
59 145 736 177 Ferre vides, verum moderate hæc ferre, pioium eſt;
72 179 654 211 Tantorum neq; fas cauſas tentare malorum.
51 209 845 253 Namq; orbi, & templis quem præficis omnibus vnum,
51 245 679 279 Cuquevni fas hic, reſerare & claudere cœlum,
57 279 692 312 Arce ſua, horrendum facinus, vi captus ab hoſte,
69 312 638 344 Hoſte ſuo, patiterque tuo; ſimul impius ille
51 344 769 379 Iura hominum, ſimul ille Deûm contemnit honores;
65 379 632 412 Nec rerum putat eſſe vices, certusq; futuri
58 411 640 444 In ſe vnum irati nil fulmina poſſe Tonantis:
64 444 687 478 Scandere quinetiam ſe cœlum & vincere poſſe
65 479 672 513 Iactitat, & domiti affectat cognomen Olympi.
51 511 760 546 Iamque ſuis nuſquam templis honor, omnia prædo
51 544 610 578 Efferus obſedit, duce caſius, lege ſolutus,
60 577 730 613 Quadrupedesque tuis ſua carpunt pabula in aris.
60 608 797 644 An referam, quod me nunquam meminiſle iuuabit?
65 643 692 676 Cædi in delubris, inhumataque corpora linqui,
58 677 593 708 Fœdari victas, maculari ſanguine Diuos
71 705 697 743 Vidimus, & capti cæſorum inuidimus Vmbris.
66 743 662 775 Vidimus intactam, populo ſpectante, puellam
63 777 708 811 E templo, Romæ in medio, e giemioque pudicæ,
45 811 635 844 Et genere & cenſu matronæ inſignis auito,
70 845 610 877 Diſtricto auelli gladio, metuente corona,
64 877 623 910 Luce ſacra, qua ſacra tuis ſollennia cunctis
72 909 686 943 Roma tulit Diuis:qua cunctos fleſſe putamus,
67 942 705 978 Et puduiſſe Deos: qua cunctam ſenſimus vrbem
71 974 710 1012 Ingemuiſſe magis, quàm cum feræfunera fleuit,
74 1003 877 1046 Quod poſtquam capta eſt longo iam tempore, poſtquam
68 1039 608 1077 Direpta eſt, toties in vilia luſtra trahatur.
73 1072 669 1107 Hæc decuit ſpectare nurus Hiſpane Latinas?
72 1104 673 1141 Hasve refert grates tibi Scipio fortis Iberus?
73 1136 717 1175 Hoc eſt poſſe polos capere, & dare iura Tonanti
75 1168 677 1210 In tumulos etiam penetratum, & ditia buſta.
764 1199 875 1243 2i
