1469 1464
912 131 1076 156 PETRI
612 172 1235 211 E digitis raptusque adamas, taptique ſmaragdi.
614 207 1190 242 De tene referam paſſim reſerata ſepulehra
617 241 1278 273 Maxime Pontificum, & patrum paier optime Iuli,
617 274 1235 308 De te cui tantum licuit? Quem Thracius heros,
620 307 1286 342 Oimnis quem tremuit regiugens extera & omnis
620 341 1145 375 Cui viuo Italiam ceſſit, confeſſa minores
619 373 1150 406 Eſſe Deo vires hominum, ſpoliare ſepulti
620 406 1256 441 Non veritus dextram gemma imnpacatus Iberus.
624 441 1223 475 Scilicet hæc equitis, hæc gloria militis ingens,
620 474 1137 507 Accedat ſi tot ſpoliis & præda ſepulchri.
622 507 1237 541 Sed quoniam ſuperant genitor meliora relatis,
624 542 1198 575 Nec vois iam vera queri veros que dolores
622 575 1318 608 Edere iam tutum eſt: nec quiſquam æquare canendo
617 607 1199 642 Funera tot poſſit, rerum tot ſtragis acerutos
622 641 1215 675 Te taciti moueant queftus, tacitique labores,
622 673 1326 708 Teque patrum captus princeps, captus que ſenatus,
623 708 1256 742 Teque arctis manicis, & dura compede vinctus,
622 741 1322 775 Nunc cruce,nunc laqueo, nunc enſe exterritus obſes.
619 775 1169 809 Non hic vexatæ pairiæ reus, impia in ipſos
625 808 1263 841 Nectulit arma Deo, hic pacis pignus & auri eſt.
619 841 1314 875 Te moueant exuſta patrum monumenta ſacrorum,
610 873 1205 907 Qui cœli, & ſuperûm terris arcana recludunt.
618 907 1220 940 Naturæ & ſi quis reſerantum occulta potentis
618 940 1325 974 Tangit honos, moneant merſi nunc Tybridis alueo,
616 973 1191 1007 Imprimis te æua lues, quæ plurima in omni
615 1006 1211 1041 Bacchatur Latio, atque vrbes affligit Etruſcas.
617 1040 1170 1076 Site præterea quæ mille pericula paſſi,
615 1074 1277 1108 Non moueant, non mille doli, aut conuicia mille,
614 1106 1177 1140 Non moueat, ſi cui peſtis bellique pepercit
610 1138 1288 1175 Diluuium, ſubeunda etiam rerum omnium egeſtas?
614 1173 1138 1206 Naturæ & cœli ratio iam verſa, vicesque
612 1205 1244 1235 Tempora non ſeruant ſolitas, ruit imbribus aer
609 1236 1250 1269 Afſiduis, crebro & tonitu cœlum intremit omne:
610 1269 1295 1307 Vt cupiant. Romam nequeunt liquiſſe phalanges.
602 1300 1333 1344 Trigora nos properata premunt, & Phœbus ad æquum
1231 1343 1392 1378 Phlliti-
