1189 1350
362 23 597 47 CVRSII.
18 57 692 96 Hhylljriden iam flectit equos, ſeruataque nui
87 96 715 129 Stragula, non veſtes, niſi quas neglexerit hoſtis.
87 129 694 157 Vda thorum nudis & ſub Ioue, teria miniſtrat.
85 163 644 197 Iamque fores domibus raræ, laquearia rara
85 196 726 231 Quæque habet e syluis vrbs ornamenta, verendi
83 230 894 281 Quaque operis pia templa, Deûm ſimulachra, cohortes
84 264 653 297 In propiios vrunt vſus, &iſi qua ſuperſunt
84 297 701 330 Ne iceleris luciive aliquid linquatur inauſum,
81 331 704 363 Comminuunt, vectantque inopi venalia plebi.
81 363 718 397 Nec dum mera malis, nunc prædo nigra Falerna:
72 395 749 429 Nunc dubias poſcit cœnas, nunc commoda noctis,
948 390 982 427 I
80 429 701 464 Præſentis que ſtipem lucis, nec prorogat hotam,
79 465 789 494 Non momen, mortem intentans. vt vulnera deſint,
76 496 612 529 Addit verberibus grauius ferientia verba.
74 529 651 564 Sed tum præc pue metuendus militis ardor,
947 526 979 598 l
75 563 717 596 Cum venæ intumuere mero, Germanaq; paſſim
74 595 632 629 Cum legio fiuſta eiectat glomerata Lyæo,
947 598 985 645 I
75 629 631 661 Improba ſeu plenos exhauſerir alea fiſcos.
74 663 797 697 Nam fora quæque auidis ludentum oppleta cateruis.
73 697 647 729 Hoc pedes in campo vires exercet, & artes,
68 729 692 763 Martia queis olim pubes caput intulit aſtris:
72 763 666 796 His eques inuigilat caſtris hæc oppida cingit:
70 796 675 830 Hos hoſtes vrbana phalanx, has obterlt arces.
70 828 787 864 Egregium hoc peditis decus, hæc res digna trophæis,
3 864 803 898 Quadrtupede aut equitem ſpoliare, aut torquibus aureis
66 897 776 931 Aut rediiſſe domum argento, ge mmisque grauatum.
66 930 636 963 Cui male res ludo geri tur, rabie incitus acri
65 963 605 996 Hoſpitis innocui ſæuo latus impetit enſe.
63 996 646 1029 Vidi ego, vidiſti genitor, poſt vulnera Matris
64 1028 663 1066 Qua mons incolitur corrupta voce Citorus
62 1061 712 1095 Corseptum ad vulnus natum, & te ſæpe vocantes
59 1094 704 1127 Matris ad auxilium natum, puerique parentem,
59 1126 720 1155 AIterum ab alterius metuentes vulnere lethum,
30 1159 723 1197 Implentes gemitu montis iuga, queſtubus auras.
58 1191 683 1230 Tetrius hoc, maisque nefas vbi clara ſuperbis
733 1223 845 1258 Agtippæ
511 1228 598 1255 Iii
