1189 1390
360 49 584 74 CVRSII.
80 91 690 127 Qique alacres certis vitam obiecere periclis,
80 125 577 159 Te cœli effuſo teſtati ſanguine regem.
83 156 745 192 O Diuûm, o hominum, O rerum ſuprema poteſlas
64 190 730 225 Cernis. vt incedat tumidus, totque Vrbis onuſtus
81 224 645 258 Inſultet ſpoliis, nullo duce batbarus hoſtis,
80 260 724 293 Imperii impatiens, vt grandius imperet aurum,
81 293 564 327 Impius, inſidioſus, inexorabilis, illex,
83 323 729 361 Vtque tenax vacuam prorſus non deſerat vrbem
83 357 830 397 Sed ſpoliet toties ſpoliatam, atque omnium egenam??
81 393 627 420 Et licet hinc vitor victricibus aduolet alis
78 427 623 461 Lutrecus, quo non ductor maturius alter
83 461 603 489 Victorem toties, toties euicerit hoſtem,
83 484 830 527 Hinc Venetum pugna, atque mora dux inclytus inſtet:
83 526 751 561 Auria & hinc claſſe inſtructa, quem ſæpe fugantem,
83 561 750 593 Sternentemque truces vexata per æquora Mauros
82 593 632 626 Neptunus, patria & ciues videre recepta,
83 626 651 657 Sublimem curru, & duplici fulgere corona,
82 655 732 691 Hinc extrema fames, dira hinc diſcordia gliſcat:
81 691 711 729 Ipſe tamen mediam ignauus feceſſit in Vrbem,
82 724 743 761 Cumque vna fera bella gerit, iuuat vſque morari,
80 759 731 795 Et Romam ex imis paulatim ſedibus omnem
81 792 646 825 Vertere, ne facies Vrbis, nomenve ſuperſit.
81 825 714 860 Affer opem, miſerere pater, ſuccurre iacenti.
80 859 765 894 Pœnarum ſat Roma dedit, quod credula bello
78 894 679 928 Præuertit pacem, & victis ſe credidit armis.
81 919 768 956 Hic locus, hæc ſedes, domus hæc eſt certa Deorum.
84 959 754 994 Nos certe in patria hac pugnando vulnera paſſi,
80 991 742 1028 Pro te, pro patria hac, moriendo vicimus hoſtem.
83 1025 645 1055 Sed nimium diris iterum cruciatibus angi,
81 1058 688 1095 An leue ſit gladios iterum ſentire ſepultis?
83 1091 775 1127 En crura enque pedes laceri, laceri ora vagamur
83 1123 709 1161 En ſparſi cineres, atque oſſa inhonora iacemus.
80 1153 750 1186 Nulla vrna eſt cineri, tumulus non oſſibus vllus.
80 1191 708 1227 At ſi forma omni, ſenſu omni, & luce carentem
78 1220 709 1263 Optatam pius ad vitam teuocaueris Vrbems
800 1244 863 1274 iua
