1470 1459
371 68 466 97 u
930 129 1118 153 PETRI
644 128 693 163 yy2
372 160 405 180 Q
645 171 1286 204 Viua dabit cneri tumulum, dabit oſſibus vrnam,
644 207 1369 240 Da vitam, extincta eſt pater, & quæ maxima quondam,
648 240 1297 277 Quæ Dea terrarum fuerat, nunc vltima rerum eſt.
646 273 1351 306 Redde animam, es ſolitus pater, & potes omnia ſolus.
644 307 1281 340 Si nimis hoc, ſedeatque tuæ non parcere Romæ,
644 340 1236 374 Nec dare poſcenti veniam vitamqueroganti:
647 373 1301 408 Saltem Vrbisſſi quod reliquumdefende cadauer.
646 407 1327 442 Hoc quoque ſi nimium, ſttq, ipſos ſternere muros;
645 441 1225 474 Pærcetuis ſaltem templis t mplisq; tuorum.
645 475 1231 509 Non moueant, eſto, tot triſtia fata Quritum,
556 481 593 521 l
642 510 1296 543 Non Patrum captus princeps, captusque Senatus,
647 543 1343 575 Non Vrbis lacerum exangue atque informe cadauer,
645 575 1355 609 Non templis armenta boum & ſtabulantia equorum
641 608 1292 641 Cur te non tangnt ſparſa, & ſine nomine Diuûm
643 642 1286 676 Relliquiæ. ſpol:atæ auro, & ſine honore iacentes?
646 676 1271 707 Cut toleres prædam eſſe tu s tua ſacra maniplis?
643 710 1419 744 Si tamen hos Calabros, hos Cimbros, hosque Bigantes,
641 743 1203 776 Eſſe tnos. hosq; eſſe tuos fas dicere Iberosj
573 733 613 776 I
640 777 1178 811 Cur viduata ſuis tua cuncta altaria donis
622 809 1258 844 Non moueant moueatq; ſacis erepta ſupellex?
638 842 1299 878 At non ipſe Deûm exuuias, neque Cynthius Vrbis
635 876 1197 912 Excidium læto orerulit:quin protinus atta
638 910 1221 945 Nube caput nitidum. dens â & caligine texit.
637 944 1216 976 Tempore nec paſſus ſolit flaueſcere fiuges,
633 976 1277 1012 Diſtulit in menſem meſſem;vt quos perdere tela
633 1010 1267 1046 Non pote ant, hos ſæua fames detruderet Orco.
630 1043 1257 1079 Flumina & has facies ſcelerum auerſata, ſuumq;
630 1078 1175 1111 Occuluere caput; notoq; exceſſir ab alueo
535 1089 577 1136 I
631 1110 1207 1143 Ipſe Anio, alterius fieri mari aduena nixts,
627 1143 1311 1178 Aut ſaltem abiunctus Tyrtheno in marmore condi,
628 1178 1166 1211 cilicet extimuit miſcerTi Tibidis vndis,
628 1210 1330 1247 Voluere quem ſciret Diuûm ſacra membra tuorum.
626 1244 1226 1279 Qua licuit tamen hic viridi nos abdidit algâ,
612 1276 1215 1308 Actutum obduxit ſallces, & arundine cinxit:
599 1308 1257 1353 Aggeſſitq; ſolum leue, ne trunca oſa grauentur.
1240 1353 1468 1380 Albula
578 1380 732 1412 A .
