1461 1435
819 120 1282 157 PETRICVRSII.
871 175 1123 206 Tum. Campegii Card.
643 206 1206 242 Campegii terra hæc viui tegit oſſa, viator,
678 241 1196 274 Nam ſtupor eſt cœlolapſa putare mori.
755 286 1341 320 Da Tiberis inundatione, poſt direptam à Casariano
945 322 1120 353 milite Romam.
596 353 1216 396 Enſe, lue, igne, fame, paucis amiſimus annis
658 397 1213 429 Longa dies quantum vix reparare queat.
645 429 1458 464 Nunc mare Tyrrhenum fluctu hinc ſe opponit, & vrget:
680 463 1211 496 Hinc Tuſcus ſubitis ingruit amnis aquis.
645 496 1285 530 Vt quos tot nequeunt ſtrages abſumere flammis
682 529 1162 562 Neptunus noſtri ſubruat amnis ope.
648 562 1334 596 Rara domus tumidis, horrendum, apparet in vndis:
662 596 1212 628 Rarus & in cimbis vir iuga ſumma ſubit.
646 629 1282 662 Vnde vrbem Roma Venetam ſpectamus in vrbe
682 662 1187 693 Hæc ruit heu, creſcit fluctibus illa ſuis.
626 696 1380 732 Sed magenos miſeros, quibus, hæc dum funera flemus;
632 732 1318 764 Vnda pedes iam nunc,nunc rapit vnda animam.
642 763 1357 799 Quod tamen admiſſum tantum. ſcelus eſſe putemus,
681 798 1271 831 Quantum opus vt ſociis abluat æquor aquis?
651 831 1320 863 Cert hoc non noſtrum crimen: Dii ſanguine fœda
648 864 1233 899 Nonalio poterant tergere templa modo.
825 906 1135 931 In obitum Io. Manardi.
648 938 1281 973 Dum Manarde, vigil cum prole Coronidis eſſes;
654 971 1132 1006 Vidiſti vitam perpetuam eſſe tibi.
618 1005 1288 1038 At dum formosâ cum Pallade coniuge dormis;
679 1038 1167 1072 Senſiſti mortem curuus adeſſe ſenex.
593 1070 1243 1113 Hic nunc clare iaces, & quem Podalirion eſſe
680 1105 1187 1139 Vidimus; annoſum ſuſtulit ipſa Venus.
940 1149 1073 1181 De Rutilio.
629 1170 1262 1215 Vt Mors Rutilium tor ſenſit reddere vita:
680 1213 1154 1248 S valc, ait, vitæ iam patefacta via.
1191 1274 1433 1318 AN
