1457 1453
912 134 1189 161 ANDRE
639 176 1239 212 Remigio: nune vela nouis oſtendere ventis:
640 212 1228 246 Vrget opus; tu tranſtta tuæ ne deſere puppis.
639 246 1408 279 Non te abigo. commune Deis modo munus agendum eſt
640 278 1284 314 Quos prohibet ſpreniſſe pudor, pietasq; timotq;
640 312 1265 345 Ergo adſis Erycina Venus, nunc deprecor adſis:
642 345 1233 378 Vt vereor ne forte tuo ſine numine noct. s
643 379 1274 413 Tranſeat hoc: prohibe quæſo, nec tempore tali
642 411 1123 445 Deſere legitimi ſocialia fœcdera lecti.
646 446 1195 479 O cuſtos horti, cuſtos rubicunde Priape,
645 480 1228 514 O cuſtos, audis ne precor? languere videris,
646 512 1262 546 Et langues fortaſſe: veni ſecurus: agendum eſt
644 547 1319 580 Cum modico. potes huic quouis ægreſcere morbo,
645 580 1287 614 Nulla quidem merces de te mihi crede petetur.
646 614 1224 647 Ergo ades, & quahs fueris iuuenilibus annis
644 647 1266 681 Ede ſenex, veteremq; tuum ne pone rigorem.
645 680 1245 714 Cum ſolo eſt iam ſola ſuo noua nupta marito,
636 714 1219 748 Nudaq; iam ſtiato poſuerunt corpora lecto.
644 749 1213 783 Quid refugis mea vita tui pudibunda mariti
643 783 1207 815 Oſcula & à tenero diſiungis brachia collo?
643 815 1279 849 An dubitas? vel forte pudet? dubitabile nil et.
643 850 1304 885 Cur pudeat? ſoliſumus, & cum coniuge coniunx.
640 883 1132 918 Ergo mane, iuſſisq; tui pareto mariti
640 916 1354 952 Quid faeiam? mea vita mane, quid deinde? quid oro
642 951 1159 984 Sic iaceas paulum ſublata parte ſiniſtra,
639 984 1269 1017 In dextrum ſubnixa latus. iacet, ecce patata eſt
639 1018 1167 1052 Altera pars. reſtat grauioris cura pericli,
629 1052 1175 1086 Indiga præcipui conanimis omnis abeſto
638 1085 1274 1118 Segnities, torporq; procul, ne ſperne iacente
640 1119 1218 1152 Sollicitare man: & molli attrectare ſaliua,
638 1151 1191 1185 Si nihil erucæ proſunt, Venerisq; miniſtri
636 1184 1200 1218 Bacchus & extremo merces oriente petita:
622 1217 1167 1250 Inſere blanditias molles laſciuaq; verba,
637 1249 1238 1283 Illecebrasq; ordire nouas: quæ ſingula ſi non
636 1282 1253 1317 Arrexiſſe valent, poterunt ſimul omnia forſan.
622 1314 1296 1352 Vicimus, arrecta eſt validis antenna ceruehis.
1349 1355 1424 1382 Scili-
