1219 1351
342 13 555 43 DACTII.
791 24 891 55 r
50 54 697 90 elicet eſt aliquid medica fore in arte peritum.
54 89 705 123 Iam coit in venerem complexus vterque viciſſim:
1 122 675 156 O mea vita & ocelle & mens mea ſola voluptas,
46 157 696 189 O animæ pars magna meæ, mea gaudia, coniunx
12 189 696 224 Oſcula da centum. linguæq; interſere liuguam
40 223 738 257 Ecquid amas me ſponſa tuum? quid triſtis anhelas?
51 256 754 290 An te aliquâ lædo? haudquaquam cariſſime coniun,
45 289 550 323 Ipſa tibi cuſpis in te conuerſa minatur.
44 323 678 360 At quis odor crepitusve meas peruenit ad aures,
42 356 633 390 Proiectis Hymenæus abit vaſto impete tædis.
51 389 610 424 Accinxit ſe Erycina fugæ, naſumq; reducta
47 423 681 457 Occuluit dextra: & vultum contraxit. io quid?
41 456 665 496 Quid fugis? maneasfugit: fugiamus & ipſi.
271 492 440 514 Ad Amicum.
50 521 569 557 Quamuis dfficio non perfungaris amici,
40 555 703 587 Nil mihi reſcribens, vacuum quod ſponte decebat
36 587 615 622 Munus obire prius, nedum ſermoneſolnto
34 621 585 656 Ante laceſſitum diuerſo tempore ſæpe:
32 655 618 692 Quod tamen ardenti ſæuoq; Cupidinis arcu
46 688 659 721 Læſus amas, ardentq; tepentibus oſſa medullis
34 722 623 755 Flector, & ex aliqua fieri tibi parte benignus
1 755 618 789 Impellor magis acdeceat, me ſcilicet olim
36 789 673 821 Haud ſecus ardentem memini, primaq; iuuenta
43 822 715 858 Quid ſitamor memori deprehenſum pectore ſeruo.
45 855 629 890 Quatenus ergp alias grauior de pectore curas
44 888 637 921 Cura fugat, facile ignoſco culpamq; remitto.
32 921 560 957 At quia ſecuris puppis naualibus hæret
41 954 640 985 Iam tua, nec fluctus pauet exarmata marinos,
29 985 636 1022 Non aliqua lons eſſe nequis culpaq; vacare.
39 1018 579 1056 Vtq; vaces alijs admiſſis omnibus, vnum
41 1051 696 1084 Non leue commiſſum eſt ſanctæ temerae ſilendo
39 1085 563 1117 Fœdus amicitiæ. ſed ne prolixior æquo
38 1117 596 1152 Ambitioſa ſuas tranſmittat epiſtola metas
40 1147 695 1183 Huc venias: ſeruesq; fidem, promiſſaq; ſoluas
24 1182 557 1221 Ocyus, vt victupariter lætemur agreſti.
769 1219 826 1244 Hc
