<?xml version="1.0" encoding="UTF-8" standalone="no"?><PcGts xmlns="http://schema.primaresearch.org/PAGE/gts/pagecontent/2019-07-15" xmlns:xsi="http://www.w3.org/2001/XMLSchema-instance" xsi:schemaLocation="http://schema.primaresearch.org/PAGE/gts/pagecontent/2019-07-15 http://schema.primaresearch.org/PAGE/gts/pagecontent/2019-07-15/pagecontent.xsd"><Metadata><Creator/><Created>2022-04-12T14:30:54</Created><LastChange>1970-01-01T00:00:00</LastChange><Comments/></Metadata><Page imageFilename="0955.png" imageHeight="1350" imageWidth="1171"><TextRegion id="r1" orientation="0.0" type="paragraph"><Coords points="1,1 1169,1 1169,1348 1,1348"/><TextLine id="l1"><Coords points="325,45 325,83 541,83 541,45"/><TextEquiv><Unicode/></TextEquiv><TextEquiv index="1"><Unicode>DACTII.</Unicode></TextEquiv></TextLine><TextLine id="l2"><Coords points="160,139 190,139 244,136 412,132 441,129 515,127 539,125 599,125 616,127 620,129 680,128 680,87 543,87 500,91 323,97 268,98 260,96 247,96 196,99 86,100 86,141 147,141"/><TextEquiv><Unicode/></TextEquiv><TextEquiv index="1"><Unicode>Quam mea ſæuus amor ignibus oſſa cremat.</Unicode></TextEquiv></TextLine><TextLine id="l3"><Coords points="359,165 445,164 520,159 553,159 553,129 462,129 412,133 244,137 190,140 160,140 147,142 56,142 56,169 289,169"/><TextEquiv><Unicode/></TextEquiv><TextEquiv index="1"><Unicode>Hæſerunt imo verba intercepia palato,</Unicode></TextEquiv></TextLine><TextLine id="l4"><Coords points="451,195 489,195 579,189 642,188 643,162 483,162 445,165 359,166 315,169 290,169 192,174 161,174 136,176 89,176 89,203 286,203"/><TextEquiv><Unicode/></TextEquiv><TextEquiv index="1"><Unicode>Et vetuit, qui nunc ſcribere cogit, amor.</Unicode></TextEquiv></TextLine><TextLine id="l5"><Coords points="133,241 265,237 297,234 419,231 672,220 758,219 778,220 787,224 795,224 798,222 798,186 664,186 658,188 642,189 579,190 489,196 451,196 264,205 169,207 145,209 55,209 55,243 116,243"/><TextEquiv><Unicode/></TextEquiv><TextEquiv index="1"><Unicode>Ergo amo te quantum non eſt comprehendere cuiquam,</Unicode></TextEquiv></TextLine><TextLine id="l6"><Coords points="188,271 297,270 461,262 512,262 570,259 600,259 607,262 720,260 720,223 608,223 419,232 297,235 265,238 133,242 90,245 90,275 181,275"/><TextEquiv><Unicode/></TextEquiv><TextEquiv index="1"><Unicode>Qui quantum ſcit amat, non bene proiſus anas.</Unicode></TextEquiv></TextLine><TextLine id="l7"><Coords points="545,292 545,262 400,265 297,271 210,272 210,294 476,294"/><TextEquiv><Unicode/></TextEquiv><TextEquiv index="1"><Unicode>De Amicæ vultu &amp; mo ibus.</Unicode></TextEquiv></TextLine><TextLine id="l8"><Coords points="526,328 632,321 694,321 713,323 713,286 605,286 601,289 594,291 577,292 532,294 477,294 418,299 193,306 148,306 136,300 60,301 60,337 263,337"/><TextEquiv><Unicode/></TextEquiv><TextEquiv index="1"><Unicode>Odi &amp; amo: &amp; nequeo non illud amare, quod odi</Unicode></TextEquiv></TextLine><TextLine id="l9"><Coords points="456,364 603,357 679,357 687,360 687,324 592,324 564,327 478,331 385,333 308,337 220,338 129,343 94,343 94,368 320,368"/><TextEquiv><Unicode/></TextEquiv><TextEquiv index="1"><Unicode>Rurſus habere odio, non nequeo quod amu.</Unicode></TextEquiv></TextLine><TextLine id="l10"><Coords points="296,401 389,399 412,397 498,396 572,391 639,390 639,365 429,365 255,370 121,377 61,377 61,404 247,404"/><TextEquiv><Unicode/></TextEquiv><TextEquiv index="1"><Unicode>Sic odio miſcetur amor, mulcetur amore-</Unicode></TextEquiv></TextLine><TextLine id="l11"><Coords points="227,437 266,437 335,433 452,431 583,425 612,425 621,430 680,429 680,394 536,394 498,397 412,398 363,401 296,402 95,411 95,441 155,441"/><TextEquiv><Unicode/></TextEquiv><TextEquiv index="1"><Unicode>Sic odium, atque odio, ſic maculatur amor.</Unicode></TextEquiv></TextLine><TextLine id="l12"><Coords points="388,465 559,462 559,428 503,429 420,433 335,434 315,436 227,438 155,442 62,442 62,469 303,469"/><TextEquiv><Unicode/></TextEquiv><TextEquiv index="1"><Unicode>Te fateor moresq; tuos mutabilis odi:</Unicode></TextEquiv></TextLine><TextLine id="l13"><Coords points="208,504 283,503 564,494 564,465 388,466 336,469 185,473 161,475 95,476 95,507 175,507"/><TextEquiv><Unicode/></TextEquiv><TextEquiv index="1"><Unicode>Depereo rurſus te, faciemq; tuam-</Unicode></TextEquiv></TextLine><TextLine id="l14"><Coords points="159,540 230,537 409,531 452,531 524,527 621,527 621,494 536,495 454,499 419,499 283,504 238,504 135,510 64,510 64,542 143,542"/><TextEquiv><Unicode/></TextEquiv><TextEquiv index="1"><Unicode>Magna tibi, toties ne me contraria lædant,</Unicode></TextEquiv></TextLine><TextLine id="l15"><Coords points="279,570 287,568 362,564 490,564 498,568 644,566 644,530 500,529 480,531 282,536 97,544 97,573 243,573"/><TextEquiv><Unicode/></TextEquiv><TextEquiv index="1"><Unicode>Immutent mores numina, vel faciem-.</Unicode></TextEquiv></TextLine><TextLine id="l16"><Coords points="292,567 292,592 436,592 436,567"/><TextEquiv><Unicode/></TextEquiv><TextEquiv index="1"><Unicode>Ad Gadam.</Unicode></TextEquiv></TextLine><TextLine id="l17"><Coords points="275,635 301,635 341,632 465,629 522,626 633,625 644,631 688,631 688,594 479,594 439,597 346,599 261,603 229,603 220,598 167,601 78,601 49,599 1,600 1,638 243,638"/><TextEquiv><Unicode/></TextEquiv><TextEquiv index="1"><Unicode>Ne mihi præterito ſueuit quod flore iuuentus</Unicode></TextEquiv></TextLine><TextLine id="l18"><Coords points="359,665 414,665 480,662 577,661 579,660 579,632 369,632 301,636 275,636 205,641 101,642 101,668 305,668"/><TextEquiv><Unicode/></TextEquiv><TextEquiv index="1"><Unicode>Debueras, dicas Galla, rogare, rogo.</Unicode></TextEquiv></TextLine><TextLine id="l19"><Coords points="387,698 404,696 501,695 516,696 526,699 573,698 573,663 480,663 414,666 323,667 266,672 266,702 291,702"/><TextEquiv><Unicode/></TextEquiv><TextEquiv index="1"><Unicode>Ad Alxium Lapacinum.</Unicode></TextEquiv></TextLine><TextLine id="l20"><Coords points="314,734 346,734 471,729 471,698 388,698 348,701 258,704 211,704 199,699 128,702 68,702 68,736 290,736"/><TextEquiv><Unicode/></TextEquiv><TextEquiv index="1"><Unicode>Ardes, væ miſero, impijs Alexi,</Unicode></TextEquiv></TextLine><TextLine id="l21"><Coords points="225,771 288,770 357,766 494,763 525,761 583,761 592,766 648,765 648,730 465,730 346,735 314,735 254,739 169,741 143,743 67,743 67,775 148,775"/><TextEquiv><Unicode/></TextEquiv><TextEquiv index="1"><Unicode>Nec quenquam Superûm pudet Deorum:</Unicode></TextEquiv></TextLine><TextLine id="l22"><Coords points="203,805 391,800 537,794 537,764 449,764 261,772 225,772 180,775 69,777 69,807 180,807"/><TextEquiv><Unicode/></TextEquiv><TextEquiv index="1"><Unicode>Ardes pr facibus nephas amoris.</Unicode></TextEquiv></TextLine><TextLine id="l23"><Coords points="187,839 279,837 304,835 349,835 401,832 489,830 538,830 547,835 645,833 645,792 568,792 556,794 506,797 467,797 391,801 260,804 130,810 72,810 72,843 100,843"/><TextEquiv><Unicode/></TextEquiv><TextEquiv index="1"><Unicode>Quem ſperes hominum, inferimve Diuſm</Unicode></TextEquiv></TextLine><TextLine id="l24"><Coords points="318,868 366,868 460,864 494,864 494,831 401,833 349,836 304,836 279,838 162,841 140,843 70,844 70,870 289,870"/><TextEquiv><Unicode/></TextEquiv><TextEquiv index="1"><Unicode>Laturum rapidis opem ſagittis</Unicode></TextEquiv></TextLine><TextLine id="l25"><Coords points="499,897 499,866 435,866 366,869 318,869 264,872 200,873 153,876 70,876 70,901 367,901"/><TextEquiv><Unicode/></TextEquiv><TextEquiv index="1"><Unicode>Infenſo Ioue, cœlitumq; turba?</Unicode></TextEquiv></TextLine><TextLine id="l26"><Coords points="403,932 561,929 561,896 300,904 225,905 151,909 70,909 70,941 148,941"/><TextEquiv><Unicode/></TextEquiv><TextEquiv index="1"><Unicode>Me? quem perpetuis Venus cathenis</Unicode></TextEquiv></TextLine><TextLine id="l27"><Coords points="611,931 608,930 519,930 485,932 403,933 280,938 178,940 132,943 70,943 70,968 366,968 478,962 575,962 585,968 611,968"/><TextEquiv><Unicode/></TextEquiv><TextEquiv index="1"><Unicode>Vinctum carceribus domat tremendis.</Unicode></TextEquiv></TextLine><TextLine id="l28"><Coords points="270,1003 343,1002 398,998 514,993 514,965 432,965 392,968 217,972 147,976 29,975 29,1007 182,1007"/><TextEquiv><Unicode/></TextEquiv><TextEquiv index="1"><Unicode>rumnæ, gemitus, noui dolores</Unicode></TextEquiv></TextLine><TextLine id="l29"><Coords points="448,1028 484,1028 519,1026 558,1027 577,1029 584,1032 600,1032 600,994 502,994 343,1003 270,1004 220,1007 156,1008 137,1010 70,1011 70,1036 326,1036"/><TextEquiv><Unicode/></TextEquiv><TextEquiv index="1"><Unicode>terni hoſpitium: perenne planctus.</Unicode></TextEquiv></TextLine><TextLine id="l30"><Coords points="324,1068 398,1066 463,1061 517,1059 517,1030 431,1030 355,1036 213,1039 140,1043 72,1043 72,1071 277,1071"/><TextEquiv><Unicode/></TextEquiv><TextEquiv index="1"><Unicode>Idem vel pelago minaci habenas,</Unicode></TextEquiv></TextLine><TextLine id="l31"><Coords points="400,1099 502,1094 550,1094 558,1098 580,1098 580,1058 573,1058 568,1060 498,1060 417,1066 277,1072 228,1072 130,1076 72,1075 72,1101 316,1101"/><TextEquiv><Unicode/></TextEquiv><TextEquiv index="1"><Unicode>Vel cœlo inijciam manus profundo</Unicode></TextEquiv></TextLine><TextLine id="l32"><Coords points="352,1133 494,1131 494,1100 317,1101 276,1104 196,1106 159,1109 72,1109 72,1136 280,1136"/><TextEquiv><Unicode/></TextEquiv><TextEquiv index="1"><Unicode>Inuitis fuperis, Deûmq; rege</Unicode></TextEquiv></TextLine><TextLine id="l33"><Coords points="207,1171 288,1169 312,1167 350,1167 374,1165 408,1165 428,1163 520,1160 520,1136 281,1136 216,1140 71,1143 71,1174 164,1174"/><TextEquiv><Unicode/></TextEquiv><TextEquiv index="1"><Unicode>Ah quæras alias opem per oras,</Unicode></TextEquiv></TextLine><TextLine id="l34"><Coords points="315,1203 322,1202 346,1202 359,1200 449,1199 474,1197 500,1197 506,1200 511,1200 539,1198 609,1197 609,1154 548,1154 536,1160 428,1164 408,1166 312,1168 133,1176 71,1176 71,1207 308,1207"/><TextEquiv><Unicode/></TextEquiv><TextEquiv index="1"><Unicode>Cui plus quam mihi ſit ſpei, petendus.</Unicode></TextEquiv></TextLine><TextLine id="l35"><Coords points="382,1201 382,1222 449,1222 449,1201"/><TextEquiv><Unicode/></TextEquiv><TextEquiv index="1"><Unicode>Laus.</Unicode></TextEquiv></TextLine><TextLine id="l36"><Coords points="293,1275 421,1271 430,1264 435,1262 456,1262 463,1260 529,1256 665,1256 683,1257 692,1262 716,1263 733,1253 755,1254 755,1222 506,1221 499,1226 486,1228 349,1233 324,1233 315,1231 306,1226 247,1230 168,1233 71,1232 71,1279 242,1279"/><TextEquiv><Unicode/></TextEquiv><TextEquiv index="1"><Unicode>Quiſquis agit formæ tantum de laudibus in te</Unicode></TextEquiv></TextLine><TextLine id="l37"><Coords points="784,1242 784,1282 867,1282 867,1242"/><TextEquiv><Unicode/></TextEquiv><TextEquiv index="1"><Unicode>a-</Unicode></TextEquiv></TextLine><TextEquiv><Unicode/></TextEquiv></TextRegion></Page></PcGts>