1458 1447
918 130 1147 156 ANDREÆ
644 137 693 163 4
677 174 1136 208 Ignorat veræ nomina laudis adhuc.
647 207 1235 239 Non ſecus ac Venerem ſi laudaturus Apelles,
681 240 1186 274 Ad conchæ laudes rettulerit ſpeciem.
645 272 1246 307 Dicturusve Iouem, maieſtatemq;ſupremam,
683 307 1172 332 In forma Laudis triueiit mne deeus.
643 339 1311 375 Quæ quamuis eſt iuſta, tua eſt quota portio laudis,
680 373 1200 407 Nec ſecus illa tibi conuenit, atque Ioui.
860 409 1009 431 In Amorem.
641 435 1201 474 Auſa cupidineis ignarum exurereflammis
648 474 1212 506 Fama prits noſtris res noua temporibus,
641 506 1337 541 Quam dedit & noſtram cuperem peccaſſe puellam
684 540 1158 573 Rurſus iit ſpretis me, pietate, fide.
641 574 1200 607 Isq; adeo incertus cura grauiore popellus,
684 606 1168 639 Peruacat vt vanis hæreat vſque iocis?
640 639 1203 674 Quæ me ſcire negem, cupiam fi vera fateri,
683 673 1163 708 Qui de megratis aſſerat, iſta mihi eſt.
648 705 1303 743 An quenquam ſua cura latet; refgitq; quod intus
682 741 1158 774 Perpetuo clauſum nocte dieq; gerit?
633 773 1192 807 Et videt alterius latitantes pectore ſenſus,
683 806 1127 840 Vt ſua quieſcit vota aliena tenet.
637 840 1326 874 Vt qui clam ſummo poſitum fertvertice fœnum
678 874 1189 908 Pendula vel cuius chartula terga notat:
636 906 1233 935 Prorſusitaveſt, neſcit dominus, vicinia furem
679 941 1230 976 Nouit & arcanum ſi quid in æde malum.
636 972 1212 1009 Fur amor cſt, furti latebras, arcanaq; cordis
675 1007 1269 1043 Imgreditur, furtim mentem, animamq; rapit.
633 1040 1198 1073 An cantata rapi ſe mens non ſentit, & alto
677 1074 1175 1108 Capta velut ſenſu, merſa ſopore iacet?
620 1106 1158 1140 t quosſaxificæ mutarunt ora Meduſæ,
639 1140 1144 1173 Aut Cylleneæ virga ſuperba manus.
629 1170 1345 1208 Perlege quot ſuperant veterum monimenta virorum.
666 1206 1163 1239 Pagina cœlicolûm crimine rara vacat.
632 1238 1250 1270 Arſit amore Deûm toties pater, arit, & ardens
672 1271 1136 1303 Defluit in Danaes auea gutta ſinus.
630 1303 1222 1338 Cndidus Eutem taurus per cœrula vexit,
1269 1348 1422 1386 Candd-
