<?xml version="1.0" encoding="UTF-8" standalone="no"?><PcGts xmlns="http://schema.primaresearch.org/PAGE/gts/pagecontent/2019-07-15" xmlns:xsi="http://www.w3.org/2001/XMLSchema-instance" xsi:schemaLocation="http://schema.primaresearch.org/PAGE/gts/pagecontent/2019-07-15 http://schema.primaresearch.org/PAGE/gts/pagecontent/2019-07-15/pagecontent.xsd"><Metadata><Creator/><Created>2022-04-12T14:31:45</Created><LastChange>1970-01-01T00:00:00</LastChange><Comments/></Metadata><Page imageFilename="0957.png" imageHeight="1331" imageWidth="1179"><TextRegion id="r1" orientation="0.0" type="paragraph"><Coords points="1,1 1177,1 1177,1329 1,1329"/><TextLine id="l1"><Coords points="335,38 335,62 536,62 536,38"/><TextEquiv><Unicode/></TextEquiv><TextEquiv index="1"><Unicode>DACTII</Unicode></TextEquiv></TextLine><TextLine id="l2"><Coords points="85,79 85,114 609,114 609,79"/><TextEquiv><Unicode/></TextEquiv><TextEquiv index="1"><Unicode>Candidus in Ledæ Cignus erat gremio.</Unicode></TextEquiv></TextLine><TextLine id="l3"><Coords points="319,146 435,147 532,144 532,114 270,114 146,116 52,116 36,114 1,114 1,148 218,148"/><TextEquiv><Unicode/></TextEquiv><TextEquiv index="1"><Unicode>Ales &amp; Aſterie cum te decepit &amp; ales</Unicode></TextEquiv></TextLine><TextLine id="l4"><Coords points="679,145 503,145 435,148 322,147 218,149 57,148 57,179 679,179"/><TextEquiv><Unicode/></TextEquiv><TextEquiv index="1"><Unicode>Idem cum puerum traxit ad aſtra Phrygem.</Unicode></TextEquiv></TextLine><TextLine id="l5"><Coords points="664,181 227,181 157,183 51,181 51,214 389,214 457,213 488,211 545,211 551,214 664,214"/><TextEquiv><Unicode/></TextEquiv><TextEquiv index="1"><Unicode>Quid referam Inachiæ toties mutata luuencæ,</Unicode></TextEquiv></TextLine><TextLine id="l6"><Coords points="86,213 86,246 488,246 488,213"/><TextEquiv><Unicode/></TextEquiv><TextEquiv index="1"><Unicode>Ora vel Arctoiſidera ſixa poli?</Unicode></TextEquiv></TextLine><TextLine id="l7"><Coords points="658,245 498,245 440,248 149,250 50,248 50,281 383,281 449,279 606,279 610,281 658,281"/><TextEquiv><Unicode/></TextEquiv><TextEquiv index="1"><Unicode>Cur doleat Iuno. tellus, mare, ſidera præbent</Unicode></TextEquiv></TextLine><TextLine id="l8"><Coords points="544,281 87,283 87,313 544,313"/><TextEquiv><Unicode/></TextEquiv><TextEquiv index="1"><Unicode>Ni contenta ſui parte ſit illa Iouis?</Unicode></TextEquiv></TextLine><TextLine id="l9"><Coords points="705,306 617,306 607,312 577,314 505,313 471,315 310,316 47,315 47,351 75,351 101,349 186,349 230,347 607,347 614,351 705,351"/><TextEquiv><Unicode/></TextEquiv><TextEquiv index="1"><Unicode>Quid. Neptune tuos dicam, quid fratris amores?</Unicode></TextEquiv></TextLine><TextLine id="l10"><Coords points="304,380 547,380 547,348 230,348 186,350 84,351 84,382 261,382"/><TextEquiv><Unicode/></TextEquiv><TextEquiv index="1"><Unicode>Signata eſt flammis Siculis ora ſuis.</Unicode></TextEquiv></TextLine><TextLine id="l11"><Coords points="768,381 304,381 261,383 156,384 94,384 48,382 48,412 768,412"/><TextEquiv><Unicode/></TextEquiv><TextEquiv index="1"><Unicode>Haud immunis abis Mauors, nec prælia tantum</Unicode></TextEquiv></TextLine><TextLine id="l12"><Coords points="85,418 85,448 635,448 635,418"/><TextEquiv><Unicode/></TextEquiv><TextEquiv index="1"><Unicode>Fama canit, notus quam tuus extat amor.</Unicode></TextEquiv></TextLine><TextLine id="l13"><Coords points="161,482 571,481 603,479 745,480 745,446 614,446 521,449 287,448 217,450 101,449 48,450 48,484 113,484"/><TextEquiv><Unicode/></TextEquiv><TextEquiv index="1"><Unicode>Quid Phœbus? Maiaq; ſatus? reliquiq; Deorum?</Unicode></TextEquiv></TextLine><TextLine id="l14"><Coords points="689,512 689,481 454,483 161,483 84,485 84,516 258,516"/><TextEquiv><Unicode/></TextEquiv><TextEquiv index="1"><Unicode>Aut amat, aut nihil eſt quiſquis in orbe Deus.</Unicode></TextEquiv></TextLine><TextLine id="l15"><Coords points="726,514 510,514 460,516 259,516 142,518 48,517 48,550 208,550 324,547 489,546 707,546 715,550 726,550"/><TextEquiv><Unicode/></TextEquiv><TextEquiv index="1"><Unicode>Si pater omnipotens hominumq; deumq; creator</Unicode></TextEquiv></TextLine><TextLine id="l16"><Coords points="670,547 324,548 208,551 93,550 84,551 84,581 320,581 444,579 636,579 670,581"/><TextEquiv><Unicode/></TextEquiv><TextEquiv index="1"><Unicode>Cuius ad imperium quicquid vbique tremit,</Unicode></TextEquiv></TextLine><TextLine id="l17"><Coords points="599,581 321,581 152,585 46,584 46,611 599,611"/><TextEquiv><Unicode/></TextEquiv><TextEquiv index="1"><Unicode>Si numeroſa Deum toties ignara propago</Unicode></TextEquiv></TextLine><TextLine id="l18"><Coords points="84,614 84,646 505,646 505,614"/><TextEquiv><Unicode/></TextEquiv><TextEquiv index="1"><Unicode>Exarſit flammis vſta cupidineis,</Unicode></TextEquiv></TextLine><TextLine id="l19"><Coords points="472,678 546,678 623,681 623,645 357,647 196,651 47,650 47,682 290,682"/><TextEquiv><Unicode/></TextEquiv><TextEquiv index="1"><Unicode>Tale pati iam turpe nihil mortalibus ægris,</Unicode></TextEquiv></TextLine><TextLine id="l20"><Coords points="576,681 345,681 290,683 80,685 80,711 576,711"/><TextEquiv><Unicode/></TextEquiv><TextEquiv index="1"><Unicode>Me vincat, dum ſic vicerit ante Deos.</Unicode></TextEquiv></TextLine><TextLine id="l21"><Coords points="254,725 254,760 516,760 516,725"/><TextEquiv><Unicode/></TextEquiv><TextEquiv index="1"><Unicode>Iamicam fugientem.</Unicode></TextEquiv></TextLine><TextLine id="l22"><Coords points="184,799 279,799 385,796 422,797 422,763 45,763 45,801 146,801"/><TextEquiv><Unicode/></TextEquiv><TextEquiv index="1"><Unicode>Fugiſti ſatis, o ſatis ſuperqs.</Unicode></TextEquiv></TextLine><TextLine id="l23"><Coords points="475,829 475,796 462,796 456,798 385,797 279,800 184,800 122,803 46,803 46,831 380,831"/><TextEquiv><Unicode/></TextEquiv><TextEquiv index="1"><Unicode>Sum longe ſatis, ac ſatis ſecutus.</Unicode></TextEquiv></TextLine><TextLine id="l24"><Coords points="592,826 590,825 540,825 535,828 529,829 476,829 437,831 275,832 148,834 116,836 45,836 45,863 592,863"/><TextEquiv><Unicode/></TextEquiv><TextEquiv index="1"><Unicode>Iam Iam deſine, non ſequar volentem,</Unicode></TextEquiv></TextLine><TextLine id="l25"><Coords points="548,865 546,864 378,864 173,867 99,870 30,870 30,896 547,896"/><TextEquiv><Unicode/></TextEquiv><TextEquiv index="1"><Unicode>Nolentem modo iugiter ſecutus</Unicode></TextEquiv></TextLine><TextLine id="l26"><Coords points="195,932 277,931 376,931 466,929 557,930 557,898 301,898 161,900 110,903 44,902 44,935 145,935"/><TextEquiv><Unicode/></TextEquiv><TextEquiv index="1"><Unicode>Exſpectas cremer &amp; ſequar perenne,</Unicode></TextEquiv></TextLine><TextLine id="l27"><Coords points="195,966 397,962 517,962 528,969 538,969 538,931 466,930 376,932 277,932 195,933 118,937 42,937 42,970 79,970"/><TextEquiv><Unicode/></TextEquiv><TextEquiv index="1"><Unicode>Quod paſſim cupidi ſoleut amantes,</Unicode></TextEquiv></TextLine><TextLine id="l28"><Coords points="487,994 487,963 334,964 80,970 53,972 46,971 46,996 397,996"/><TextEquiv><Unicode/></TextEquiv><TextEquiv index="1"><Unicode>Cœlo cum loue teſte polliceri</Unicode></TextEquiv></TextLine><TextLine id="l29"><Coords points="263,1031 367,1030 417,1027 562,1025 568,1024 576,1020 576,995 453,995 359,997 332,999 230,999 133,1002 111,1004 45,1003 45,1033 238,1033"/><TextEquiv><Unicode/></TextEquiv><TextEquiv index="1"><Unicode>Dura vt pectora molliant amantis.</Unicode></TextEquiv></TextLine><TextLine id="l30"><Coords points="273,1064 386,1063 445,1060 566,1060 566,1027 467,1027 326,1032 263,1032 238,1034 165,1034 139,1036 45,1037 45,1066 234,1066"/><TextEquiv><Unicode/></TextEquiv><TextEquiv index="1"><Unicode>Non ſum qui fueram, color nec idem,</Unicode></TextEquiv></TextLine><TextLine id="l31"><Coords points="526,1065 273,1065 234,1067 162,1067 96,1070 46,1069 46,1095 526,1095"/><TextEquiv><Unicode/></TextEquiv><TextEquiv index="1"><Unicode>Nec vultus tibi, nec vigor, nec ætas.</Unicode></TextEquiv></TextLine><TextLine id="l32"><Coords points="44,1097 44,1129 429,1129 429,1097"/><TextEquiv><Unicode/></TextEquiv><TextEquiv index="1"><Unicode>At tu ſollicitam ſecutionem</Unicode></TextEquiv></TextLine><TextLine id="l33"><Coords points="345,1162 444,1162 444,1129 185,1133 104,1137 44,1136 44,1165 299,1165"/><TextEquiv><Unicode/></TextEquiv><TextEquiv index="1"><Unicode>In ſola poſitam ſuga putabas.</Unicode></TextEquiv></TextLine><TextLine id="l34"><Coords points="434,1195 434,1163 345,1163 299,1166 208,1166 132,1169 46,1170 46,1197 302,1197"/><TextEquiv><Unicode/></TextEquiv><TextEquiv index="1"><Unicode>Sic olim leporesq; capreæq;,</Unicode></TextEquiv></TextLine><TextLine id="l35"><Coords points="487,1230 487,1196 303,1197 71,1204 45,1203 45,1232 401,1232"/><TextEquiv><Unicode/></TextEquiv><TextEquiv index="1"><Unicode>Sic ceruus mihi longius placeret.</Unicode></TextEquiv></TextLine><TextLine id="l36"><Coords points="736,1228 736,1255 840,1255 840,1228"/><TextEquiv><Unicode/></TextEquiv><TextEquiv index="1"><Unicode>In i-</Unicode></TextEquiv></TextLine><TextEquiv><Unicode/></TextEquiv></TextRegion></Page></PcGts>