1179 1331
946 1 982 34 I
335 38 536 62 DACTII
791 36 898 68 tss
949 62 982 92 :
85 79 609 114 Candidus in Ledæ Cignus erat gremio.
1 114 532 148 Ales & Aſterie cum te decepit & ales
949 132 983 160 I
57 145 679 179 Idem cum puerum traxit ad aſtra Phrygem.
949 160 984 209 l
51 181 664 214 Quid referam Inachiæ toties mutata luuencæ,
948 209 984 246 I
86 213 488 246 Ora vel Arctoiſidera ſixa poli?
50 245 658 281 Cur doleat Iuno. tellus, mare, ſidera præbent
87 281 544 313 Ni contenta ſui parte ſit illa Iouis?
47 306 705 351 Quid. Neptune tuos dicam, quid fratris amores?
84 348 547 382 Signata eſt flammis Siculis ora ſuis.
48 381 768 412 Haud immunis abis Mauors, nec prælia tantum
85 418 635 448 Fama canit, notus quam tuus extat amor.
48 446 745 484 Quid Phœbus? Maiaq; ſatus? reliquiq; Deorum?
84 481 689 516 Aut amat, aut nihil eſt quiſquis in orbe Deus.
48 514 726 550 Si pater omnipotens hominumq; deumq; creator
84 547 670 581 Cuius ad imperium quicquid vbique tremit,
46 581 599 611 Si numeroſa Deum toties ignara propago
945 604 981 637 I
84 614 505 646 Exarſit flammis vſta cupidineis,
945 637 980 654 I
47 645 623 682 Tale pati iam turpe nihil mortalibus ægris,
80 681 576 711 Me vincat, dum ſic vicerit ante Deos.
254 725 516 760 Iamicam fugientem.
45 763 422 801 Fugiſti ſatis, o ſatis ſuperqs.
46 796 475 831 Sum longe ſatis, ac ſatis ſecutus.
45 825 592 863 Iam Iam deſine, non ſequar volentem,
30 864 548 896 Nolentem modo iugiter ſecutus
44 898 557 935 Exſpectas cremer & ſequar perenne,
42 930 538 970 Quod paſſim cupidi ſoleut amantes,
46 963 487 996 Cœlo cum loue teſte polliceri
45 995 576 1033 Dura vt pectora molliant amantis.
45 1027 566 1066 Non ſum qui fueram, color nec idem,
46 1065 526 1095 Nec vultus tibi, nec vigor, nec ætas.
44 1097 429 1129 At tu ſollicitam ſecutionem
44 1129 444 1165 In ſola poſitam ſuga putabas.
46 1163 434 1197 Sic olim leporesq; capreæq;,
45 1196 487 1232 Sic ceruus mihi longius placeret.
736 1228 840 1255 In i-
466 1239 578 1266 l
916 1287 1002 1329 M
