1473 1464
907 132 1154 158 ANDREÆ
648 139 699 161 t6
848 180 1117 210 n amicam ingrtam.
655 208 1376 245 Tempore, amore, fide, precibus, lactymisq;, perenni
689 244 1156 277 Seruitio nunquam flectere te potui.
655 274 1270 314 Quid non perfeci? quid non te piopter omiſi?
689 311 1188 342 Redditur officijs hæccine palma meis?
653 343 1301 378 Quæ pietas? hominis quid in iſto corpore regnat?
691 377 1216 411 Thra flexit Stygios mole minore Deos.
654 411 1257 444 Et dubit it adhuc quis contingentia rerum
639 445 1132 481 Nomina, naturâ nec ratione dari?
922 478 1029 511 De cpſo.
654 510 1166 545 Diffitear ſi forte mea me laude moueri,
689 544 1270 577 Mentiar, humano ſum quando ego ingenio:
655 579 1194 611 Præcipue lalante viro, qui iuie meretur
690 611 1175 644 Laudari: qualem te mihi fama dedit.
657 644 1335 677 Quem Mſæ, quem Phœbus amat, cui fonte relicto
689 678 1176 704 Idalio, comes it & Venus & Chaites.
654 711 1226 744 At mihi cum Muſis nihil eſt, n ura negauit
687 744 1204 778 Carmen Apollinei munera ſacra chori.
653 777 1229 811 Vberibus tibi vernat humus, patnaſſia glebis
685 811 1181 844 Prouenit, & nullo multa labore ſeges.
652 844 1263 878 Nos ſterilem colimus obtuſo vomere terram,
684 878 1132 910 Raraq; defeſſas ludit ariſta manus.
649 910 1241 941 Hæc animo ductante ſibi mens conſcia ſentit,
682 944 1135 979 Et damnat vires debilis inde ſuas.
646 978 1215 1011 Inde tuos animos afflataq; pectora cernens,
561 1007 592 1037 I
646 1011 1145 1037 Neſcit iudicio non darecuncta tuo:
626 1045 1213 1080 Perq; vices animi varias huc fertur, & illuc,
649 1078 1142 1106 Vt leuis aduerſis fluctbus actaratis.
642 1111 1202 1146 Parce farire nouis trepdantia pectora telis,
679 1144 1114 1178 Sit tibi cedentis terga videre ſatis,
641 1176 1230 1212 buia forte meo dum fit Venus aurea Floro:
677 1211 1186 1245 Nate refert molli quo ped tendis iter?
638 1242 1240 1277 Arcusq;, pharetræq;, facesq;, leuesq; ſagittæ?
672 1276 1203 1308 Quq, tuos oculos vitta tegebat, vbi eſt?
622 1307 1265 1347 Verſicolor quo penna abijt? quid veſtibus artus
1312 1350 1428 1376 Conte-
596 1369 704 1405 t
