1124 1354
315 1 524 25 DAII.
771 1 884 28 7
70 36 694 70 Contegis? hac hominem, vel petis arte Deum?
945 27 982 57 I
28 70 610 98 Tle ſub hæc, aliena refers, nec tela nec arcus
68 103 600 137 Nouimus, aut vllas tendimus inſidias,
35 137 718 174 Tunc Venus: haud homini cedet qui nomina fallit,
72 171 584 203 Non alius cœlo regnat inermis amor.
278 205 441 228 Ad Aicam.
34 237 658 269 Vnde tibitantos veniam nouus inter amantes,
60 270 583 303 Si vacat haud dubiis accipe vita notis.
28 303 579 334 Fortunis confiſa ſuis ruit iirita amantum
71 337 620 370 Turba: ego perpetui fretus am oris ope.
34 370 668 403 Hos facies peritura mouet: me forma ſuperſtes.
79 403 667 436 His modo pulera: mihi pulcra pudica places.
31 436 670 471 Quod nihil eſt illis; ſatis eſt mibi, non licet vnâ
73 470 538 504 Eſſe, loqui, miſtis ſeria ferre iocis?
32 505 714 537 Voti hæc ſumma mei tamen, huic vti ſeruiat omnis
72 536 700 573 Quantulacunq; mea eſt ſors, manus, ingenium.
302 571 496 601 Ad Thelſinam.
35 598 748 635 Si te habeo, Theleſina, habeo omnia, ſi omnia præter
4 635 625 671 TeTheleſina habeo, nil Theleſina habeo.
286 671 436 694 Ad amicam.
33 701 602 736 romittis, promiſſa nega, offerſq; negata:
72 736 643 772 Qui ſequitur refugis quique fugit ſequeris.
36 769 686 807 Spreta, ardes gratis ſperrentem ſpernis amatum:
891 765 972 796 I
70 803 565 836 Dilexit, ſperno, diſpeream niſi amas.
300 839 489 862 De reditu amici.
35 869 494 904 Salue præſidium meum, dcuſque,
42 904 519 940 Spes, deſiderium, lepos, voluptas.
27 938 403 966 Salue delitiæ meæ, ſodais:
37 968 489 1003 Tandem poſt varios, amice caſus,
36 1004 478 1036 Poſt .uas hieis feræ procellas,
11 1035 558 1069 .Poſt tam tempora longa, poſt dies tot,
5 1069 492 1101 M vultus datur, en. tuos videre,
36 1103 463 1137 Et etas capere & referre voces.
38 1136 467 1171 Am plexus mihi da diu cupitos,
29 1169 498 1207 Da centum, & cape, baſiationes.
495 1192 855 1230 4Felim
