1458 1439
873 97 1128 123 AN DRE
619 105 675 132 to
625 140 1209 177 Excipiunt cineres venti fluuiuſque tepentest
662 174 1270 211 Quid facis? eſt aliquis & mihi in orbe locus.
626 208 1263 244 Sed quoq; tu moriere: ego te pereunte ſuperſtes,
659 242 1053 276 Ingenij viuam nobilitate mei.
774 275 1180 307 Ad Febrim, torquentem Amatam.
624 307 1316 347 Quid tibicum teneris, Febris audaciſſima, membris?
663 342 1128 374 Iam potes æternos vel violare Deos.
626 374 1262 409 Heu quænam miſeris mortalibus inuida tantum
665 409 1093 434 Sanxerunt nocuæ fatalicere tibil
628 442 1257 476 Non te purpurei tangunt, mea numina, vultus?
667 477 1157 508 Non ætas Stygios apta mouere Deos?
628 508 1201 541 Hoc poteris macie corpus tenuare nefandâ?
665 543 1166 576 Has pallore genas tingere purpureas?
628 576 1194 608 Dijprecor, o, ſi quæ cœlomortalia curant,
662 609 1230 641 Si quà vſquam pietas, hoc prohibete nefas.
627 641 1213 675 Vertite nme ſi quas admiſſo crimine penas
634 674 1164 707 Poſcitis;, in meme vertite tela precor.
627 708 1183 743 Aut ſi forte mori ſixum iuuenilibus annis;
664 743 1165 775 Hora precor miſeros auferat vna duos:
629 777 1329 810 Vel potius, quod magna decet dare Numina munus;
663 810 1184 843 Omnis ab innocuo corpore languor eat.
869 846 1042 869 Ad candidum.
627 876 1204 911 Et puer, & formæ pulcredine dignus amafi,
660 911 1184 943 Miraris quod te, Candide, nullus amet?
624 944 1258 977 Scis quare te nulus amat? quia deſpicis omnas:
635 977 1195 1011 Quæris amatorem Candide? primus ama
878 1011 1024 1044 Ad Nylam.
627 1041 1058 1074 Enoſtrâ rapiens manu libellum,
628 1075 1098 1109 Audacter nimis & nimis proterve;
624 1108 991 1142 Inter nos facis eſſe ſuſpicari
625 1142 1141 1175 Quod te, non dubitem volente, velle.
910 1177 1019 1211 De ſeipſo.
620 1207 1296 1244 Cerua vrſum fugit, agna lupum, lupus ipſe leonem,
599 1241 1264 1277 Accipitrem voluciis, quo ſibi tuta fuga el:
616 1271 1284 1312 Hotes quiſque ſuos. ego ſolus proſequor hoſtem:
1347 1318 1406 1341 Hæc
