1115 1353
338 1 546 28 AACTII.
792 1 900 26 2oI
944 1 983 68 I
88 36 603 72 Hæc mihi onfugij ſola relicta domus,
271 74 540 97 In laudatorem Maulli
53 105 692 141 Quod mihi verſiculos laudas & ſcripta Marulli,
88 139 613 172 Laudo ego, fi laudis terminus vllus erit
55 172 670 206 Sed mihi quod toties laudes, toti ſque Maruli
90 207 614 239 Carmina; confiteor non tolerare queo.
58 239 620 268 Deſine; laudaſti. ſatis eſt: ne forte Marulii
93 272 559 307 Credantur verſus laudis egere tuæ.
309 309 446 331 IDe R cido.
5 340 623 369 Oderunt omnes, dixi, te lancide. at ille,
92 375 668 409 Si potes, inuenias quos ego, dixit, amem.
271 409 551 440 De puero male præcincto.
1 437 726 483 Qud male præcinctum puerum te dixerit Eunus,
91 475 474 499 Lætaris vanis ominis indiciis.
1 498 795 542 Quid cum Syllâ Euno tibi quid cum Cæſare, quamuis
91 541 644 573 Et male præcinctus, & puer, & malus es?
1 572 665 607 Finge tamen factis, animo quod concipis eſſe:
1 602 569 633 Vindice non deerit Caſſis enſe tibi.
317 640 485 671 Ad formoſum.
55 671 623 707 Naturæ ſpecimen quo ſeſe contulit omnis,
936 697 972 730 I
68 707 619 737 Gratia, Mens, Animus, Forma, Pudicitia.
356 744 422 766 Laus.
46 766 676 814 Quiſquis agit formæ tantum de ſaudibus in te.
88 808 560 841 gnorat veræ nomina laudis adhuc.
40 841 701 877 Non ſecus ac Venerem ſi laudaturus Apelles,
41 875 584 909 Ad conchæ laudes rettularit ſpeciem:
50 909 663 940 Dicturisve louem, maieſtatemq; ſupremam,
86 941 579 969 In formâ, laudis triuerit omne decus.
52 970 736 1010 Quæ quamuis eſt, iuſta, tuæ eſt quota portio laudis
55 1007 610 1037 Nec ſecus illa tibi conuenit atque Ioui.
339 1042 500 1066 Ad Paullun.
50 1071 715 1105 Vnum vt conuenias tres, Paulle, relinquis amicos.
89 1106 612 1136 Officium ſi hoc eſt, officioſus homo es.
314 1141 555 1165 De Laurent. Medice.
49 1174 549 1212 O quis Cœlicolum numine dextimo
711 1197 833 1239 Naſcenti
