1460 1530
862 127 1126 153 ANDREÆ
623 169 1068 204 Naſcenti tribnit ſe tibi præſidem.
623 205 1118 240 Vitæ præſidium, & dimidium meæ?
626 238 1066 273 An qui terrifca fulmina Iuppiter
627 272 1038 303 Dextrâ coniicit e ſidereis polis?
627 306 1007 333 Aut de Pierio vertice Delius,
628 336 1097 371 Proſpexit, rediens omine proſpero?
628 371 1133 405 An ſaro implicitus tempora pampino
629 405 1104 437 Indorui domitor, tygribus aſperis
616 439 1093 472 Euectus geminos arduus ad polos?
632 472 1077 505 Armentive dolo raptor Apollinis,
635 505 1071 539 Cui ſerpentigeno dextera lucido.
636 538 1033 571 Ornatur baculo, læuaq; tibia?
636 571 1091 605 Aut quæ de patrio vertice protinus
637 605 1032 637 Sublimi exiliit caſſide fulgida,
638 637 1113 671 Sacratis clypeum cincta dracomibus,
636 672 1127 705 Pallas Gorgoneo lumine? ſeu louis
638 706 1134 739 Coniunx atque ſoror? ſiue ſuperbiens
637 740 1062 774 Per ſiluas variis Cinthia, belluis
636 773 1147 806 Prolratis; numeromixtaq; virginum,
637 808 1139 841 Ingens progreditur cernua per nemus?
638 840 1112 872 Aut cui Diua Paphos ſub ditionibus
638 874 1021 901 Mitis cæruleis edita flctibus
639 907 1061 934 Paret, lammiferâ cui face filius
638 940 1134 975 Ignes, heu, miſeris implicat oſſibus?
639 974 1068 1006 Non vno ſatis ad nobile corporis
637 1007 1052 1034 Exiſtente Deo ſufficiens decus:
638 1041 1094 1074 Incertum generat bella negotium,
639 1074 1089 1109 Conuenere ſimul Iuppiter & Dei.
641 1108 1140 1142 Concordiq; animo, præſide naſceris
638 1141 1121 1174 Diuûm concilio munereq; omnium.
901 1175 1063 1201 Lectori Liber.
644 1207 1251 1241 Sim licet exiguus, Lector, ne ſperne libellum:
670 1241 1210 1273 Perlege; mox dices, grandis vt iſte libers
642 1272 1264 1302 Ima probat moles. formæ vis maxima ſummis.
629 1305 1189 1346 Sic vincit Parias, Indica gemma, molas.
1316 1342 1426 1378 AN-
