1137 1354
330 52 615 79 DARCHII.
36 93 688 128 Declinetque ictus duros, gladiosve, ſed omnes
66 128 751 155 Aut fundunt hoſtm, aut communi clade feruntur.
47 161 701 195 His Colophoniacæ ſi vera eſt fama phalanges
57 195 586 228 Auxil is, noſtem valido fregere duello:
66 227 632 261 Infauſtoque olim cecidiſſent Caſpia Marte
59 261 600 292 Agmina, ni tali defenſa cohorte fuiſſent.
69 294 734 328 Quæ functis patribus meritis vt digna rependant
69 327 621 361 Officia canibus curant communia buſta,
36 360 679 396 Exequiaſq; pares, & eaſdem in funere pompas.
64 393 593 428 Iſtis rex Garamas, ſolio deiectus auito,
36 425 659 461 Militibus regnum, ſedeſq; recepit ademptas.
36 458 698 494 Quin etiam Cymbrum iuuere ad bella ferocem,
68 494 700 527 Saitgu neoque leues tenuere in puluere Carros.
61 526 583 559 Hos Mauruſiacus ſibi Maſſiniſſa parauit
36 559 602 592 Cuſtodes, hominum fidei diffiſus, & iſto
35 591 657 624 Non ſibi conducto ſua ſceptra ſatellite cinxit.
62 625 608 659 Talis & antiquis cuſtos nutritus Athenis;
56 658 732 693 Phœbigenæ quoniam moitoſacra vecta Epidauro
58 692 594 724 Sacrilego vigli ſeruafſet ab hoſte latratu.
61 725 662 762 Quid referam quos auratis Minoia templis,
59 759 676 794 Creta refert poſitos vigiles? quoſq; inſula ſolis
59 792 605 828 Carpathij celebrat ſeruantis littora ponti?
57 825 738 864 Adde etiam, quod nulla homini mage prodiga grati
55 858 610 896 Officij quadrupes, dominiſq; fidelior ipſis:
56 894 712 930 Nam mouet ad numeros ſe ſe; & quo iuſſeris ibit
56 926 675 961 Ocyus, ad nutus iterumq; iterumq; recurrens:
51 959 612 991 Frigoribu vinci, aut rabioſo neſcius aſtro.
51 992 599 1027 Et licet Herculeis fugias à Gadibus vſque
49 1025 724 1059 Ad Tanaim, aut Arabas, rutiliq; volumina Gangis,
50 1056 706 1092 Vſque ſequetur ouans, tua nec veftigia quoquam
48 1091 606 1125 Deſeret, ac lateri ſemper comes ibit herili.
48 1123 589 1159 Siſtis iter? ſiſtit. properas? velocius Euro
46 1156 657 1192 Scindit in obliquum campos, cutſuq; laceſſit
41 1190 684 1226 Aërias volucres. quod ſi poſt terga relinquas
35 1222 791 1259 Nam dominum ccbo adſpiciens obſeruat entem
770 1252 866 1296 e
