1171 1348
252 41 534 69 DARCHII.
40 79 649 120 Nocte dieq; animo curas; noua vulnera paſcit
37 117 580 157 Irrequietus amor, triſteſq; exaſperat iras:
40 150 608 190 Exangues donec vigor omnis deſerat artus,
40 182 627 222 Defeſſoque ſuper ſua fata cadauere claudant.
40 215 660 256 Adde quod, infixos memori ſub pectore vultus
41 252 607 289 Conſpectoſq; ſemel, nullo obliuiſcitur æuo.
41 285 655 319 Iam duodena ſuo percurrens aftra rotatu
40 320 603 351 Bis denos radii s Titan luſtrauerat annos;
39 354 554 391 Ex quo Dulichios fines, Laërtia regna.
39 380 616 425 Liquerat, & bello, & fluctu, iactatus Vlyſſes:
38 411 693 459 Quum tandem poſt multa trucis diſcrimina ponti
39 452 604 490 Contigit optatos portus, placidaq; quiete
37 484 624 521 Fata dedere viro, atq; Ithacâ tellure potii:
36 517 635 558 Iam neque Penelopæ, fractoq; ætate parenti,
38 551 681 585 Non Eumo. non Telemacho, ſed cognitus Agro
37 584 699 625 Tantum erat, effœtis languenti viribus Agro.
36 610 711 657 Non tibi pulchra Tyros tantum tua purpura debet,
37 649 621 694 Quanuis ardenti ſaturatas murice veſtes
35 675 736 725 Læta geras quantum canibus: nec Sydonis eſſet
35 717 600 757 Lana repercuſſis vibraus fulgoribus ignes.
18 753 691 789 Ni canis Alcidæ ſcopuloſo in littore reptans,
36 786 578 823 Puniceo primum tinxiſſet labra veneno.
39 811 698 859 Nunc age, quis ville melior, gregibuſque tuendis
40 851 573 894 Quæ volucri ſoboles curſu naſove ſagaci
37 882 706 927 Sit potior nec enim ſolers dedit omnibus vnum
38 914 652 957 Natura ingenium quæ ſit ratio optima prolis
35 948 693 993 Formandæ, quo Muſa mihi dabit ordine dicam.
37 984 513 1026 Ille igitur cui differtæ cuſtodia villæ
36 1015 591 1055 Creditur, & vigili triſtes in limine dantur
36 1048 600 1092 Excubiæ, durum condiſcat ferre laborem
36 1077 648 1121 Ateneris, pinguique ſero gliſcentia paſcat
36 1107 696 1158 Corpora, ſub gelido recubans ſine ſtramine did:
35 1145 626 1186 Tum furuum villo fallat nigrante colorem
38 1178 621 1220 Noctis, vt excubias obſcuro celet amictu.
39 1213 589 1258 Sed qui ſub vigili ſimas paſtore capellas.
734 1228 827 1261 Balam-
