1510 1474
930 157 1174 184 IOANNIS
624 144 715 198 o
588 198 1307 268 c
672 260 1356 297 Aſſimulet, ſubitoq; lupum improuiſus hiantem
673 298 1280 331 Terrcat aſſultu, & trepidis depellat ab hœdis.
674 331 1246 365 Quod ſi te montes venabula ferre per altos
412 342 444 381 i?
671 365 1251 398 toloſque iuuat per ſaltum tendere caſſes,
671 399 1291 431 Ipſe tibi audaces Spartanæ gentis alumnos,
674 431 1326 464 Nam ſtabulis villæ melior, gregibuſq; moloſſus
669 465 1232 499 Elige, robuſtâ quibus à ceruice reiectæ
672 498 1215 531 Ad terram veniant autes, hirſutaq; denſo
672 532 1281 564 Colle pilo latos fundant cum clunibus armos.
671 565 1310 598 Adde etiam Albanos, qui quantum viribus apris
672 597 1239 631 Occurſare valent, fuluoſq; æquare leones,
659 631 1293 665 Et vaſto indomitos certamine frangere tautos:
670 664 1213 699 Aligeras tantum curſu præuertere damas.
672 697 1274 733 Sunt & Locrenſes catuli, ſunt Arcades, atque
670 731 1279 765 Gypria quos Salamis, quos diues Iberia paſcit.
670 764 1221 800 Sunt & odoriſequâ celebres indagine, ſolis
669 797 1171 832 Naribus inſuetos inueſtigare receſſus,
667 830 1207 866 Secretoſq; ferædocti deprendere calles.
664 862 1233 899 Hos, ſimul ac fœtæ liquëre cubilia matris,
663 896 1257 933 Notaq; deſpiciunt iam faucibus vbera duris
659 929 1212 966 Mollibus aſſueſcas epulis, pinguiq; ferin
648 961 1240 999 Sæpe auidos acuas dentes; ceruiq; cruentum
650 995 1237 1031 Ad ſpolium latrare doce. exuuiaſq; recentes.
395 1008 427 1045 t
648 1028 1233 1064 nde tibi in vacuos educere proderit agros,
652 1060 1277 1096 Vmbroſas nemorum valles, & inhoſpita teſquu.
645 1094 1160 1123 Ora tamen loro forti clamoſa tenebis,
648 1126 1196 1161 Hec niſi firmatos vnquam patiere furent
645 1159 1209 1195 Setigero, aut ſeſe venienti opponere ceruo.
648 1193 1227 1227 Acrius in vetitum tendent, inuitaq; habenu
638 1222 1197 1259 Colla reluctantum cupient exire miniſtri.
640 1255 1168 1290 Interea ſi frte graui ſpiramineraucum
638 1289 1273 1324 Imcrepuit cornu, toto iam pectore prædam
619 1321 1276 1360 Concipiunt queruloq; replent lata hoatu
1353 1361 1507 1388 Inde
