1123 1353
237 12 557 49 BARC I I.
37 60 670 99 de ſuos etenim Lacedæmon Achaica laudat;
40 99 592 133 Aſſueti quoniam ſiluis, cupidiq; ferarum
4 132 609 166 Præcipiti feruore ruunt. perq; inuia luſtra,
8 165 631 198 Conualleſq; cauas, & ſentibus horrida duris
42 199 598 232 Arua, & vulnificis dumeta rigentia ſpinis
52 232 654 265 Dente rotant prædas, indefeſſiq; ſequuntur
25 266 709 299 Quod ſemel emiſſum eſt, illos non obuius amnis
53 299 583 332 Vicinos dirimens ſinuoſo gurgite colles,
40 332 593 364 Siſtit, nec rapidos lato tenet obice curſus.
43 365 588 399 Et licet aſſiduo frangantur anhela boatu
46 399 657 433 Ora, trahantque ægros afflictis viribus artus,
52 432 681 467 Aſſequier tamen eſt animus: concufſa fragorem
43 465 656 494 Silua dat, alta ſonant late loca, curua reſultant
44 499 669 534 Littora, miſcentur totis fera murmura campis,
43 532 595 562 Diuersà veniunt præſtantes dote Moloſſi
55 565 665 598 Diuerſi ingeniis, non omnibus omnia prftat
48 597 606 632 Natura, at vario ludit diſcrimine morum.
44 630 694 662 Nam cum ſint volucris non vltima gloria curſus,
58 664 612 697 Nec ſæpe audaci formident impete fuluos
47 696 713 732 Frangere apros, ceruoſque fugâ verſare pauentes,
59 731 570 759 Vberior tamen eſt illis, & fortior inde
48 763 709 798 Laudis cauſſa venit, molli quod tempora ſomno
50 798 659 832 Pauca terunt, ſeu flamigero det lumina curru
49 832 603 865 Phebus, feu niueas agitat Latonia bigas,
61 865 744 899 Somnifero obliquum voluens iubar axe per orbem.
61 899 578 932 Sed vigili domino curâ, raroq; cadente
58 928 699 964 Lumine proſpiciunt, & herilia murmure circum
58 964 681 998 Clauſtra fremunt, ne ſint nocturno peruia furi,
51 997 642 1030 Neve lupo, tutaq; greges ſtatione quieſcant.
51 1030 629 1063 Sin autem vacui ſpatioſa per æquora campi
59 1061 646 1100 Auritum tepidoleporem exturbare cubili,
56 1093 692 1131 Accipitremq; iuuat volucri prætendere apricæ,
58 1125 647 1165 Hic tibi ſunt humiles villo breuiore legendi,
58 1159 719 1195 Indidit ipſa ſuum quibus olim Hiſpania nomen.
59 1195 591 1234 Hi ſi forte leuis toto lepus errat in aruo.
773 1217 867 1257 Pom
