1506 1529
914 149 1157 180 IOANNIS
644 261 1224 296 Scrutantur, validis iterum ſudata iuuencis:
644 294 1243 329 Nec prius abſiſtent puttes percurrere glebas,
644 327 1259 363 Et ſtudium tremulo caudæ oſtentare flabello,
644 361 1250 396 Quàm veſtigati ſubito lepus æquoris ampla
644 395 1238 429 Corripiat ſpatia, & campo ſe credat aperto.
666 429 1251 462 Ocyus inſequitur Pterelas, curſuq; citato
666 463 1153 495 Interualla facit lati deereſcere campi.
667 494 1315 529 Iam proprior propiorque micat, iam captat hianti
668 529 1306 567 Summa pedum roſtro iam terga fugacia ſtringit.
668 562 1306 596 Ille pauet, flexoque obliquat tramite curſus,
668 596 1326 628 Et dubiâ trepidans formidine,iamque teneri
670 628 1247 662 Se putat, & rurſum tangentis ab ore recedit;
668 662 1276 696 Fataque momento ſibi prorogat, æmula donec
665 695 1305 728 Roſtra leuis mergat miſerando in corpore victor,
665 729 1284 762 Fulmineus victor, gemino cui tramite lumbos
664 761 1180 796 Spina ſubit graciles, & caſtigata cocrcet
664 795 1236 822 llia ſubſtrictus venter: ſtant crura volantem
664 830 1239 863 Præteritura Notum, longo internodia ductu
662 863 1247 896 Pes gerit, in cœlum tolluntur acumine bina
661 895 1202 930 Auriculæ, flexoque in læuia tergora gyro
661 929 1188 955 Erectæ redeunt falcata volumine caudæ.
650 962 1244 996 Sunt humiles etiam Melitæa ex gente catelli,
658 995 1249 1028 Quos gremio geſtare ſolent Heroides, hique
658 1027 1262 1061 Nec curſu celerem ſectantur præpete ceruum,
656 1061 1307 1093 Nec lato pauidum leporem ſcrutantur in aruo:
656 1092 1257 1126 Veſte ſedent fluxâ, & pedibus Mileſia calcant
658 1126 1278 1160 Serica, ſub Tyrioq; recumbunt molliter oſtro:
656 1159 1291 1193 Nunc caput exeitant gremio, ſaliuntq; decorum
653 1191 1241 1225 Nobilis in vultum dominæ, luſuque fatigant
650 1223 1189 1259 Labra corallino modicum ſuffuſa rubore,
647 1256 1268 1291 Vernanteſque genas, & ebur ſuperantia colla,
652 1289 1249 1324 Smaragdoque graues digitos, & Perſide gaza:
648 1320 1239 1365 Nunc tenui latare ſono pictoque videbis
1257 1356 1419 1397 Laſciuire
