1159 1343
336 25 609 49 DARCHII.
56 66 649 103 Laſciuire toro, aut nitidâ iuueniliter aul.
92 101 714 137 Hoc mihi, Cœlicolæ, triſtes lenimine curas,
93 134 650 170 Tædiaque humanæ concedite pellere vitæl
93 157 816 204 Hac, vtinam mea vota tenus ſint improba, nunquam
91 199 681 234 Diuitias Arabum ingentes, opulentaq; Crœſi
92 228 807 270 Regna petam, nunquam vt vanos mihi purpura faſco
94 267 643 302 Oſtentet, populi applauſu plebiſq; fauore
91 300 661 336 Sollicitis precibus Superos ambire iuuabit.
90 333 700 371 At ſiluæ, gelidique ſpecus, caua luſtra ferarum,
89 368 631 403 Ruraque & arcana labentia flumina valle
90 396 851 435 Sunt animo: hie reliquum vitæ, atque extrema ſororu
88 434 678 468 Penſa mihi rumpi exoptem, ſecurus ab omni
88 468 675 501 Inuidiâ, & miſerà procul ambitione, beatus
90 501 662 528 Sorte humili, & triſti curarum liber ab æſtu.
89 535 662 570 Talia condebam Venuſino lentus in agro:
89 567 668 602 Dum pueii quorum ratio mihi carior omn
80 595 721 634 Laude fuit reditum ad Muſas, recidiuaq; feſſo
88 629 828 670 Indulgent ſtudia, & ferulæ ſceptra improba ceſſant.
144 686 828 737 AISDVCCH,
293 734 647 772 BRI.
303 772 583 796 In mortem Liuia Calinæ.
72 791 872 867 N RIDEM forma inſigni, ſuperanfq; pudicam
147 836 706 872 Romanam, interiit Liuia, pulcra decens.
88 870 739 904 Im erat & Veneri formâ, & par mente Mineruæ,
127 903 687 938 Et tamen, heu, talem Mors rigida eripuit.
97 938 685 969 Credebam Diuos haud fati ſceptratimere:
126 969 684 1005 Diua tamen quamuis hæc foret, occubuit.
88 1002 707 1037 Sed maior Dea facta niter, ſed gaudet Olympo.
132 1035 640 1075 Qui patet excelſis nobilibuſq; animis.
87 1066 734 1107 ternum vale Diua potens, ſiduſq; benignum;
128 1102 722 1139 Fumentq; ad tumulum tura Sabæa tuum.
59 1132 649 1177 Spargat odoratos flores & cinnama virgo
129 1164 642 1208 Teque canat verſu docta Thalia graui:
89 1198 673 1237 Clarior vt morte inuitâ tua fama reſurgat;
751 1216 900 1260 Mileque
