1200 1388
375 30 598 71 DVCCHI.
114 75 766 110 ythia, ſidereos oculos, tenerumq;, Sabella,
147 110 753 145 Concinam inæquali ſed tamen arte ſinum.
341 145 656 177 Ad Cynthiam & Sabellam.
110 177 737 210 Impatiens miratur Amor, quod, Cynthia, nobis
149 211 669 244 Es cordi, & quod te, pulcra Sabella colo.
116 244 769 278 At verum expertus dico fateorque, quod vnquam
145 277 670 310 Diuiſus dulcis non erit vllus amor.
110 300 862 356 Vos quod amo ſimul, hæc cauſſa eſtni fallor honeſt
83 344 766 376 Cynthia namq; anima es, corq; Sabelle, meum.
109 376 715 409 Vt ſine corde nequit corpus mortale vigere:
96 411 615 442 Sic animâ ereptâ corpus inane perit.
98 441 778 477 Viuam igitur longum vt ſeclum, vos ſtamina noftræ
141 476 659 509 Vitæ, oculis animam, corq; vouete ſinu.
354 512 577 542 Epitaphium Iul G.
105 542 789 575 Hæc quæ nuper erat pulcerrima conditur, inq; hoc
140 575 706 608 Conduntur tumulo Iuno, Minerua, Venus.
105 607 754 640 Hic tela, hic ignes, arcuſq; Cupidinis, inges
139 641 607 672 Et decus, & ſanctæ norma pudicitiæ.
102 672 770 706 Aduena qui tranſis luge, & ſimul adſpiee: namque
138 708 645 742 Quæ nihil eſt, Orbis gloria nuper erat.
312 741 641 771 In mulierum veſtes caudatas.
100 773 753 808 Sclicet hæe noſtris deerat quoq; fabula damnis,
135 807 629 841 Cauſſaq; fœmineæ maxima nequitiæ.
97 839 724 874 Non erat implicitis ſat frontem ornare capillis,
96 874 641 907 Et faciem exhauftis fingere pixidibus?
98 905 647 939 Ipſum coceineis intexere veſtibus aurum?
136 939 708 972 Atq; ipſum in varios flectere mille modos?
95 973 665 1005 Pellibus & Scythicis hiemes vitore niuoſas?
134 1006 603 1038 Atque æſtus pennis pel ere Niliacis?
97 1038 657 1071 Cingere ab extremo deductis orbe lapillis
133 1071 689 1106 Non digitos ſolum, at brachia, colla caput?
94 1103 716 1136 Officiumq; pedum curuis mandare quadrigis?
129 1136 702 1170 Magna ancillarum vos comitante manu?
92 1165 770 1203 Ni quoq; cauda ſimul traheretur longior ipſo
121 1202 667 1236 Corpore, quæ cænum perpetuo raperest
759 1222 896 1272 ruu
