1508 1483
959 135 1204 160 CSARIS
697 149 748 172 904
699 179 1246 214 Pulueris aut nubes oculis offerret inanes?
735 215 1259 246 Et cœlum lætum, redderet ambiguum?
700 246 1436 281 Vnde hæc cauda orta? vnde hanc vos ſumpſiſtis orexim?
736 281 1288 321 Quid potuit? vobis commoda quæve tulit?
702 315 1204 348 Impia traxiſti vos contra bella ſolutæ,
403 322 437 358 t
737 349 1193 382 Adiungit vobis & graue ſeruitium.
704 381 1274 415 Non ſimilem pictus caudam lunonius ales,
738 415 1337 448 Non Leo, non talem lubricus anguis habet.
704 450 1257 483 Sed vos codarum liceat componere. vero
738 482 1265 516 Verba antiqua nimis ſollicitauit amor.
702 515 1298 550 Hæc ſunt illa quibus Circem ſuperabit Vlyſſes
740 550 1267 580 Pocula; nam Circes pocula nulla dabat.
703 581 1323 616 Hæc ſunt illa quibus m dicamina vicit laſon
737 617 1223 649 Medeam; magicis artibus illa minor.
711 649 1242 683 Non igitur mirum ſi vos ea gloria tangit,
740 683 1211 717 Si vos illarum maximus vrget amor.
700 715 1268 748 Abſit at omnino, nec retro cauda trahatur:
734 749 1287 775 Additis hæc noſtris nam mala multa malis.
700 782 1289 816 Cerera concedet facilis Deus ille puellis,
737 816 1237 853 Qui potuit cœlo ducere sæpe Iouem.
953 853 1043 885 Tipyrus.
699 880 1411 916 Tityrus ardet amans, pecudes dum graminæ tondent,
731 916 1128 950 Et texit rutilis lilia verna roſis:
696 949 1344 982 Bacchaturq; mod, dum fallere quærit amorem,
731 983 1228 1014 Et valles pæan & nemus omne ſonat.
696 1015 1294 1049 Interdum querulâ modulatur carmina voce,
729 1049 1253 1081 Et tacitæ accipiunt verba dolentis aues.
696 1082 1270 1114 Spernis, Hyella, tuum crudelis Tityron?ecce
729 1114 1296 1149 Nunc mihi mille greges paſcu læta tenent.
694 1147 1275 1180 Ecce ferunt calathis plenis tibi dona Napeæ,
728 1180 1292 1212 Serpillum & violas; munera noſtra tamen.
692 1212 1310 1246 Sed mihi quid volui? mea ruſtica deſpicit eheu.
724 1245 1289 1279 Verba diu, ſequitur dum Corydona ſuum.
687 1279 1368 1310 Sernat & illa licet, iam non minus vtet amantem,
721 1311 1265 1346 Nec teuocare gradum iacta ſagitta poteſt.
1317 1345 1463 1381 Epitaphium
