1073 1354
316 15 529 49 DVCCHI
303 61 550 94 Epitaphium Amorit.
28 91 746 129 Cum pharetra extinctus iacet hic teliſque Cupido,
92 127 664 161 Et ſobolem hæc Paphiæ continet vrna Deæ.
28 159 716 195 Nam dum blanditur, faciliſque indulget, vt Ægle
90 194 556 226 Marmareâ tangat noxia tela manu;
29 226 665 265 Illa animo verſans, quâ poſſet tuta triumphum
63 261 626 295 Magnificum titulis addere fraude ſuis,
29 295 756 327 Incautum adgreditur puerum, ac nil tale timentem,
80 328 608 354 Et ſtatim ex humeris abſtulit arma Dei.
29 360 686 395 Mox arcum intorquens curuatum cominus illi,
93 395 575 428 Tu qui nuper eras imperioſus Amor;
29 426 698 461 Otia qui Diuûm toties hominumq; reuoluens,
91 460 565 495 Duxiſti ante aa clara trophæa tua;
29 495 667 528 Imodo, dixit, inops viuas, & ſceptra peroſus.
88 527 627 559 Vincula & imperium dſce ſubire meum:
29 559 605 592 Et ſæuo tenerum traiecit vulnere pectus,
90 593 601 626 Vulnere quo tacti tot periere homines.
53 625 677 658 Inſolitum ardorem tunc ipſæ hauſere medullæ,
89 659 586 694 Et fuit igne ſuo pulcer aduſtus Amor:
50 690 675 727 Ignoranſque locum, cui ſe committere poſſet,
86 727 552 759 Virginis in tenero delituit gremio:
23 759 642 793 Et velut in tutà requieuit conditus arce,
93 784 671 826 Atque Dei reliquum nilniſi nomen erat.
41 826 722 860 Hæc vero in miſeros contorquens ſpicula amantes,
82 859 619 886 Illa Amor, illa fuit maxima in orbe Dea.
45 893 679 927 Iupiter at regnum ereptum indignatus Amori
88 927 620 959 Deceptam Veneris progeniemque dolo;
47 959 601 986 there ab ardenti telum demiſit; & illâ
52 992 604 1023 Percuſsâmiſerum cæſus vterque ruit.
53 1023 715 1057 Occultum puerum occidit nam fulmen hiulcum,
86 1057 659 1091 Ægles dum properans pectora pulcra petit.
49 1089 691 1123 Et facile hoc potuit miſero contingere , qui tune
88 1124 588 1157 Sorte puer, nudus, cæcus, inermis erat:
47 1155 630 1189 Flos velut à valido is periit proſciſſus aratro;
44 1188 618 1228 Hæc velutà rapidis fracta carinæ Notis.
771 1221 838 1246 Iato
