1073 1354
788 1 1038 55 I
316 15 529 49 DVCCHI
303 61 550 94 Epitaphium Amorit.
2 91 746 129 Cum pharetra extinctus iacet hic teliſque Cupido,
92 127 664 161 Et ſobolem hæc Paphiæ continet vrna Deæ.
3 160 716 195 Nam dum blanditur, faciliſque indulget, vt Ægle
960 151 1036 192 i
929 173 968 218 I
90 194 556 226 Marmareâ tangat noxia tela manu;
1 226 665 265 Illa animo verſans, quâ poſſet tuta triumphum
63 261 626 295 Magnificum titulis addere fraude ſuis,
952 258 1033 311 i
18 295 756 327 Incautum adgreditur puerum, ac nil tale timentem,
80 328 608 354 Et ſtatim ex humeris abſtulit arma Dei.
1 361 686 395 Mox arcum intorquens curuatum cominus illi,
926 381 960 410 .
93 395 575 428 Tu qui nuper eras imperioſus Amor;
1 427 698 461 Otia qui Diuûm toties hominumq; reuoluens,
91 460 565 495 Duxiſti ante aa clara trophæa tua;
1 495 667 530 Imodo, dixit, inops viuas, & ſceptra peroſus.
88 527 627 559 Vincula & imperium dſce ſubire meum:
924 536 959 574 I
3 560 605 592 Et ſæuo tenerum traiecit vulnere pectus,
923 574 959 614 II
90 593 601 626 Vulnere quo tacti tot periere homines.
53 625 677 658 Inſolitum ardorem tunc ipſæ hauſere medullæ,
89 659 586 694 Et fuit igne ſuo pulcer aduſtus Amor:
50 690 675 727 Ignoranſque locum, cui ſe committere poſſet,
86 727 552 759 Virginis in tenero delituit gremio:
920 736 955 776 ll
23 759 642 793 Et velut in tutà requieuit conditus arce,
920 775 954 804 t
93 784 671 826 Atque Dei reliquum nilniſi nomen erat.
41 826 722 860 Hæc vero in miſeros contorquens ſpicula amantes,
82 859 619 886 Illa Amor, illa fuit maxima in orbe Dea.
45 893 679 927 Iupiter at regnum ereptum indignatus Amori
877 914 997 966 i
88 927 620 959 Deceptam Veneris progeniemque dolo;
47 959 601 986 there ab ardenti telum demiſit; & illâ
52 992 604 1023 Percuſsâmiſerum cæſus vterque ruit.
53 1023 715 1057 Occultum puerum occidit nam fulmen hiulcum,
86 1057 659 1091 Ægles dum properans pectora pulcra petit.
49 1089 691 1123 Et facile hoc potuit miſero contingere , qui tune
88 1124 588 1157 Sorte puer, nudus, cæcus, inermis erat:
47 1155 630 1189 Flos velut à valido is periit proſciſſus aratro;
44 1188 618 1228 Hæc velutà rapidis fracta carinæ Notis.
771 1221 838 1246 Iato
464 1222 594 1248 l5
875 1258 983 1305 .
