1490 1453
1029 147 1188 187 IANI
721 207 1306 241 Iratohæc cecidit Ioue: regnum perdidit ille,
755 241 1207 275 Igne ſuo vitam perdidit igne Iouis.
721 275 1387 308 Nec tamen hunc rapuit mortales quæ rapit omnes;
757 307 1271 341 Sed propriâ exftinxit Iupiter ipſe manu.
876 400 1341 444 IANIETRVSCI.
904 469 1326 502 Cur Poeta hac atatein pretis non fint.
712 498 1429 567 VOD contemta iacet per tempora noſtra Poëſi,
781 533 1358 569 Resq; ſit in pretio carmine nulla minus,
721 568 1318 601 Ediderint plures cum ſæcula nulla poëtas;
755 596 1355 635 Quàm quos calchographi cura ſubinde parit:
721 633 1323 666 Conqueritur vatum celeberrima turba, reuerti
753 667 1258 702 Vatibus Auguſti ſæcla benigna vouens.
715 696 1339 731 Vt tamen hæc redeant, Mecænas, Cæſar & ipſe:
751 733 1242 770 Munificos noſtris vatibus eſſe putem?
718 763 1354 802 Mæuius, atque comes Bauij cum plurimus Anſer
753 800 1221 835 Obrineant Flacci Virgiliiq; locum?
885 837 1228 869 Ad Iacobum Pſeudopotam.
715 866 1412 901 Terve, quaterve tuo cum ſint Epigrammata centum,
749 899 1305 933 Pagiua tam magno vix tamen vlla libro eſt,
711 932 1294 967 Qu non Detractor, vel Loilus ipſe minaces
746 967 1235 997 Excipiat morſus, ſed ſine dente, tuos.
709 997 1294 1033 Infima, ſi neſcis, non vnquam dente laceſſit
745 1032 1262 1066 Inuidia, at ſummo quæ videt eſſe gradu.
708 1063 1361 1100 Ipſe adeone malum quenquam, Iacobe, Poëtam
742 1098 1219 1129 Reris, vt inuideat verſibus ille tuis?
932 1132 1225 1165 De puellarum femoribus.
708 1161 1352 1196 Cauſſa triplex, rebus feruentes ſummouet æſtus,
740 1197 1216 1230 Quælibet vt reddat frigidiora niue;
705 1229 1356 1262 Vmbra ſilens; placido ſpirantes murmure venti;
739 1263 1224 1295 Humor & aſſidue præterenntis aquæ.
704 1292 1293 1327 Hinc eſt quod teneris ſemper frigere puellis
674 1326 1194 1364 Inuenies, libeat ſi tetigiſſe femur:
1402 1354 1488 1394 o
