1118 1352
879 7 956 60 I
303 38 548 64 ETRVCI.
790 51 838 74 ?
6 74 701 116 Quod liquidi irrigant fontes per opaca viarum.
92 116 595 150 Adſpirant blando flamine ſæpe nates.
256 150 558 180 No feſtiua, ſed breus.
883 155 956 201 I
56 182 575 216 Nocte fui totâ teneræ poſſeſſor amicæ:
88 215 644 250 Mille dedit Iſus nox mihi, mille iocos.
1 243 657 282 Inuida ſed nimium quæ præcipitata ruit lux,
92 282 545 311 Illa meos luſus abſtulit, illa iocos.
22 314 629 350 Quantumuis nitido radies fulgore coruſca,
59 349 666 376 Tu mihi lux tenebras, nox dedit illa diem.
293 384 544 417 In Tmbgeontem.
56 417 641 455 Decrepitus cernens ciuili Marte peremptum
92 450 552 483 Iam mortale genus fatiferaq; lue,
1 482 670 516 Vxorem duxit iuuenem, quo gentibus orbum
94 517 562 548 Orbem fœcundâ ſic reparet ſobole.
53 548 639 583 t opus eſt viſo, ne qui nunc tradere vitam
90 583 647 616 Vult aliis, ſubeat pro thalamo tumulum-
885 602 948 640 I
354 619 420 640 Iocus.
54 647 631 683 Qui volet Eoos depromere robur in hoſtes,
94 682 593 715 Inſtructo Ægeas remige verrat aquas,
886 695 940 729 I
56 715 648 749 Explicet ignotis alius Vaga carbaſa ventis,
95 749 592 782 Orbe petens auri fulua talenta nono.
61 781 615 816 Forſan erit quem viſendi ſtudioſa cupido
97 816 630 841 Turbatum iubeat non timuiſſe fretum.
60 849 687 880 Me maris vndiſoni fluctus, me flumina terten
95 884 617 910 Nec rate, ne curua lintre natare iuuat.
45 915 585 950 Solaque laſciuo tenduntur lintea lecto,
93 951 534 976 Sulcatur remo mollis amica meo.
200 980 644 1013 De Anchialo Medico, ad Gadum.
61 1013 653 1050 Exactas poſt quinque ſibi decieſq; nouenas
96 1046 622 1077 Meſſes, viuit adhuc clinicus Anchialus.
58 1078 668 1115 In tam longa putas protactam tempora vitam
96 1112 592 1145 Dum ſe, Galle, ſuis artibus ipſe iuuat?
1 1146 604 1180 Falleris Anchiali nihil eſt funeſtius arte,
91 1178 699 1214 Pharmaca dum miſcet, miſcet & illa necem.
32 1207 729 1250 Hæc igitur cum mille animas demittat ad Orcum
729 1234 846 1274 Anchia
