1028 1385
330 66 582 90 TRVSCI.
50 105 612 141 Siue agili laculum vibrat iuueniliter ictu,
32 141 584 172 Siue leues calamos mittit in ota feræ,
57 173 682 207 Seu volat, & ſumnram celeri pede libat arenam
40 207 627 241 Aquora qui ſiccus radeie ſumma queat,
35 239 653 281 Exercet nitida ſeu candida membra palæſtra,
90 274 588 307 Iu icra per quæuis prælia victor abit.
35 302 616 341 Fæpe illis nymphe certantibus adfuit, vltro
90 341 581 374 Spectatrix:latebras atdua ſilua dabat.
35 374 719 415 Iamtum neſcio quid miſeræ male pectus habebat,
89 407 567 443 Præ reliquis ſcires vt placuiſſe Parin.
35 436 664 472 Vt vero lacrymas & verba precantia fudit,
50 475 633 508 Er tulit ad tenerum brachis blanda genu:
35 505 694 542 Conſortemque tori cunctos deſpondi in annos,
89 541 611 574 Per Veneris fecit numina inagna fidem.
37 575 684 608 Tlnditiis ſimplex, & amans, & fœmina victa eſt:
87 606 584 641 Oppreſſus blando ceſſit amore pudor.
35 639 677 682 Iam Paris & nymphe frordoſæ in colibus Idæ
85 673 635 706 Hortantut celeres per nemora alta canes.
35 702 594 740 Præcipites clamore feras per deuia luſtra
35 740 590 774 Exagtant, tectis illaquentque plagis.
35 769 643 809 Nuda genu atque agilis ritu ſuccincta Dianæ
88 808 554 836 Permittit niuea mollia lora manu
53 840 704 876 Sæpe Paris nymphæ, ramis dum temperat æſtum,
84 874 602 906 Dicitur ante ipſas concubuiſſe piagas.
52 907 638 940 Nam ſicubi denſa blanditur populus vmbra,
88 941 627 974 Aut ſpecus egelidis imminet aſper aquis:
50 973 712 1009 Irriguo dum membra fouent languentia ſomno,
88 1006 578 1041 Iungunt gramineo gaudia ſæpe toro.
51 1039 570 1072 Ilic corticibus proceræ incidere fagus
88 1072 590 1105 Ilicis aut patulæ, nomina iuncta iunat.
35 1105 616 1139 Acrius inque dies Oenones cura medulIæ
91 1138 553 1173 Vrit, & amplexu non ſatiatur amor.
48 1172 586 1205 Aſſiduè quamuis ab amato pendeat ore,
93 1205 577 1238 Nec carum lato deſerat vngue latus:
49 1238 668 1271 Nec ſol exoriens, liquidas nec pronus in vndas
724 1277 831 1303 APari
