1081 1366
601 51 744 76 IANI
314 88 808 122 AParide Oenonem cernat abeſſe ſuo.
283 127 905 161 Im amens penitus ſtu diorum oblita priorum
318 163 843 194 Non latices, iam non antra paterna colit
285 193 921 228 Nympharum vicatque choros, quæ ſola voluptas
316 227 898 261 Antea: nympharum nunc Pars inſtar habet.
284 261 981 294 Hunc tenet, huic comes eſt, ac molli ſempe in vmbra
316 293 781 327 Huic vni faciem compoſuiſſe iuuat.
280 325 834 359 Pro ſpeculo latices illimis conſulit amnis:
316 361 873 394 Atque aliqua dubitat parte placere minus.
280 394 863 427 Quaque alias olim viſa eſt ſuperare puellas
316 427 872 458 Nunc ne culta parum ſit ſua forma timet.
279 459 898 493 Quid facis ah nymphelcuius nunc colla lacertis
313 491 879 522 Stulta tenes, pelago mœcha petenda manet.
279 524 864 559 Qui ſua nunc iurat conceptis credula, verbis
311 558 743 589 rerpetua tecum corda ligata fide,
276 590 858 624 Cumque fide diſcet iuratos temnere diuos:
308 624 762 658 Vela dabit vanis vanior ipſe notis.
273 657 930 697 Hoc igitur prcmiſſa fides thalamique iubebant?
307 691 801 723 Hoc meruit Paridi poſthabuiſſe deos?
269 724 874 758 Quid fuit, Oenone potior quo Tyndaris eſſes,
305 757 781 792 Quo præſtet caſtos ſollicitaſſe toros?
271 791 863 825 Cur Dea moitali cedit, nuptæque puella?
244 823 849 858 Quis furor, vt placeat non tibi viſa magis?
266 857 746 889 .tatis vitioque tuo laſciue laboras:
298 890 795 922 Hinc leuis ignoto tactus amore cales.
263 923 809 957 Ah nimium faciles aurem præbere puellæ
295 955 863 988 Diſcite quàm variæ ſint in amore vices.
262 988 813 1022 Nunc ſaltem damnis alienis parcite doctæ
295 1021 746 1057 Excipere inſana credulitate preces.
260 1054 879 1088 Perfidiæ ſpecimen cunctos, Paridasque videtis,
294 1087 840 1124 Solliciti nomen quiſquis amantis habet.
259 1121 852 1155 udere nec prohibet mea vos cenſura puellæ:
293 1153 802 1185 Dii melius: pulcras ecquis amare vetet?
256 1183 834 1222 t desiuncta ſua vitis male languet ab vimo,
252 1216 753 1256 Compare ſic iulier diociata vio.
953 1266 1027 1296 Vos
