1162 1372
315 44 556 68 ERVSCI.
72 83 652 119 Vos igitur breue ne diſcedat inutiletempus
106 119 606 153 Ludite: ſed nimio luſus amore vacet.
69 152 598 185 Imprimis vitate truces puerilibus annis,
107 186 645 219 qua quibus veſtris oribus ora rubent.
52 216 637 247 Hæc etenim vobis damnoſa, vt ſerior ætas,
106 253 690 286 Vtilis eſt medium quæ inter viranque tenet.
69 284 650 318 Vſus abeſt iuueni, viresque ſenilibus annis:
106 319 619 352 Robur adeſt validis ingeniumque viris.
52 350 618 385 Vos matura igitur cautæ decerpite poma:
68 385 641 419 Marcida quæ ſapiet, ſed nec acerba legat.
186 419 579 452 Ad Philoſophum Plaonicum.
52 444 676 486 Oſancti quem nulla latent abſtruſa Platonis
106 486 642 520 Dogmata, queis pueri tela faces que regit,
69 519 685 552 Cur me, cùm placido meus ignis lumina vultu
106 553 551 585 Vertit, & obtutu proſperiore beat:
66 586 654 620 Cum videor ſortem potiorem ſorte deorum
104 620 526 647 Nactus, & æterni deicias animi,
51 648 669 681 Non, animi dum clauſtra mei fic dulcia laxant
52 686 605 721 Gaudia, vita plagas exit in æthereas?
66 719 676 753 Cur iterum aſpectu cùm nubila lumina toruo
104 754 531 782 Iratæ faciunt indicium dominæ,
65 787 648 817 Dum ſicarctantur valido mihi corda dolore
102 822 631 858 Non interſtinguit tam fera vis anima
65 856 701 894 An quod noſtra nimis lætaia corda coërcet:
101 891 569 924 Fœminea certus de leuitate timor?
52 921 695 965 Rurſus &, iratum quamuis pæne obruta fluctu,
98 959 673 996 Spes tamen exanimum credula pectus alit?
62 990 704 1028 O nimium crudelis Amor, cui, ſemper amantes.
97 1025 618 1061 Vt pereant, mors eſt vnica viſa parum
264 1062 516 1096 Ad vorem decrepiti.
51 1089 674 1129 Iudice me, eſt conceſſa Venus furtiua puellis,
99 1123 662 1161 Vir quibus annorum pondere feſſus hebet.
52 1156 704 1195 Emeritum fert nanque latus longæua ſenectus
99 1190 587 1229 Spernit & imbelles illa palæſtra viros.
51 1221 675 1264 Ergo tibi poſtquam vi inutilis obtigit annis,
