1077 1355
423 24 915 67 tsIOANNs BAPTIST
306 76 846 117 Qui ſe ſtultus adhue gignere poſſe putet:
271 112 877 148 Præſtantem rigido iuuenem tibi delige neruo
309 146 788 178 Ille ferat vires indomitumque latus.
273 177 841 214 Nec poterit coniux læſum ſe dicere ab llo,
308 212 776 246 Cuius erit neruis officioque pater.
324 312 1002 351 IO.BAPTISTÆEVAN-
514 362 783 387 GEISTÆ.
524 400 779 425 Siluanus ad Siluiam.
265 439 842 500 ICformoſa meis placuiſti Siluiaocellis:
336 472 873 504 Sic noſtra immitis pectora carpit Amor,
278 504 924 539 Vt dumeta placent noſtris, ſalicesque capellis:
313 538 840 573 Vt cupida & mollis graminacarpit ouis.
264 571 848 605 Sic os, ſic oculi fures, ſic dulce labellum,
315 604 882 639 Sic dens candidulus, ſic gena pulchra capit:
264 639 826 670 Vt viſcum turdos, vt lentiretia caſſes
311 670 829 708 Et captant volucres, decipiunque feras.
267 705 867 747 Sic anmumincautum facies ſpectata fefellit,
312 740 761 770 Sic forma eſt oculis inſidiata meis.
267 771 873 806 Vturmas auium, incautas mala fiſtula fallit,
307 807 802 840 Vt lupus impatiens infidiatur oui
305 872 842 906 Sic cor miſſilibus tunditur vſque meum.
292 939 866 975 Atque humiles tundi grandine ſæpecaſas.
500 989 744 1014 Vtendum atate,
266 1029 811 1069 Vita fugit celeri labuntur tempora curſu,
309 1065 855 1101 Et properat tacitoMors inopina pede.
267 1096 972 1133 Forma perit, formæque decus, quique aureus olim
311 1130 821 1162 Crinis erat, canum fœda ſenecta facit.
267 1157 899 1198 Dum ſinit ergo ætas mollis, viridisque iuenta,
309 1196 857 1233 Dumque places, Veneris gaudia læta cape.
933 1235 1040 1261 In
