<PcGts xmlns="http://schema.primaresearch.org/PAGE/gts/pagecontent/2017-07-15" xmlns:xsi="http://www.w3.org/2001/XMLSchema-instance" xsi:schemaLocation="http://schema.primaresearch.org/PAGE/gts/pagecontent/2017-07-15 http://schema.primaresearch.org/PAGE/gts/pagecontent/2017-07-15/pagecontent.xsd"><Metadata><Creator>User123</Creator><Created>2020-04-25T21:20:22</Created><LastChange>2020-04-25T21:20:22</LastChange></Metadata><Page imageFilename="0988.png" imageHeight="1355" imageWidth="1077"><TextRegion id="r0" type="paragraph"><Coords points="1,1 1075,1 1075,1353 1,1353"/><TextLine id="r0_l001"><Coords points="257,24 257,67 915,67 915,24"/><TextEquiv index="1"><Unicode>tsIOANNs BAPTIST</Unicode></TextEquiv></TextLine><TextLine id="r0_l002"><Coords points="426,115 576,115 622,114 641,112 718,111 846,111 846,76 306,77 306,117 377,117"/><TextEquiv index="1"><Unicode>Qui ſe ſtultus adhue gignere poſſe putet:</Unicode></TextEquiv></TextLine><TextLine id="r0_l003"><Coords points="877,112 718,112 641,113 622,115 576,116 534,115 426,116 377,118 271,117 271,148 523,148 611,145 841,145 846,148 877,148"/><TextEquiv index="1"><Unicode>Præſtantem rigido iuuenem tibi delige neruo</Unicode></TextEquiv></TextLine><TextLine id="r0_l004"><Coords points="788,177 788,146 611,146 491,150 309,149 309,178 760,178"/><TextEquiv index="1"><Unicode>Ille ferat vires indomitumque latus.</Unicode></TextEquiv></TextLine><TextLine id="r0_l005"><Coords points="841,177 667,180 561,180 519,182 273,182 273,214 535,214 673,213 724,211 831,211 836,214 841,214"/><TextEquiv index="1"><Unicode>Nec poterit coniux læſum ſe dicere ab llo,</Unicode></TextEquiv></TextLine><TextLine id="r0_l006"><Coords points="776,212 389,216 308,215 308,246 776,246"/><TextEquiv index="1"><Unicode>Cuius erit neruis officioque pater.</Unicode></TextEquiv></TextLine><TextLine id="r0_l007"><Coords points="324,312 324,351 1002,351 1002,312"/><TextEquiv index="1"><Unicode>IO.BAPTISTÆEVAN-</Unicode></TextEquiv></TextLine><TextLine id="r0_l008"><Coords points="371,334 379,331 385,326 385,317 323,317 323,334 352,335"/><TextEquiv index="1"><Unicode></Unicode></TextEquiv></TextLine><TextLine id="r0_l009"><Coords points="514,362 514,387 783,387 783,362"/><TextEquiv index="1"><Unicode>GEISTÆ.</Unicode></TextEquiv></TextLine><TextLine id="r0_l010"><Coords points="524,400 524,425 779,425 779,400"/><TextEquiv index="1"><Unicode>Siluanus ad Siluiam.</Unicode></TextEquiv></TextLine><TextLine id="r0_l011"><Coords points="364,475 401,475 433,473 540,473 588,471 714,470 766,472 842,472 842,439 267,439 267,478 321,478"/><TextEquiv index="1"><Unicode>ICformoſa meis placuiſti Siluiaocellis:</Unicode></TextEquiv></TextLine><TextLine id="r0_l012"><Coords points="873,473 588,472 540,474 433,474 267,481 267,504 873,504"/><TextEquiv index="1"><Unicode>Sic noſtra immitis pectora carpit Amor,</Unicode></TextEquiv></TextLine><TextLine id="r0_l013"><Coords points="924,508 901,508 883,506 718,504 540,505 428,507 392,509 320,509 306,507 278,507 278,539 489,539 680,536 924,539"/><TextEquiv index="1"><Unicode>Vt dumeta placent noſtris, ſalicesque capellis:</Unicode></TextEquiv></TextLine><TextLine id="r0_l014"><Coords points="610,572 637,570 840,571 840,539 568,538 437,540 415,542 368,543 313,542 313,573 462,573"/><TextEquiv index="1"><Unicode>Vt cupida &amp; mollis graminacarpit ouis.</Unicode></TextEquiv></TextLine><TextLine id="r0_l015"><Coords points="848,573 845,572 637,571 610,573 463,573 399,576 294,576 264,574 264,605 848,605"/><TextEquiv index="1"><Unicode>Sic os, ſic oculi fures, ſic dulce labellum,</Unicode></TextEquiv></TextLine><TextLine id="r0_l016"><Coords points="882,604 867,604 861,606 631,605 513,606 315,610 315,639 882,639"/><TextEquiv index="1"><Unicode>Sic dens candidulus, ſic gena pulchra capit:</Unicode></TextEquiv></TextLine><TextLine id="r0_l017"><Coords points="826,641 813,640 551,639 379,643 264,642 264,670 826,670"/><TextEquiv index="1"><Unicode>Vt viſcum turdos, vt lentiretia caſſes</Unicode></TextEquiv></TextLine><TextLine id="r0_l018"><Coords points="497,706 829,704 829,670 809,672 724,673 562,673 451,674 412,676 311,676 311,708 433,708"/><TextEquiv index="1"><Unicode>Et captant volucres, decipiunque feras.</Unicode></TextEquiv></TextLine><TextLine id="r0_l019"><Coords points="251,744 262,743 345,743 468,740 809,739 824,747 867,747 867,705 497,707 357,711 275,711 249,709 241,703 207,703 203,708 204,751 243,751"/><TextEquiv index="1"><Unicode>Sic anmumincautum facies ſpectata fefellit,</Unicode></TextEquiv></TextLine><TextLine id="r0_l020"><Coords points="312,740 312,770 761,770 761,740"/><TextEquiv index="1"><Unicode>Sic forma eſt oculis inſidiata meis.</Unicode></TextEquiv></TextLine><TextLine id="r0_l021"><Coords points="873,771 716,772 672,774 527,774 395,777 265,776 254,775 247,771 204,771 202,775 203,806 873,806"/><TextEquiv index="1"><Unicode>Vturmas auium, incautas mala fiſtula fallit,</Unicode></TextEquiv></TextLine><TextLine id="r0_l022"><Coords points="802,810 787,808 574,807 448,809 307,809 307,840 802,840"/><TextEquiv index="1"><Unicode>Vt lupus impatiens infidiatur oui</Unicode></TextEquiv></TextLine><TextLine id="r0_l023"><Coords points="829,907 450,906 315,909 248,906 243,904 236,897 231,896 232,884 236,884 245,877 258,875 327,876 472,871 829,873 829,836 825,839 817,841 573,840 338,843 256,841 249,838 243,833 175,833 168,838 165,843 165,901 146,902 146,939 829,939"/><TextEquiv index="1"><Unicode></Unicode></TextEquiv></TextLine><TextLine id="r0_l024"><Coords points="305,872 305,906 842,906 842,872"/><TextEquiv index="1"><Unicode>Sic cor miſſilibus tunditur vſque meum.</Unicode></TextEquiv></TextLine><TextLine id="r0_l025"><Coords points="866,940 493,939 399,942 292,943 292,975 866,975"/><TextEquiv index="1"><Unicode>Atque humiles tundi grandine ſæpecaſas.</Unicode></TextEquiv></TextLine><TextLine id="r0_l026"><Coords points="500,989 500,1014 744,1014 744,989"/><TextEquiv index="1"><Unicode>Vtendum atate,</Unicode></TextEquiv></TextLine><TextLine id="r0_l027"><Coords points="440,1067 521,1065 811,1064 811,1029 254,1029 254,1068 415,1069"/><TextEquiv index="1"><Unicode>Vita fugit celeri labuntur tempora curſu,</Unicode></TextEquiv></TextLine><TextLine id="r0_l028"><Coords points="475,1099 573,1099 623,1097 855,1096 855,1065 521,1066 440,1068 393,1071 309,1070 309,1101 441,1101"/><TextEquiv index="1"><Unicode>Et properat tacitoMors inopina pede.</Unicode></TextEquiv></TextLine><TextLine id="r0_l029"><Coords points="972,1096 475,1100 382,1104 296,1104 272,1103 263,1101 263,1133 489,1133 636,1129 793,1129 868,1130 880,1133 972,1133"/><TextEquiv index="1"><Unicode>Forma perit, formæque decus, quique aureus olim</Unicode></TextEquiv></TextLine><TextLine id="r0_l030"><Coords points="821,1131 636,1130 408,1136 311,1136 311,1162 821,1162"/><TextEquiv index="1"><Unicode>Crinis erat, canum fœda ſenecta facit.</Unicode></TextEquiv></TextLine><TextLine id="r0_l031"><Coords points="899,1157 886,1157 877,1163 871,1164 610,1163 496,1167 325,1169 256,1167 249,1165 240,1156 152,1155 152,1194 196,1194 197,1198 510,1198 622,1195 837,1196 867,1198 899,1198"/><TextEquiv index="1"><Unicode>Dum ſinit ergo ætas mollis, viridisque iuenta,</Unicode></TextEquiv></TextLine><TextLine id="r0_l032"><Coords points="857,1198 622,1196 414,1201 309,1201 309,1233 857,1233"/><TextEquiv index="1"><Unicode>Dumque places, Veneris gaudia læta cape.</Unicode></TextEquiv></TextLine><TextLine id="r0_l033"><Coords points="176,1217 176,1263 218,1263 218,1217"/><TextEquiv index="1"><Unicode></Unicode></TextEquiv></TextLine><TextLine id="r0_l034"><Coords points="898,1235 898,1261 1040,1261 1040,1235"/><TextEquiv index="1"><Unicode>In</Unicode></TextEquiv></TextLine></TextRegion></Page></PcGts>