1183 1369
250 3 619 32 EVANGELIST.
780 13 826 36 99
81 47 612 80 eruili Dominum tela ſuperba Deum?
45 80 585 114 Tolle tuos: ſolus vacua regnabis in aula:
81 114 547 146 Tolle tuos: nullo ſuſpicieris Amor.
45 148 662 182 Es Puer: innumeros læſiſti hominesq; deosq;:
80 180 506 214 Indiget auxilio, conſilioq; Puer.
1 215 653 250 Fortis es; at fortes, & magni vtuntur, egentq;
81 248 563 282 Mancipijs Reges, militibusq; Duces.
1 280 660 314 Parce tuis ſeruis; leuibus quoque paree ſagittis
57 314 594 341 Ne deſint valido miles & arma Deo.
1 339 629 386 Cæde repugnantes, hoſtiles ſterne cateruas;
52 382 563 414 Atque male acceptas ignibus vre tuis.
888 390 970 435 I
1 404 636 444 At mihi cui notæ vires, clementia tamdem
1 445 639 482 Fac, precor, vt miſero ſit quoque nota tua.
925 436 1039 480 Il
246 484 542 506 Ad Dinam Melior.: tam.
1 502 643 555 Deſpiciens terras ſummi moderator Olympi,
79 548 624 581 Magnus ad Adriacas lumina vertit aquas:
1 577 677 621 Cum tua ſtrata ſolo, curuatilittoris Ancon,
82 615 547 648 Vidit Acidaliæ templa ſuperba Deæ.
1 643 631 682 En collapſa iacent pulcræ delubra Erycinæ:
81 681 629 710 Vrbs, ait, an maius Dorica numen habet?
924 671 1026 713 I
922 705 1021 756 Itſl
43 714 753 749 Dixerat; atque oculos dum curua ad mœnia torquet,
82 749 551 781 Occurrit ſummo pulcra Diana Ioui.
888 768 1007 827 I
40 781 767 815 Tres illam Chatites, totidem Nymphæ, atque Cupido
81 814 661 848 Quod ſequitur; dubitat, ſine Diana Venus.
1 846 597 881 Percuſſus forma ingenti miratur, & ardet,
50 881 640 914 Et cupit, & dignam, quæ colat aſtra, putat.
1 913 627 955 Ita Diana Venus, Venus iſta Diana videtur:
82 946 707 980 An neutsa eſt, quoniam maior vtraque Dea eſt
1 971 606 1012 Ornabis noſtros formoſa & caſta penates;
1 1013 549 1044 Non es mortali fœmina dignatoro.
1 1044 639 1083 Sic ait; & raptam complexus ad æthera velox
1 1077 651 1120 Euehit, & magnam tum iubet eſſe Deam
225 1113 522 1137 De victsori contra Turcas.
1 1144 644 1179 Cantemus victas pueri, innuptæq; puellæ
81 1178 480 1212 Eoas acies, Threiciasq; rates.
735 1204 832 1250 Cante-
418 1214 567 1247 M m m4
897 1214 995 1257 I
