1088 1340
313 30 524 65 FAERNI.
34 82 496 118 t ſoſpitem te dura præſtabit cutis,
100 118 477 153 Fragilem meam ſic conteret.
60 163 464 198 Potentiorum ſemper et vicinitas
137 198 371 225 Vitanda tenu oribus.
304 247 539 282 Iupier & Minerua.
26 290 598 329 Legere proprias Dij ſibi quondam arbores,
26 327 547 363 Quam quiſque vellet eſſe tutela in ſuâ:
26 356 670 397 Quercum ſupremus luppiter, myrtum Venus,
25 394 528 431 Pinum humidi tridentifer rector ſali;
25 427 629 462 Apollo laurum, populum excelſam Hercules.
25 461 537 495 Mirata enimuero eſt, Minerua, cur ita
26 495 538 528 Infructuoſas legere voluiſſent, quibus
26 526 709 560 Tantum ad manum eſſet fructuoſarum arborum
26 561 621 595 Cui Iuppiter cauſſam hanc roganti reddidit;
26 595 682 629 Ne exiſtimemur fructu honorem vendere.
26 629 626 662 TumPallas: Atvos facite quod vobis lubet:
37 662 619 697 Ego, inquit, oleam fructuum cauſsâ lego.
35 697 478 729 Exoſculatus filiam tum Iupiter,.
26 730 498 762 O nata dixit, iure ſapiens omnibus
37 763 477 796 Dicere ſæclis: iure tu capitis mei
36 794 628 831 Propago. nam quod facimus, id niſi vtile est,
37 829 579 864 Stulta omnis atque inanis indegloiia eſt.
301 883 518 916 Aſinus d&Lupus.
25 923 562 963 Calcatus afinoclauus, in pede hæſerat:
26 959 562 997 Quem lupus acutâ fretus acie dentium,
26 991 633 1030 Medicum profeſſus, atque pactus præmium,
26 1024 587 1061 Extraxit: itaq; exigere mercedem inſtitit.
25 1056 598 1094 Obuerſus aſinus, grauiter os improuidi
35 1088 628 1129 Lupi, atque mediam calce frontem perculit.
33 1124 593 1161 Ibi lupus: iure, inquit, hoc mihi accidit:
35 1154 781 1197 Neque enim coquus qui ſum, agere medicum debu.
26 1204 552 1244 Quam nouii artem, in hac ſeexercat.
781 1244 827 1268 Leo
