1475 1420
871 99 1170 124 GABRIELIS
629 110 676 134 922
834 141 1082 174 Lco amens Caprea.
630 175 1267 208 Percitum atra bile caprea cum leonem cerneret,
633 209 1257 243 Peruagantem læta campi ſpatia veſanis modis;
632 242 1271 274 Oferarum triſte fatum, dixit, ac miſerrimuml
633 276 1247 309 Nam leo ſi compos animi, non erat ferri potis,
633 308 1359 343 Nunc vbi inſanire cœpit, quàm erit atrox & impotensl
633 352 1199 387 Fulmen est, vbi cum poteſtate habitat iracundia.
930 401 1004 424 Turdi.
633 439 1152 472 Ex maximo cum fote turdorum globo,
636 472 1087 506 Ad præcoces vindemias qui Galliæ
638 506 1152 538 Togatæ Etruſcis deuolarant montibus,
623 537 1134 572 Exigua ſane pars reuertiſſent domum,
639 571 1123 604 Sed hi ſagina croſti, obeſi, prægraues:
632 604 1141 637 Hos conſpicati qui domi remanſerant,
623 637 1067 670 Liuore tacti, ſe ſuamq; peſſimam
637 671 1246 704 Cœpere ſortem conqueri; quod cum ijs ſimul
628 705 1171 739 Ad tam beatas non profecti eſſent dapes.
629 738 1162 774 Quibus vnus ex ijs qui reuerſi erant, ait:
639 772 1136 805 O inſcientes, atque rerum improuidil
629 805 1118 839 An non videtis, ex tot ante millibus,
618 838 1137 873 Qui exiueramus ſpe ſaginæ & crapulæ,
635 872 1192 904 Ad quam redacti paucitatem nunc ſumus?
633 905 1042 936 Fœdo exitu deſideraris ceteris;
634 937 1137 970 Captis, necatis, ſub corona vendiris?
619 971 1114 1005 Quod ſi miſerias, ſi pericla, ſi metus,
628 1005 1166 1038 Si cuncta quæ nos, qufupertumus, mala
633 1038 1132 1074 Pertulimus, æſtimetis & caſus graues;
633 1071 1133 1105 Næ hæc ſtulta vobis iam libido fugerit
630 1104 1104 1139 Externa conquiſitum eundi pabula.
630 1149 1036 1186 Paucos beauit aula, plures perdidit:
626 1181 1130 1219 Sed & hos ipſo, quos beauit, perdidit.
842 1231 1061 1257 Coruus & Mater.
569 1250 1184 1306 Deſtitutus coruus æger mortis in periculo,
1311 1311 1416 1350 nxius
