<?xml version="1.0" encoding="UTF-8" standalone="no"?><PcGts xmlns="http://schema.primaresearch.org/PAGE/gts/pagecontent/2019-07-15" xmlns:xsi="http://www.w3.org/2001/XMLSchema-instance" xsi:schemaLocation="http://schema.primaresearch.org/PAGE/gts/pagecontent/2019-07-15 http://schema.primaresearch.org/PAGE/gts/pagecontent/2019-07-15/pagecontent.xsd"><Metadata><Creator/><Created>2022-04-12T14:52:27</Created><LastChange>1970-01-01T00:00:00</LastChange><Comments/></Metadata><Page imageFilename="0995.png" imageHeight="1343" imageWidth="1075"><TextRegion id="r1" orientation="0.0" type="paragraph"><Coords points="1,1 1073,1 1073,1341 1,1341"/><TextLine id="l1"><Coords points="306,18 306,43 518,43 518,18"/><TextEquiv><Unicode/></TextEquiv><TextEquiv index="1"><Unicode>FAERNI.</Unicode></TextEquiv></TextLine><TextLine id="l2"><Coords points="17,62 17,96 579,96 579,62"/><TextEquiv><Unicode/></TextEquiv><TextEquiv index="1"><Unicode>Anxius matrem rogabat, vt ſalute pro ſuâ</Unicode></TextEquiv></TextLine><TextLine id="l3"><Coords points="16,96 16,130 665,130 665,96"/><TextEquiv><Unicode/></TextEquiv><TextEquiv index="1"><Unicode>Vota Dijs concepta ſupplex &amp; preces effunderet.</Unicode></TextEquiv></TextLine><TextLine id="l4"><Coords points="288,162 717,162 717,143 715,143 715,130 345,130 197,132 125,135 40,134 22,132 22,165 206,165"/><TextEquiv><Unicode/></TextEquiv><TextEquiv index="1"><Unicode>Nate mi, quid vota pro te, mater inquit, proderunt,</Unicode></TextEquiv></TextLine><TextLine id="l5"><Coords points="266,196 668,195 668,163 617,162 288,163 164,167 14,166 14,199 16,200 85,200"/><TextEquiv><Unicode/></TextEquiv><TextEquiv index="1"><Unicode>Quitibi omnes reddidiſti ſemper infenſos Deos?</Unicode></TextEquiv></TextLine><TextLine id="l6"><Coords points="319,229 367,230 657,228 657,196 266,197 85,201 1,200 1,230 45,232 152,233"/><TextEquiv><Unicode/></TextEquiv><TextEquiv index="1"><Unicode>Nam quis obſecro eſt eorum, cuius ex altaribus</Unicode></TextEquiv></TextLine><TextLine id="l7"><Coords points="233,270 609,269 609,230 319,230 152,234 45,233 1,231 1,273 100,273"/><TextEquiv><Unicode/></TextEquiv><TextEquiv index="1"><Unicode>Exta tu non inuolaris, ſacra non turbaueris i</Unicode></TextEquiv></TextLine><TextLine id="l8"><Coords points="202,313 236,311 478,311 478,278 26,278 26,312 32,312 36,314 125,314"/><TextEquiv><Unicode/></TextEquiv><TextEquiv index="1"><Unicode>Impotenter qui nocre ceteris adſueuerit,</Unicode></TextEquiv></TextLine><TextLine id="l9"><Coords points="574,312 236,312 202,314 125,315 36,315 32,313 18,312 18,345 574,345"/><TextEquiv><Unicode/></TextEquiv><TextEquiv index="1"><Unicode>Nulus illum ſubleuatum in rebus aduerſis vlet.</Unicode></TextEquiv></TextLine><TextLine id="l10"><Coords points="259,358 259,390 470,390 470,358"/><TextEquiv><Unicode/></TextEquiv><TextEquiv index="1"><Unicode>uſticus Eques.</Unicode></TextEquiv></TextLine><TextLine id="l11"><Coords points="324,422 393,423 541,421 647,425 647,383 532,382 520,388 474,390 204,391 198,390 189,385 78,386 1,381 1,423 102,426 173,426"/><TextEquiv><Unicode/></TextEquiv><TextEquiv index="1"><Unicode>Venalem tergo leporem cum ferret ad vrbem</Unicode></TextEquiv></TextLine><TextLine id="l12"><Coords points="291,456 602,455 602,424 324,423 173,427 102,427 1,424 1,458 213,458"/><TextEquiv><Unicode/></TextEquiv><TextEquiv index="1"><Unicode>ARuſticus, inſerto vinctæinter crura bacillo;</Unicode></TextEquiv></TextLine><TextLine id="l13"><Coords points="33,492 137,493 193,491 393,489 673,489 682,496 682,454 649,454 642,456 587,457 538,456 291,457 175,460 1,459 1,497 25,497"/><TextEquiv><Unicode/></TextEquiv><TextEquiv index="1"><Unicode>Obuius huic eques, empturi ſub imagine ſumpſit,</Unicode></TextEquiv></TextLine><TextLine id="l14"><Coords points="191,524 423,522 624,523 624,490 393,490 193,492 137,494 33,493 25,498 1,498 1,526 134,526"/><TextEquiv><Unicode/></TextEquiv><TextEquiv index="1"><Unicode>Librauitq; manu leporem; quantiq; rogauit:</Unicode></TextEquiv></TextLine><TextLine id="l15"><Coords points="645,524 423,523 191,525 134,527 1,527 1,555 645,555"/><TextEquiv><Unicode/></TextEquiv><TextEquiv index="1"><Unicode>Protinus &amp; vafram referens per rura rapinam</Unicode></TextEquiv></TextLine><TextLine id="l16"><Coords points="214,590 321,589 613,588 613,556 420,556 1,561 1,592 169,592"/><TextEquiv><Unicode/></TextEquiv><TextEquiv index="1"><Unicode>Admiſſo diſceſſit equo. cui ruſticus, heus tu,</Unicode></TextEquiv></TextLine><TextLine id="l17"><Coords points="330,622 648,622 648,590 568,589 321,590 214,591 124,594 1,593 1,625 178,625"/><TextEquiv><Unicode/></TextEquiv><TextEquiv index="1"><Unicode>Inquit, eum dono leporem tibi: veſcere gratis;</Unicode></TextEquiv></TextLine><TextLine id="l18"><Coords points="655,623 330,623 263,625 179,625 85,628 1,626 1,658 655,658"/><TextEquiv><Unicode/></TextEquiv><TextEquiv index="1"><Unicode>Veſcere læto animo, &amp; memori donantis amic,</Unicode></TextEquiv></TextLine><TextLine id="l19"><Coords points="15,662 15,710 621,710 621,662"/><TextEquiv><Unicode/></TextEquiv><TextEquiv index="1"><Unicode>idicul hae homines nequeunt qua vendere donae.</Unicode></TextEquiv></TextLine><TextLine id="l20"><Coords points="261,718 261,752 463,752 463,718"/><TextEquiv><Unicode/></TextEquiv><TextEquiv index="1"><Unicode>Equus &amp; Aſinus.</Unicode></TextEquiv></TextLine><TextLine id="l21"><Coords points="386,783 569,784 569,749 321,752 218,752 208,749 21,749 21,787 146,787"/><TextEquiv><Unicode/></TextEquiv><TextEquiv index="1"><Unicode>Equus atque aſellus. ſeruientes vni hero,</Unicode></TextEquiv></TextLine><TextLine id="l22"><Coords points="242,818 519,817 519,784 386,784 63,789 1,787 1,818 44,820 171,820"/><TextEquiv><Unicode/></TextEquiv><TextEquiv index="1"><Unicode>Vterque propri onuſtus ibat ſarcinâ:</Unicode></TextEquiv></TextLine><TextLine id="l23"><Coords points="508,818 242,819 171,821 18,820 18,850 508,850"/><TextEquiv><Unicode/></TextEquiv><TextEquiv index="1"><Unicode>Sed aſellus adeo iam grauabatur ſuâ,</Unicode></TextEquiv></TextLine><TextLine id="l24"><Coords points="441,883 441,851 218,852 69,855 31,854 31,886 171,886"/><TextEquiv><Unicode/></TextEquiv><TextEquiv index="1"><Unicode>Vt cogeretur partis alicuius ſibi</Unicode></TextEquiv></TextLine><TextLine id="l25"><Coords points="185,918 275,918 417,915 456,915 484,917 552,917 552,882 497,882 460,884 359,884 303,886 172,886 104,889 17,887 17,919 136,920"/><TextEquiv><Unicode/></TextEquiv><TextEquiv index="1"><Unicode>Supplex leuamen ab ſodali expoſcere:</Unicode></TextEquiv></TextLine><TextLine id="l26"><Coords points="274,951 382,947 531,948 531,918 334,917 275,919 137,920 111,922 43,922 1,920 1,953 162,953"/><TextEquiv><Unicode/></TextEquiv><TextEquiv index="1"><Unicode>Quo denegante, præ labore concidens</Unicode></TextEquiv></TextLine><TextLine id="l27"><Coords points="419,979 543,980 543,950 478,948 382,948 233,953 1,954 1,985 176,986"/><TextEquiv><Unicode/></TextEquiv><TextEquiv index="1"><Unicode>Miſer ſupremum aſellus egit halitum</Unicode></TextEquiv></TextLine><TextLine id="l28"><Coords points="609,979 591,979 584,981 419,980 344,983 294,983 272,985 177,986 145,988 71,988 44,986 1,986 1,1014 382,1014 471,1011 535,1012 562,1014 609,1014"/><TextEquiv><Unicode/></TextEquiv><TextEquiv index="1"><Unicode>Tum ver, vt aſini ſarcina &amp; corium inſuper</Unicode></TextEquiv></TextLine><TextLine id="l29"><Coords points="183,1051 252,1051 363,1047 451,1046 484,1044 541,1045 541,1014 498,1012 414,1013 382,1015 339,1015 101,1022 40,1021 17,1019 17,1052 85,1054"/><TextEquiv><Unicode/></TextEquiv><TextEquiv index="1"><Unicode>Equo ad priorem ſarcinam ſunt addita,</Unicode></TextEquiv></TextLine><TextLine id="l30"><Coords points="578,1077 578,1046 484,1045 451,1047 363,1048 252,1052 183,1052 85,1055 16,1053 16,1080 446,1080"/><TextEquiv><Unicode/></TextEquiv><TextEquiv index="1"><Unicode>Miſerum ille ſe vocabat, atque perditum:</Unicode></TextEquiv></TextLine><TextLine id="l31"><Coords points="220,1116 410,1115 482,1112 539,1112 547,1111 547,1081 413,1081 368,1083 176,1085 145,1087 28,1086 28,1118 183,1118"/><TextEquiv><Unicode/></TextEquiv><TextEquiv index="1"><Unicode>Nam qui leuare contubernalem meum</Unicode></TextEquiv></TextLine><TextLine id="l32"><Coords points="559,1144 559,1113 482,1113 410,1116 220,1117 150,1120 39,1120 15,1118 15,1148 430,1148"/><TextEquiv><Unicode/></TextEquiv><TextEquiv index="1"><Unicode>Parte oneris, inquit, nolui; nunc omnia</Unicode></TextEquiv></TextLine><TextLine id="l33"><Coords points="589,1146 501,1146 430,1149 225,1150 127,1153 52,1153 14,1151 14,1184 589,1184"/><TextEquiv><Unicode/></TextEquiv><TextEquiv index="1"><Unicode>Geſto, atque corium, tertiæ inſtar ſarcinæ.</Unicode></TextEquiv></TextLine><TextLine id="l34"><Coords points="1,1197 1,1230 378,1230 378,1197"/><TextEquiv><Unicode/></TextEquiv><TextEquiv index="1"><Unicode>Si taenuiorem iuuerit potentior;</Unicode></TextEquiv></TextLine><TextLine id="l35"><Coords points="726,1219 726,1258 815,1258 815,1219"/><TextEquiv><Unicode/></TextEquiv><TextEquiv index="1"><Unicode>Vl</Unicode></TextEquiv></TextLine><TextEquiv><Unicode/></TextEquiv></TextRegion></Page></PcGts>