1461 1447
860 130 1169 156 GABRIELIS
623 172 992 208 Vtriq melius fuerit & prolixius.
854 219 1159 253 Vulper & Erinaceus.
624 259 1119 293 Tranarat alti fluminis vulpes vadum:
625 293 1216 327 Sed ripâ in ipsâ, & vdo aquarum margine
623 324 1047 359 Voraginoſo crura defigens luto,
622 358 1145 387 Muſcarum acuto obnoxia hæſit morſui.
625 393 1188 425 Quam deſtitutæ vulpis ærumnam dolens,
626 425 1073 460 Qui forte eo deuenerat erinacius,
624 459 1148 493 Amanter atque ſedulo officium ſuum,
626 492 1137 524 Si quâà in re eam iuuare poſſet, obtulit:
625 526 1251 560 Atque adeo, quando eripere te iſtinc non queo,
626 557 1142 590 Vis, inquit, iſtas vt abigam muſcas tibi,
627 591 1215 625 Quæ te exedunt? Minime, ait illa, gentium;
624 624 1153 658 Nam ſi recedant, quæ repletæ ac turgidæ
624 657 1235 692 Non admodum nocere iam nobis queunt.
623 689 1067 721 Aliæ illicò ſucceſſerint famelicæ,
606 724 1283 762 Quæ reliquum omnem ſanguinem exſugant mih
622 768 1109 803 Qui res nouari, & regna mutari expetunt,
620 803 1199 837 Quid aliud hi, quàm maius accerſunt malum?
890 844 1056 883 Leo & Vulpes.
621 886 1109 922 Horrenda primum cum leonis efferi
618 920 1084 953 Adſpexit ora, præ metu vulpes fere
619 953 1149 989 Animam reliquit: viſo eo rurſum obuio
620 987 1227 1019 Timuit quidem illa, ſed minus multo tamen:
617 1020 1278 1054 Denique datum in conſpectum eum iam tertio,
621 1052 1162 1086 Contempſit adeO, vt non adire ſit modo,
622 1086 1122 1121 Sed adloqui quoque auſa familiariter.
619 1130 994 1163 Quæ terribilia ſunt ab inſolentia.
618 1164 1044 1195 Ea reddit adſuetudo blanda d mollia.
866 1211 1066 1243 Coruuus.
619 1244 1056 1281 Inſedit altæ coruus olim quercui,
619 1276 1093 1312 Roſtro rapaci caſei fruſtum tenenst
1268 1338 1407 1377 Qm
