1137 1367
264 19 548 58 FAERNI.
26 58 679 99 Quem vafra blando adgreſſa ſic vulpes dolo eſt:
36 94 758 132 Quam pulcram auem, quam ſplendide cultam intuor
51 129 534 165 Pennis decoris atque verſicoloribus
53 162 611 198 Salue, inquit, O generoſa: quod ſi prædita
37 197 546 229 Cantu fuiſſes, ſummi eras aues louis.
35 230 582 264 FHis ille, magnæ inductus in ſpem gloriæ,
54 264 537 295 Cantu indecoro rauca ſoluit guttura.
36 297 474 331 Tum verſipellis decidente caſeo
36 329 557 364 Vulpes potita, corue tu, inquit, omnia
38 365 559 395 Habes abundè; mente duntaxat cares.
43 409 515 445 ui coram in os te laudas inſidias ſtruit:
43 442 485 488 ui laude fictâ ducitur, cor non habet.
260 488 516 517 Pauo & Monedula.
43 516 598 561 Regi creando cùm comitia anium forent,
43 560 563 594 Blando petebat pauo prenſans ambitu,
42 594 481 627 Suas opes ſuamq; pulcritudinem
42 620 633 659 Iactans, & admirandum honorem corporis:
43 662 618 694 Et iam prope vnâ mente centuriæ alitum
54 695 512 728 In gratiam pauonis inclinauerant;
55 726 681 761 Suffragia inhibens cummonedula, heus tu, ait,
43 759 574 794 Formoſe, ſi te rege; nos aquila impetat,
54 795 624 831 Quo pacto opem ferre, aut tueri nos putes?
43 838 517 871 In deligendo rege. muli impenſius
42 870 546 904 Animi bona ſpectanda ſunt, quàm corporis.
264 914 516 939 Ceruu Hinnulus.
43 950 594 994 Ceruo hinnulus olim filius dixit patri;
54 984 509 1012 Et maior es tu canibus & velocior,
43 1017 537 1052 Et ardua alacri fronte geſtas cornua;
42 1051 567 1086 Cur ergo, quæſo, tam times eos pater?
43 1082 620 1119 Cui ceruus: hæc quæ deme, ait, fili refers,
36 1117 565 1151 Sunt verafateor: multa nobis comtulit
56 1152 588 1183 Natura, multis prouida inſtruxit bonis:
35 1183 621 1220 cSed ego latratum canis vbi primum audio;
742 1212 847 1256 Tum,
