1104 1357
340 52 545 76 FAERNI.
51 92 562 126 Errabat. hunc locuſtam opinatus puer,
52 126 592 159 Dextram admouere cœpit. ille ſubrigens
56 160 653 193 Caudam minacem, ſeq; ad ictum comparans,
36 192 651 226 Manum abſtine, inquit, inſciens: aliter malo
10 227 589 261 Cogere veras quoque locuſtas mittere.
53 271 460 303 Tunc ciuitates ruere conſueuere, vbi
52 307 494 341 Nequnt proos ab improbi diſcernere.
277 351 518 384 Anguilla d& Serpens.
52 391 714 425 Vnanimem quondam ſerpentem anguilla rogauit,
51 425 648 457 Cur anguillarum generi omnia plena periclis,
48 457 765 491 Plena dolis hominum atque inimicis fraudibus eſſent:
46 491 718 525 At tu, inquit, mihi cum ſimilis, cum pene gemellus
47 524 544 558 Cetera ſis, nullis obnoxius inſidijs es;
45 558 497 591 Securosq; dies pacati tranſigis æui.
45 590 714 624 Cui ſerpens; nimirum inquit, quia qui mea turbat
45 623 650 657 Otia, & infeſtam mihi vim temerarius adfert;
43 657 624 689 Non impune refert, nec inulta iniutia reſtat.
267 703 448 738 Canis & Lupus.
37 749 607 782 Canem ante ſtabuli dormientem ianuam
39 783 542 815 Lupus irruens cum deuoraturus foret,
37 816 484 848 lle eiulans, vocesq; flebiles ciens,
38 848 565 882 Ne ſe comeſſet, deprecabatur Lupum:
37 882 626 915 Aut certe ait nam & tenuis alioqui, vt vides,
35 915 640 948 Macerq; ſum da mi obſecro breuem moram;
33 949 580 983 Domi enim meæ cras ſunt futuræ nuptiæ,
29 980 575 1015 Vbi ad adfluentes pinguis effectus dapes,
33 1015 495 1048 Opimior tibi eſca ero ac iucundior.
2 1048 592 1084 Perſuaſus his, dimiſit incolumem canem
2 1081 561 1115 Lupus. reuertens inde poſt aliquot dies,
28 1114 566 1147 Eum, cubantem parte in excelsâ domus,
27 1147 554 1175 Cum infernè clamans excitauiſſet, data
25 1180 536 1214 Fidei admonebat, atque pacti fœderis.
23 1212 632 1248 Ibi tumilleridens ſubdole; Sime, lupe
682 1257 800 1290 Vaquam
