1466 1426
884 111 1181 151 GABRIELI5
636 154 1275 190 Vnquam ante ſtabulum dormientem inueneris,
647 188 1190 221 Ne nuptias dehinc. inquit, exſpectaueris.
647 234 1189 268 Quæ quis pericla eſt paſſus, hoc lucri hinc habet,
646 269 1025 302 In poſterum vitare vt illa nouerit.
862 311 1142 346 Canu, Galus, & Vulpes.
634 348 1281 385 Canis atque gallus longum iter quondam ſimul
647 385 1217 419 Ingreſſi, opaco iam adpetente veſpere,
647 417 1272 452 Nacti arborem, vbi quieſcerent, gallus quidem
645 451 1170 484 Faſtigia alta frondeæ adſcendit domus:
647 485 1226 518 Canis excauatum in caudicem ſe condidit.
647 518 1202 545 Cum vero, vt aduentante conſueuit dic
647 549 1151 581 Cantum edidiſſet gallus, adcurtens eo
646 582 1072 616 Vulpes, eum rogabat enixiſſime,
643 616 1090 649 Deſcenderet ſuiq; faceret copiam:
644 648 1249 677 Geſtire ſe, animal tam canorum & muſicam
643 682 1155 717 Amplecti & oſculari, & os agnoſcere.
645 716 1141 749 Tum fraude gallus cognitâ; cupio tibi
645 747 1249 783 Quæcumque poſſum, commodare & obſequi,
643 784 1202 818 Et eſſe tecum: ſed tu, ait, quæſohuc prius,
645 817 1115 849 Qui dormit infra, ianitorem ſuſcita,
640 850 1235 878 Fores mihi vt recludat, vnde ad te exeam.
641 884 1084 918 Vocante vulpe ianitorem, prodijt
641 916 1182 950 Canis, agnitamq; adortus, aduerſariam
642 950 1124 977 Nil tale veritam dente laniauit truci.
639 994 1100 1029 Quifraude agit, iure ipe fraue falitur.
840 1040 1137 1065 Mercuriu Statuarius.
638 1077 1208 1118 Viſurus olim, quanti apud homines foret
638 1113 1089 1146 Mercurius, ora verſus in mortalia,
638 1144 1105 1179 Seſe in tabernam contulit ſtatuarij:
636 1178 1085 1211 Inſpectâ vbi Tonantis effigie Iouis
640 1212 1192 1251 Quanti, rogauit: vtq drachma, comperit.
638 1243 1046 1277 Clam vilitatem patris irriſit ſui.
635 1274 1190 1316 mſpectâ item Iunonis, aliquanto amplius
1304 1312 1427 1339 Pretium
