1089 1356
308 20 557 54 FAERNI
32 67 549 103 Pretium eius eſe, quàm prioris, audijt.
32 103 610 137 Poſtremo contemplatus & ſtatuam ſuam,
18 134 490 172 Exiſtimansq; ſe eſſe longe maximi,
32 168 680 205 Quod lucra præftet, quod ſit interpres Deum,
29 203 462 237 Pretium indcari petijt & ſui ſibi.
34 237 540 268 Statuarius tum dicere;, has ſi emeris,
31 269 621 311 Et hane tibi, hoſpes, additamentum dabo.
31 315 609 353 Plerum4 nihi est, qui ipſeſe magni æſtinmat.
258 360 478 397 Ranæ duæ ſitiemes.
30 394 552 431 In ſiccitate & ſummâ aquæ penurâ,
96 429 401 462 Ranæ vagabantur duæ,
1 462 592 494 cubi profundis inuenitent vallibus
93 496 409 530 Aliquid liquoris abditi.
29 530 595 566 Tandem reperto puteo aquâ pleno, altera
94 563 451 596 Suadere deſcenſum inſtitit.
26 596 522 632 Prudentior ſed altera, & conſultior;
93 631 431 665 Si nos eo demittimus,
1 662 623 698 Et ibi quoque, inquit, vnda nos defecerit;
74 698 517 737 Qunam modo inde exibimus.
58 743 495 775 Negotiorum iube pectari eitum
122 777 505 813 Ii, quid volunt..
251 822 436 850 Eeles & Gaus.
19 851 650 889 Comprenſum felis gallum cum tradere ventri
24 889 536 918 Ieiuno vellet, iure vt fecile videri
22 918 648 959 Poſſet, & hanc noxam ſpecie velaret honeſti,
21 956 627 991 Accuſabat eum, quod peruigili atqne moleſto
1 989 702 1025 Turbaret nocturnam hominum clamore quietem.
20 1022 519 1058 Defendente illo, ſeſe vtilitatis eorum
18 1055 626 1090 Id cauſsA facere, vt moniti aduentantis Eoi,
19 1087 746 1125 Ad ſua quiſque operum ſtudia exercenda redirent.
15 1121 766 1158 Hunc rurſum is naturæ hoſtem, infandoq; ſororum
18 1155 740 1192 Concubitu, & mtris fœdum, inceſtumq; vocabat.
16 1188 511 1224 le excuſabat ſcelus tilitate, ſamq;
732 1233 798 1261 nc
