1484 1453
875 114 1184 154 ABRIELIS
637 125 692 149 Bo
649 154 1185 189 Hinc multis dieebat heram ditarier ouis.
651 187 1321 224 Tum feles tandem perfrictâ fronte: ſed et
649 226 1270 259 Argumenta tuam defendant plurima cauſſam;
647 259 1303 293 Inpaſtus tamen, inquit, tgo hinc diſcedere nol.
651 304 1189 338 Vim qui infrre part, oupidus certusq; voeend,
648 339 1157 372 Fruſtra illum raticne premas,
861 383 1168 416 Aſinus, Simius, & Talpa.
648 422 1226 456 Aſinum querentem, quod careret cornibus,
647 456 1225 490 Et ſimium, qud caudæ honore, hoc arguit
648 489 1211 522 Sermone talpa: Quid poteſtis, hanc meam
647 521 1329 557 Miſeram intuentes cœcitatem, hæc conquei?
646 566 990 600 Aliena ſi atimaris infortunia,
641 601 1021 635 Tunc æquiore mente perferes tua.
872 638 1107 680 Vulpes votæmutant.
643 687 1211 720 Initura vulpes cortem opimam diuitis.
643 720 1105 755 Pingui refertam genere gallinaceo,
643 752 1164 786 Foramen id. quâ tranſeundum erat ſibi,
644 788 1097 822 Cupiebat in penetrandodilatarier.
639 820 1254 854 Rurſum inde ſubreptam ore gallinam efferens,
639 855 1270 889 Cum iam imminentem horreretà tergo canem,
637 887 1126 922 Ne ſe ille poſſet inſequi, orabat Deos,
635 921 1216 954 Vti foramen redderent quam arctiſſimum.
618 963 1114 999 Prs comodis mutare vota hommes ſolent;
630 1002 1126 1033 onteniam alternante nuc ſpe, unnc ets.
846 1046 1086 1081 uſca & quadrig
621 1085 1110 1119 Starent quadrigæ càm paratæ cuſui,
620 1119 1184 1152 Muſca aduolans temoni earuminſederat.
628 1151 1155 1185 Miſſo ergo ſigno, illisq; procurentibus,
618 1184 1187 1218 Pulſu rotarum, & quadrupedantis vngulæ,
627 1217 1129 1250 Puluerea nubes mota opacauit diem.
614 1248 1294 1283 Tum in ſe ipſa muſca geſtiens; Dii magni, ai,
628 1282 1207 1315 uantam ptofundi vim citaui pulueris:
1328 1327 1414 1364 -
