1099 1355
309 28 533 62 FAERNI
18 72 452 108 iddlus et, qui ladis alinæ decus
14 109 383 141 hi vindicare gloriando nititur.
285 157 388 180 Auarus.
12 191 519 226 Anarus auri maſſam humi defodert;
14 226 555 262 Quam cum anxius quotidie iret viſere
25 259 493 288 Vicinus obſeruauit, & clam ſuſtulit.
12 291 557 327 Reuerſus lle, offendit vt vacuum locum,
26 326 571 362 Flere acriter, barbam & capillum vellere;
27 358 485 396 Vocare ſe mortalium miſerrimum.
25 391 470 429 Cauſsâ doloris cui Viator cognitâ,
14 424 557 462 Deſiſte, ait, teadfligare; inq; auri locum
25 458 574 496 Saxum repone, & id tibi eſſe aurum, puta.
13 492 708 540 Etenim, vt video, ne tum qutdem aurum habere te
24 525 591 559 Aurum cùm habebas, iure poteras dicere
16 569 644 613 Tam deest auaro quod habet, quàm quod non non habet.
257 618 429 644 feru Canis.
12 655 617 694 Canem habuit olim quidam: is illum paſcere
25 690 532 723 Cum vellet, id manu ipſe faciebat ſuâ:
17 723 528 755 Cum ver verberare eum decreuerat,
15 755 486 788 Seruo ſuo mandabat illud nmuneris.
25 788 522 825 Pertæſus eius vitæ, ad extremum canis
14 823 553 856 Aufugit. Herus huic poſtea caſu obuius,
25 857 575 891 Conuicium ingens fecit, onerauit probris,
14 888 507 923 Et beſtiam appellanit ingratiſſimam;
25 920 619 956 Quod ſemper ab ſe paſtus atque habitus ben,
23 955 647 988 Nec verberatus vnquam, herum tam amabilem
23 989 578 1020 Relinquere induxiſſet in animum ſuum.
22 1019 566 1055 Tu tu ipſe, tu me veberaſti, inquit canis:
21 1054 556 1086 Tibi depilatum tergus hoc miſerum, tibi
22 1087 470 1120 Accepta refero facta flagris vlcera.
20 1120 550 1152 Etenim quod, imperante te, ſeruus tuus
20 1151 568 1191 Faciebat, abste id eſſefactum exiſtimo.
19 1196 549 1233 Cquè est eſt noens qui mandat, atq i qui facis.
