1123 1422
511 89 808 115 GABRIELIS
493 133 702 167 Aſinus & Aper.
280 164 926 202 Magnanimum cum ſegnis aprum rideret aſellus,
281 200 916 234 Ille premens iram, & ſedatâ mente renidens,
283 232 930 267 Perge, inquit: nam te tua tutum ignauia præſtat:
285 264 1016 302 Nec tu vnquam tantis potis es me inceſſere probris,
285 299 995 332 Tam vili vt digner generoſum ſanguine dentem.
286 332 972 366 Nam quamuis noxam meritus, dignusq; malo tu,
286 365 960 401 Noſtra indigna tamen, ſeſe huc demittere virtus,
286 411 750 445 irtutem ne urte tuam contemptior hoſtis
286 447 754 480 Inquinet, vltrices moderare potentior ra.
456 490 693 521 Lupus & Grus.
288 518 783 553 Ouem lupo voranti os in gulâ hæſerat,
286 552 842 587 Medicum vt neceſſe fuerit accerſi gruem.
286 587 805 619 Ea pacta pretium, penitus in gulam lupi
287 619 819 652 Collo ſuo immiſſo, os moleſtum ſuſtnlit.
285 653 829 686 De præmio adpellante tum lupum grue,
283 685 877 721 Abi, inquit ille, abi impudens: ſat præmij eſt,
285 719 854 756 Collum e lupi quod faucibus ſaluum refers.
284 764 752 797 Homines mali benefcium fe cxiſtimant
283 798 735 833 ss ribuere, in quos maleficio abſtinem.
512 844 703 873 Mures, & Feles.
282 876 958 914 Murium vis magna in vnis æuum agebat ædibus,
282 909 826 943 Quivvidentes felis aſtu ſe in dies abſumier,
281 941 1000 974 Hoc ſuis cepere rebus remedij, vt excelfiſſimam
279 976 924 1008 dium partem tenerent hoſti inacceſſam ſuo.
280 1008 925 1041 Quod ſalubre conſtitutum muribus ſeruantibus;
279 1042 924 1085 Hc viciſſim excogitauit callidus feles dolum;
279 1075 835 1109 Vt tigillo prominenti pariete ex domeſtico
276 1107 968 1144 Adplicans pedes ſupinos, capite deorſum pendulo,
275 1140 1030 1174 Mortuum ſimularet. hunc ſic pendulum vnus murium
275 1173 976 1205 Tecto ab alto conſpicatus; Nec ſi, ait, tam mortuum
276 1205 970 1240 Te viderem, vt follis ex te fieret, vnquam fiderem
262 1239 883 1293 gipiatur; vixcauet cim etiamaau
969 1290 1065 1318 im
