1096 1364
344 38 552 66 FAERNI.
58 70 671 132 hiam cauiſeratus eſt, ſape u cautor captus eſt.
283 127 557 165 Vulpes fino cad.
59 165 634 210 Comprenſa laqueo in ſepe vulpes abdito,
56 200 662 243 Implexam in euadendo caudam perdidit.
58 236 525 271 Id ei moleſtiæ ac pudori tanto erat,
57 271 555 305 Vti ſibi eſſe vitam acerbam duceret.
57 299 636 337 Tandem hoc remedij excogitauit; ceteris
58 335 560 375 Vt vulpibus ſuaderet. vt caudas ſibi,
58 357 748 403 Onus moleſtum, incommodumq;, abſcinderent:
42 402 579 442 Ita publico dedecore tectum iri ſuum.
42 436 529 475 Ergo aduocatâ concione vulpium,
52 467 607 507 Hortari ad id vehementer illas inſtitit.
57 501 624 536 Cui tum renidens vna de popularibus,
52 535 522 575 An tu, quia iſtud expedit ſoror tibi,
42 566 536 613 Idcirco, ait, das ceteris hoc conſili?
52 613 426 655 In publieis deliberation:bus
42 648 473 689 Pleriq tantum commodis ſui ludent.
257 693 531 730 Lignatord Mercurius.
42 721 733 773 Propter amnem ligna cædens, cum ſecurim ruſticus
53 765 677 805 Forte lapſam perdidiſſet in profundo gurgite
51 800 636 833 Lacrimans ſuum dolere cœpit infortunium:
52 830 702 870 Cui benignam opem miſertus obtulit Cyllenius;
53 863 685 899 Et ſtatim vrinatus, imo ab vſque fundo fluminis
52 895 698 937 Auream efferens ſecurim, num eius eſſet quæſijt.
44 930 750 969 Ille enimuero negauit: proinde rurſus quæreret.
42 963 737 1005 Tum Deus reuerſus alti ſtagna in amnis infma
52 998 678 1038 Alteramq; emerſus inde protulit argenteam;
52 1029 664 1072 Id quod ante ſciſcitatus; id quod antea audijt.
51 1060 681 1099 Ferream demum ſecurim ſedulò expiſcatus eſt:
52 1096 646 1141 Quam recepit ille lætus, atque gratias agens.
52 1128 659 1169 At Deus, viri probatàintegritate fimplicis,
51 1158 709 1200 Auream huic argenteamq; muneri vltr tradidit.
48 1192 676 1257 Quæ ſuis cum deinde amicis retuliſſet ruſticus,
770 1234 867 1258 Vus
