1128 1391
520 74 896 100 ABRIELI
270 117 880 152 Vnus ex is eogitauit per dolum ditare ſe:
270 149 1009 185 Atque oundemmet profectus in locum, quod feceræ
296 183 948 215 Fortuito homo ille ſimplex, vt ſecurim amitteret,
295 217 817 249 Id ſuapte ſponte fecit ipſe pet fallaciam.
297 249 857 283 Huic item Deus querenti de ſecur perdità,
298 282 923 316 Atque flenti & eiulanti, ſe repertorem offerens,
301 317 936 343 Cum ſecurim in amne merſus extuliſſet auream,
302 350 1019 382 Hæccine eſt tua, amice? dixit. tum ille totus geſtiens,
303 382 1019 416 Hæc mea ipſa, ait profecto eſt: hæc mea ipſa ipſiſſima
302 416 990 449 Haac Deus tantam peroſus hominis impudentiam,
305 449 918 478 Tradere auream ſecutim non recuſauit modo;
304 482 904 514 Ferream ſed reddere illi propriam eius noluit.
305 527 886 559 ui bonum colunt & æqum, ſape ditat bos Des:
306 559 821 597 Faudulentos improbo; ſape contrà pauperat.
536 601 745 640 Vulpes& Larua.
307 645 983 681 Mimi igrefſa domum vulpes, dum ſingula rerum-
307 678 879 714 Viſendi ſtudio, ſcenæ inſtrumenta reuoluit,
307 712 862 746 Formoſi laruam ſimulacrum repperit oris:
305 745 956 781 Imq; manus ſumens, animoq; & lumine luſtrans,
306 778 994 814 Oquàm inſigne caput, ſpecie quàm, dixit honeſta;.
307 813 925 848 Sed rationis inops, cafſoq; informe cerebro.
306 858 853 896 Iores honos fomæ, nii cui ſapientia iuncta eſ,,
584 909 696 931 Canes duo.
307 944 850 981 Canis fuit, qui tempore pluuio domi
306 978 932 1014 Se continebat, nec pedem vnquam è limine
304 1012 677 1047 Interrogatus hic æquali fuo,
305 1044 920 1080 Cur id faceret? Ego, nquit, aiàs feruids
306 1076 862 1113 Perfufus vndâ, timeo nunc & frigidam-
307 1122 772 1164 Tinetimocentem, qui tocentm pertulit.
520 1175 799 1205 Aus dominos mutan.
308 1208 801 1245 Olitori aſellus feruiems, quod pabul
308 1241 1016 1282 Qàm minimum haberet, quod labois plurimu
995 1288 1101 1314 Iouem
