1176 1328
370 26 582 51 FAERNI.
54 68 703 102 Iouem et precatus, vt fibi alium herum daret
79 103 704 137 Dedit ille figulum; cui lutum adſiduè feren
32 137 598 170 Durosq; lateres, tegulasq; prægraues;
78 170 525 203 Iniquiore ſorte mutò quam prius
76 203 540 236 Agebat. ergo denuò dominum ſibi
77 238 537 265 Mutare vti liceret, orauit Iouem
76 270 557 304 Quo adſentiente, venditus coriario.
74 302 625 335 Ibi verò acerbam, luctuoſam & perditam.
75 336 568 370 Miſer trahebt vitam, onuſtus fœtidis
74 370 582 403 Fratrum ſuorum, adfiniumq; pellibus.
74 402 659 435 Tum triſte rudens, Ah quàm, ait, ſatius fuit
75 436 532 469 Seruire ſeruitutem heris prioribus:
71 469 653 501 Hic enim, vt video, vbi me labore occiderit,
70 504 607 543 Corium quoque exercere perget mortui.
69 543 536 583 Mutare domifi inpetus datur.
296 594 470 621 Ceruus & Viti.
67 634 710 668 Vim venatorum fugeret cùm ceruæſequentum
67 666 603 694 Frondea ramoſæ ſubiens vmbracula vitis
65 701 585 735 Delituit; donec iam diſcedentibus illis,
67 735 638 768 e rata iam tutam defunctamq; eſſe periclo,
65 766 619 800 Ipſa ſuas auſa eſtmorſu exagitate latebras,
64 799 613 836 Et ſibi prætentas auide decerpere frondes.
62 835 664 869 Quem motum ramorum, agitataq; vitea tecta
64 866 596 896 Conuerſi venatores cùm forte viderent,
61 899 654 933 Illud opinati quod erat, ſub fronde latentem
61 931 600 967 Eſſe feram, certis miſeram fixere ſagittis,
62 965 805 1000 Quæ moriens, ealidoq; animam cum ſanguine fundens,
61 998 852 1041 Iure, ait, hoc patior; neq; enim vnquam lædere quæ m
62 1031 705 1067 Seruarat, debebam, aut tales reddere grates.
58 1078 547 1116 Diuina ingratos homines vleiſcitur ira.
287 1127 473 1162 Aper & Vulpes.
58 1160 540 1201 Dentes retuſos arbore exacuens aper
58 1195 599 1235 Satagebat: atq; hunc forte præteriens viA
714 1223 852 1272 al
