<?xml version="1.0" encoding="UTF-8" standalone="no"?><PcGts xmlns="http://schema.primaresearch.org/PAGE/gts/pagecontent/2019-07-15" xmlns:xsi="http://www.w3.org/2001/XMLSchema-instance" xsi:schemaLocation="http://schema.primaresearch.org/PAGE/gts/pagecontent/2019-07-15 http://schema.primaresearch.org/PAGE/gts/pagecontent/2019-07-15/pagecontent.xsd"><Metadata><Creator/><Created>2022-04-12T14:59:34</Created><LastChange>1970-01-01T00:00:00</LastChange><Comments/></Metadata><Page imageFilename="1008.png" imageHeight="1433" imageWidth="1480"><TextRegion id="r1" orientation="0.0" type="paragraph"><Coords points="1,1 1478,1 1478,1431 1,1431"/><TextLine id="l1"><Coords points="887,103 887,130 1184,130 1184,103"/><TextEquiv><Unicode/></TextEquiv><TextEquiv index="1"><Unicode>GABRIELIS</Unicode></TextEquiv></TextLine><TextLine id="l2"><Coords points="965,181 1101,182 1101,147 722,147 665,148 652,150 652,185 750,185"/><TextEquiv><Unicode/></TextEquiv><TextEquiv index="1"><Unicode>Vulpes rogauit, cur ſine vlla prælij</Unicode></TextEquiv></TextLine><TextLine id="l3"><Coords points="1129,183 877,183 840,185 751,185 690,187 654,186 654,215 1129,215"/><TextEquiv><Unicode/></TextEquiv><TextEquiv index="1"><Unicode>Neceſſitate acuere dentes tenderet?</Unicode></TextEquiv></TextLine><TextLine id="l4"><Coords points="1250,215 1161,215 1145,217 924,216 870,218 758,218 706,220 655,219 655,248 1250,248"/><TextEquiv><Unicode/></TextEquiv><TextEquiv index="1"><Unicode>Non abs re ego, inquit ille, ſic facio, bona:</Unicode></TextEquiv></TextLine><TextLine id="l5"><Coords points="1210,252 1135,250 870,250 655,252 655,284 1083,282 1137,284 1171,283 1186,284 1193,288 1210,288"/><TextEquiv><Unicode/></TextEquiv><TextEquiv index="1"><Unicode>Nam cùm ingruit periclum, &amp; aduerſarius</Unicode></TextEquiv></TextLine><TextLine id="l6"><Coords points="1136,284 895,283 655,285 655,315 1137,315"/><TextEquiv><Unicode/></TextEquiv><TextEquiv index="1"><Unicode>Ad ſanguinis vitæq; diſcrimen vocat,</Unicode></TextEquiv></TextLine><TextLine id="l7"><Coords points="655,317 655,349 1213,349 1213,317"/><TextEquiv><Unicode/></TextEquiv><TextEquiv index="1"><Unicode>Haud ſane acuere tum vacat dentes mihi.</Unicode></TextEquiv></TextLine><TextLine id="l8"><Coords points="1093,351 830,349 771,349 739,351 654,350 654,383 1093,383"/><TextEquiv><Unicode/></TextEquiv><TextEquiv index="1"><Unicode>Itaq; otij &amp; ſecuritatis tempore</Unicode></TextEquiv></TextLine><TextLine id="l9"><Coords points="1236,382 1148,382 1139,385 1041,385 983,383 653,384 653,419 1236,419"/><TextEquiv><Unicode/></TextEquiv><TextEquiv index="1"><Unicode>Arma adparo, ſtringenda cum vſus veerit.</Unicode></TextEquiv></TextLine><TextLine id="l10"><Coords points="655,429 655,463 1080,463 1080,429"/><TextEquiv><Unicode/></TextEquiv><TextEquiv index="1"><Unicode>Paratus animo contra iuiqua caſuum,</Unicode></TextEquiv></TextLine><TextLine id="l11"><Coords points="654,463 654,494 1085,494 1085,463"/><TextEquiv><Unicode/></TextEquiv><TextEquiv index="1"><Unicode>Aut vincet ila, aut fortius certe feret.</Unicode></TextEquiv></TextLine><TextLine id="l12"><Coords points="835,501 835,532 1110,532 1110,501"/><TextEquiv><Unicode/></TextEquiv><TextEquiv index="1"><Unicode>Gallina Hrundo.</Unicode></TextEquiv></TextLine><TextLine id="l13"><Coords points="1149,541 656,540 656,573 1149,573"/><TextEquiv><Unicode/></TextEquiv><TextEquiv index="1"><Unicode>Gallina cm ſerpentis oua nacta eſſet,</Unicode></TextEquiv></TextLine><TextLine id="l14"><Coords points="1143,575 1056,573 888,573 772,576 653,574 653,606 795,607 901,605 1143,607"/><TextEquiv><Unicode/></TextEquiv><TextEquiv index="1"><Unicode>Ea diligenter fouit, atque ab ijs fœtus</Unicode></TextEquiv></TextLine><TextLine id="l15"><Coords points="1118,608 875,606 700,609 653,607 653,639 1118,639"/><TextEquiv><Unicode/></TextEquiv><TextEquiv index="1"><Unicode>Excluſit. id præteruolans eo forte</Unicode></TextEquiv></TextLine><TextLine id="l16"><Coords points="1166,642 1081,642 995,639 839,640 783,642 654,641 654,671 1166,671"/><TextEquiv><Unicode/></TextEquiv><TextEquiv index="1"><Unicode>Hirundo conſpicata; Cur, ait, demens</Unicode></TextEquiv></TextLine><TextLine id="l17"><Coords points="1249,673 1232,673 1222,676 1033,674 652,674 652,705 692,706 709,708 892,708 959,706 1056,708 1249,708"/><TextEquiv><Unicode/></TextEquiv><TextEquiv index="1"><Unicode>Hos alere tendis, qui vbi adoleuerint. abs te</Unicode></TextEquiv></TextLine><TextLine id="l18"><Coords points="1155,709 1056,709 960,707 892,709 762,708 709,709 692,707 651,706 651,748 1156,748"/><TextEquiv><Unicode/></TextEquiv><TextEquiv index="1"><Unicode>Tuoq; capite, iniuriam auſpicabuntur.</Unicode></TextEquiv></TextLine><TextLine id="l19"><Coords points="639,749 639,790 1238,790 1238,749"/><TextEquiv><Unicode/></TextEquiv><TextEquiv index="1"><Unicode>Hominem improbum pnmoris; ipſe te euetet,</Unicode></TextEquiv></TextLine><TextLine id="l20"><Coords points="1119,831 1119,799 855,799 855,832 1048,833"/><TextEquiv><Unicode/></TextEquiv><TextEquiv index="1"><Unicode>Vulpe, Aſnus, &amp; Leo.</Unicode></TextEquiv></TextLine><TextLine id="l21"><Coords points="1120,832 1048,834 650,832 650,865 1120,865"/><TextEquiv><Unicode/></TextEquiv><TextEquiv index="1"><Unicode>Vulpes &amp; aſinus ſocietate contractâ</Unicode></TextEquiv></TextLine><TextLine id="l22"><Coords points="1178,871 1161,869 937,868 840,866 649,866 649,898 1178,901"/><TextEquiv><Unicode/></TextEquiv><TextEquiv index="1"><Unicode>Simul in ferarum luſtra iëre venatum</Unicode></TextEquiv></TextLine><TextLine id="l23"><Coords points="1180,903 1175,902 648,899 648,930 701,932 721,931 842,933 1180,934"/><TextEquiv><Unicode/></TextEquiv><TextEquiv index="1"><Unicode>Ijs cum leo occurriſſet; ilicet vulpes</Unicode></TextEquiv></TextLine><TextLine id="l24"><Coords points="1118,936 1024,934 647,933 647,964 862,965 924,967 1118,967"/><TextEquiv><Unicode/></TextEquiv><TextEquiv index="1"><Unicode>Tanto in metu periculoq; deprenſa,</Unicode></TextEquiv></TextLine><TextLine id="l25"><Coords points="1091,969 1080,968 647,967 647,998 1091,1000"/><TextEquiv><Unicode/></TextEquiv><TextEquiv index="1"><Unicode>Suas ad artes malitiasq; confugit.</Unicode></TextEquiv></TextLine><TextLine id="l26"><Coords points="1168,998 1145,998 1140,1001 1134,1002 1111,1003 960,1000 645,999 645,1031 837,1031 1060,1035 1168,1035"/><TextEquiv><Unicode/></TextEquiv><TextEquiv index="1"><Unicode>Seorſum ab aſino nam leone conuento,</Unicode></TextEquiv></TextLine><TextLine id="l27"><Coords points="1161,1037 901,1033 643,1033 643,1063 655,1064 884,1065 981,1067 1161,1067"/><TextEquiv><Unicode/></TextEquiv><TextEquiv index="1"><Unicode>Atque impetratâ impunitate pro ſeſe,</Unicode></TextEquiv></TextLine><TextLine id="l28"><Coords points="1234,1066 1211,1066 1207,1069 1196,1070 1091,1070 884,1066 644,1066 644,1096 672,1096 697,1098 843,1097 925,1100 1234,1100"/><TextEquiv><Unicode/></TextEquiv><TextEquiv index="1"><Unicode>Eir tradere aſtu compatem ſuum pacta eſt:</Unicode></TextEquiv></TextLine><TextLine id="l29"><Coords points="1097,1102 975,1102 843,1098 628,1098 628,1130 705,1132 1097,1132"/><TextEquiv><Unicode/></TextEquiv><TextEquiv index="1"><Unicode>Pauloq; poſt, abſconditos ibi fort</Unicode></TextEquiv></TextLine><TextLine id="l30"><Coords points="1197,1132 1155,1132 1146,1135 879,1134 825,1132 644,1132 644,1164 1197,1164"/><TextEquiv><Unicode/></TextEquiv><TextEquiv index="1"><Unicode>Imprduidum aſinum vafia duxit in caſſes.</Unicode></TextEquiv></TextLine><TextLine id="l31"><Coords points="1185,1169 1070,1167 907,1168 838,1166 722,1166 642,1168 642,1195 649,1196 711,1198 1185,1198"/><TextEquiv><Unicode/></TextEquiv><TextEquiv index="1"><Unicode>Lo qui videret prædam eam ſibi in tuto,</Unicode></TextEquiv></TextLine><TextLine id="l32"><Coords points="1256,1202 1249,1204 1202,1204 1119,1202 1092,1200 827,1200 639,1198 639,1228 646,1229 845,1232 1256,1233"/><TextEquiv><Unicode/></TextEquiv><TextEquiv index="1"><Unicode>Prius adprehenſam ventre condidit vulpem;</Unicode></TextEquiv></TextLine><TextLine id="l33"><Coords points="1346,1232 1303,1232 1292,1237 1136,1236 1061,1233 640,1232 640,1268 652,1269 737,1269 822,1272 1346,1273"/><TextEquiv><Unicode/></TextEquiv><TextEquiv index="1"><Unicode>Dein ver ad aſinum verſus, hunc quoque abſumpſt.</Unicode></TextEquiv></TextLine><TextLine id="l34"><Coords points="636,1274 636,1314 1112,1314 1112,1274"/><TextEquiv><Unicode/></TextEquiv><TextEquiv index="1"><Unicode>Inuiſs ado eſt proditer, grass t det</Unicode></TextEquiv></TextLine><TextLine id="l35"><Coords points="1399,1322 1399,1347 1431,1347 1431,1322"/><TextEquiv><Unicode/></TextEquiv><TextEquiv index="1"><Unicode>Ii</Unicode></TextEquiv></TextLine><TextEquiv><Unicode/></TextEquiv></TextRegion></Page></PcGts>