1480 1433
887 103 1184 130 GABRIELIS
629 112 693 144 s
652 147 1101 185 Vulpes rogauit, cur ſine vlla prælij
654 183 1129 215 Neceſſitate acuere dentes tenderet?
655 215 1250 248 Non abs re ego, inquit ille, ſic facio, bona:
655 250 1210 288 Nam cùm ingruit periclum, & aduerſarius
655 283 1137 315 Ad ſanguinis vitæq; diſcrimen vocat,
655 317 1213 349 Haud ſane acuere tum vacat dentes mihi.
654 349 1093 383 Itaq; otij & ſecuritatis tempore
653 382 1236 419 Arma adparo, ſtringenda cum vſus veerit.
655 429 1080 463 Paratus animo contra iuiqua caſuum,
654 463 1085 494 Aut vincet ila, aut fortius certe feret.
835 501 1110 532 Gallina Hrundo.
656 540 1149 573 Gallina cm ſerpentis oua nacta eſſet,
653 573 1143 607 Ea diligenter fouit, atque ab ijs fœtus
653 606 1118 639 Excluſit. id præteruolans eo forte
654 639 1166 671 Hirundo conſpicata; Cur, ait, demens
652 673 1249 708 Hos alere tendis, qui vbi adoleuerint. abs te
651 706 1156 748 Tuoq; capite, iniuriam auſpicabuntur.
639 749 1238 790 Hominem improbum pnmoris; ipſe te euetet,
855 799 1119 833 Vulpe, Aſnus, & Leo.
650 832 1120 865 Vulpes & aſinus ſocietate contractâ
649 866 1178 901 Simul in ferarum luſtra iëre venatum
648 899 1180 934 Ijs cum leo occurriſſet; ilicet vulpes
647 933 1118 967 Tanto in metu periculoq; deprenſa,
647 967 1091 1000 Suas ad artes malitiasq; confugit.
645 998 1168 1035 Seorſum ab aſino nam leone conuento,
643 1033 1161 1067 Atque impetratâ impunitate pro ſeſe,
644 1066 1234 1100 Eir tradere aſtu compatem ſuum pacta eſt:
628 1098 1097 1132 Pauloq; poſt, abſconditos ibi fort
644 1132 1197 1164 Imprduidum aſinum vafia duxit in caſſes.
642 1166 1185 1198 Lo qui videret prædam eam ſibi in tuto,
639 1198 1256 1233 Prius adprehenſam ventre condidit vulpem;
640 1232 1346 1273 Dein ver ad aſinum verſus, hunc quoque abſumpſt.
636 1274 1112 1314 Inuiſs ado eſt proditer, grass t det
1399 1322 1431 1347 Ii
86 1346 118 1393 j
