1107 1344
349 15 561 41 PAERNI.
51 62 467 98 ſpe pns, vde præmium ſpetat.
277 104 485 139 Afnus & Equus.
52 144 607 179 Aſinus beatum exiſtimauerat quondam
52 178 590 214 Equum, quod adluenter hordeo paſtus,
53 212 533 247 Habitusq; femper eleganter & laute,
55 245 567 273 Cutis nitore, obeſitate membrorum,
55 278 619 313 Curam in ſe herilem, gratiamq; præferret:
55 311 613 346 Cum ipſe interim ne vilibus quidem poſſet
53 345 594 379 Paleis famem & ieiuna viſcera implere;
52 378 526 411 Præſertim iniquâ ſarcinâ fatigatus.
56 411 531 442 Sed enim coorto forte bellico motu,
57 443 672 477 Cum armis opertum hero infidente vidifſet
42 477 648 513 Equum apparari ad pugnam, & acriter ſæpe
41 511 574 542 Calcaribus vexatum in hoſtium turmas
52 544 508 579 Agi; vnde vulneratus & graui caſu
53 577 645 611 Collapſus, animam vix trahebat adflictam:
55 610 546 639 Sententiam mutauit; & ſuam ſortem
53 643 616 671 Præ eius miſeriâ rurſus haud malam duxit.
54 690 488 723 Periculoſum ſpetans,
53 723 564 759 Pauperiem & actam diſce mare fortunam.
271 771 411 795 Monedula.
52 810 577 845 Paſtor prehenſæ ab ſe pedem monedulæ
42 843 533 878 Filo adligauit; atque eam gnato ſuo
53 878 562 911 Puerile, quicum luderet, munus dedit.
54 910 627 945 Quæ vitam eam pertæſa, cùm primum fugæ
55 943 584 975 Occaſio eſt oblata, cum vinculo auolans
52 974 575 1010 Se in arborem, ſuumq; ntdum contulit.
53 1008 561 1038 Circumuoluto vero ramis vinculo,
51 1040 595 1077 Seſe expedire ad euolandum non valens;
42 1074 636 1110 Cum inſtare mortem iam videret; hei mihi,
49 1107 705 1144 Lacrimans, ait, gemensq;; quæ ſat commodam
51 1143 547 1177 Heri mei grauata conſuetudinem,
49 1176 494 1210 Me me ipsA libertate. vitaq; exui-
749 1222 832 1247 Incom-
