1113 1344
513 49 823 75 GABRIELIS
277 58 321 83 yt
281 91 688 130 Incommodorumfæpe leuiorum figg,
283 130 694 156 In camimas incuritur.
512 173 697 197 Herus & Caner.
285 216 793 251 Hiberna nimbo continente tempeſtas
286 252 805 288 Quendam ſuo deprendit in ſuburbano.
287 286 858 319 Is primum oues, dein comedit & capras:
287 320 786 353 Poſtremo, tempeſtate perſeuerante,
289 353 797 387 Operarios quoque inftitit boues veſci.
290 385 756 420 Quod vbi canes videre; territi ſane,
288 419 764 453 Interq; ſeſe clam timore muſſantes,
290 448 912 487 Quantum poteſt fugiamus, inquiunt: nam qu
289 483 882 518 Nec operariis pepercerit quidem bobus,
255 515 802 550 Nobisne eum putamus eſſe parſurum?
291 564 701 600 Caris iniquus, eſſe cui poteſt æquus?
518 610 719 646 Agnus & Lupus.
289 650 829 685 Stans in ſupremo culmine agnus ædium
293 686 846 717 In tranſeuntem probra iactabat lupum,
292 717 928 753 Quæcumque i improbam & voracem beſtiam
293 752 822 786 Sæuam atque ſanguinariam dici queunt.
293 786 764 819 Olli quietâ mente ſnbridens lupus;
291 818 907 852 Non tu mihi maledicis, inquit, O bone-
290 853 774 888 Sed iſte, quo confidis, excelſus locus.
290 896 764 932 Aduerfus homines præpotes & graues;
288 933 745 966 Tenuibus animo, tempus addit & locus.
517 979 774 1011 Arbores & Rhamnus.
290 1016 858 1052 Regnum olim Oliuæ detulerunt atbores,
290 1052 774 1086 Et valida late ſceptra gentis frondeæ.
291 1084 843 1119 Quibus illa, quæ contenta ſorte eſſet ſu,.
291 1118 800 1151 O amice, ait, meamne pinguitudinem,
290 1150 851 1186 Dis atque hominibus expetitam, deſeram,
293 1184 764 1218 Vt imperem, regniq; curis macerer?
291 1216 857 1257 Ite, oro, & alii ſarcinam hanc imponite
934 1253 1077 1286 ie
207 1269 309 1299 i
