1096 1369
341 39 552 65 AERNI
38 77 623 116 ectæ eunt ad ficum; vti regnet; rogant
58 116 573 151 Quæ & ipſa per ſelæta natiuis bonis,
40 146 640 182 Egone, vt meam dulcedinem & ſuauiſſimo
59 182 514 215 Fructus, ſapori mellis Hiblæi pares,
38 213 640 249 Angore mutem. quo hic honos exuberat?
37 248 567 282 Re rurſus infectâ hæſitabundæ arbores
38 281 583 316 Vitem quoque ftatuere tentandam ſibi.
59 317 537 350 Ea tum nigranti concolores purpuræ
59 349 537 381 Vuas onuſtas explicans per palmites,
60 382 605 415 Videtis, inquit, has opes, hanc copiam,
59 415 552 448 Hoc delicatum totracemorum decus,
60 446 693 481 Deo vnde, hominibusq; humor acceptus fluit?
37 481 676 514 Hæc dona opima, hæc tanta naturæ bona
58 514 535 541 t deſeram, vos eſtis auctores mihi?
60 547 690 576 Tum vero me omnes omnium ſtultiſſimam
61 581 518 610 Exiſtimarint arborum, ſi id fecero,
61 613 613 649 Quo me ipſa perdam, ceteris vt conſulam.
54 648 581 680 Hæc illa. At hæ, iam ſupplicandi tædio
60 680 660 708 Feſſæ ac labore, Rhamno honorem deferunt.
61 715 522 748 Elatus ille regio faſtu, ac tumens.
63 748 582 782 i rex, ait, ſum veſter, ad me accodite
64 782 550 815 Omnes, & vmbrâ ſub mea confidite.
61 815 553 847 Ni id feceritis; rapidus ignis, nemini
61 847 694 882 Parſurus, ex me erumpat atque ipſas quque
60 882 511 908 Excelſiores hauriat Libani cedros.
59 926 550 963 Als praeſſe, optabile ijs tantummado eſt,
60 961 442 1000 Libidini ſeruire qui voluntſu.
319 1010 385 1043 Spes
58 1049 480 1083 Bona vniuerſa Iupiter coigerat
57 1077 574 1115 In dolium; idq; ſane opertum ſedulo,
58 1115 614 1154 Mortali amico deinde commendauerat.
59 1149 528 1183 Is geſtiens quid intus efſet viſere,
60 1178 661 1215 Cum operculur amouiſſet, in cœlum illicò
60 1212 674 1252 Cuncta euolarunt: Spes modo hæfit inlabto,
754 1236 845 1268 Hae
