1483 1456
897 104 1208 133 GABRIELIS
656 148 1215 181 Hinc in bonorum ſola defectu omnium,
655 183 1188 220 Mortalibus Spes alma nunquam deficit.
838 226 1179 261 Aſinus Sim ulacrum getans.
658 272 1251 307 Simulacrum aſellus baiulans argenteum,
656 306 1252 344 Cm id tranſeuntes flexo adorarent geu3
654 340 1194 374 Sui hoc honoris gratià eſt fieriratus.
656 373 1109 407 Iamq; inſolenti elatus arroganti,
624 406 1178 439 Nolebat aſinus eſſe; donec aſpero
655 440 1155 471 Probè dolatus fuſte clunes, audijt,
659 472 1251 506 O ſtulte, non es tu Deus, ſed fers Deum
659 515 1177 555 Se norit hminem, qui magiſtratum gerit.
854 561 1111 590 Eubulcus & Hercules.
653 601 1256 636 Viâ in lutoſa prægraue hæſerat plauſtrum
721 637 1135 669 Merſis ad vſque axem rotis.
624 667 1187 705 Nihil hic bubulcus prouidere, nec ſeſe
723 703 1031 737 Opi ferendæ accingere:
653 735 1242 771 Tantum ſedens, ſuamq; conquerens ſortem,
719 771 1167 804 Magnum inuocabat Herculem.
653 803 1196 842 Cui nube fultus candidâ Deus. præſto
717 837 1087 871 Fuit, & monere hæc inſtitit.
647 871 1221 914 Age, inquit, & tu enitere ipſe per tete
717 904 1149 937 Atque id. quod in te eſt, expedi:
649 937 1309 978 Stimulo boues, humerisq; promoue plauſtrum;
715 971 1154 1003 Tum demum agentem gnauiter
645 1003 1114 1044 Vocatus adiuuabo, vbique cœleſti
713 1039 1109 1072 Humana vota proſequar.
679 1080 1153 1118 Vigilando, agendo, prouidendo qued pesus,
745 1117 1022 1154 Paratur d cœlo fauor.
796 1155 1151 1187 In Statuam Annibal.
642 1197 1219 1233 Ferus ille, dominæ terror Vrbis & pauot.
644 1233 1200 1268 Clariſſimorum peſtis & ſtrages Ducum,
643 1266 1096 1301 Procella Italici vaſtitasq; nominis,
1351 1319 1432 1346 Deli-
