1513 1426
827 117 1287 154 AMATTH.FAETANI
712 171 1379 230 MATTHEIFALANI.
844 243 1217 277 De Gigantibus à Iulio retitutus.
647 287 1322 360 VO Solim telis diſiecit Iuppiter, hos nune
757 321 1187 355 Iulius inuito tollit ad aſtra Ioue.
804 355 1299 387 Imago D. Blaſii queritur de rudi pictore.
653 383 1287 420 Me gemini lacerant alterna cuſpide dentes,
701 422 1275 462 Sed magis artificis lædit inepta manus.
835 457 1187 480 De Amore ad aias dormicnte.
667 487 1331 527 Dum Baiis dormiret Amor prope littus in vmbrâ,
703 522 1270 552 Murmure detentus lene fluentis aquæ;
671 548 1366 597 Conſpexere illum Nymphæ multo igne coruſcum,
703 586 1182 620 Et raptas lymphis ſuppoſuere faces.
653 618 1330 656 Quis gelidum credat ſubito exarſiſſe liquorem,
704 654 1187 687 Atque inde æternos emicuiſſe focos;
669 686 1376 721 Nec mirum, his flammis, toties quibus arſerat æther,
701 721 1324 760 Vos quoque perpetuum ſi caluiſtis aquæ.
716 791 1443 846 HIERONVMI FA.L
813 853 1192 888 Ad Iuniperam Malatelam.
647 892 1340 955 M tua ſidereas æquantia lumina flammas,
733 926 1288 961 VEt placidos vultus, Iunipera, adſpicio,
667 960 1312 994 Pallada tunc videor Cyprinque videre dolentes,
648 994 1158 1027 Inuidiâ ſparſis crinibus ingemere.
666 1028 1321 1062 Et merito: nam pulcra nimis ſpectacula præbes,
700 1060 1192 1095 Infidet & roſeo mirus in ore pudor.
667 1094 1304 1128 Quaq; moues artus, artus opobalſama ſpirant,
701 1128 1224 1162 Igniuomas iaciunt lumina mota faces.
666 1160 1287 1195 Mirantur Pœbuſq; pater, doctæque ſorores,
699 1194 1314 1227 Dum lepidum profert blandula lingua melos.
664 1226 1314 1265 Seu graderis, lætæ Charites comitantur euntem,
668 1258 1182 1293 Siue ſedes, tellus ſuggerit alma roſas,
658 1285 1279 1333 t circnmſtrepitant riſis facileſque cachinni:
1367 1330 1457 1365 Qic-
