1140 1354
225 7 648 35 HIERON.FALETI.
83 49 650 86 Quiequid agis, tota es Gratia, tota Venus.
26 82 644 117 decus egregium rarâ oelariſſima form,
87 115 657 152 Digna polo, a ummodigna Tonante rapi.
55 149 606 183 Aurea fatales ducant tibi penſa ſorores,
91 181 665 215 Nec decus eripiant ſæcula longa tuum.
53 215 717 252 Sed quo me miſerum retrahit tam dira cupido?
80 249 673 290 terni vt cupiam quæ mihicauſſa mali?
280 285 475 315 Ad Iuliam.
34 311 621 352 Non ego fortunas Crœſi, Licinive potentis
87 350 646 385 Expeto; non quidquid oluit arena Tagi.
42 382 619 419 Optatis modò me votis det poſſe potiri
89 416 576 452 Iulia, Peiſarum non ero rege minor.
54 445 692 482 Tantum forma valet, tanti eſt ſpectata venuſtas,
84 482 575 518 Et qui ſidereo ſplendet in ore nitor.
33 514 748 556 Huic eſt forma potens, ſunt æmula lumina flammis;
84 548 583 583 Lumina quæ poſſent ſollicitare Deos.
49 577 670 617 Hæc candore niues vincit, ſuperatq; roſarum
76 615 623 651 Fulgorem; in toto corpore nulla nota eſt.
34 643 726 687 Quidquid agit, ſiue incedit, ſiue accubat, aut ſtat,
76 682 646 714 Aut ſedet; ornat eamſubſequiturq; decor.
40 713 718 752 Iupiter hanc videat, ſubito deſcendet Olympo,
85 748 690 783 Fiet Olor, Satyrus, Taurus, & Amphytrion.
47 781 622 815 Ah, vbi te video, promittit ſpes mea de te;
85 814 629 847 Tu nihil, ac ſemper claudis iniqua fores.
50 847 632 882 Cur mihi perpetuas noctes ingrata querenti
85 881 595 912 Ante fores, ſurdâ reſpuis aure preces?
34 911 648 945 Scis vt verus amor fibi mutua vincula poſcit.
83 945 569 978 Scis vt coniunctos mutuus ignis alat.
50 978 603 1018 Ergo meis fueris quoties inuicta querelis,
84 1011 580 1047 Et cum deſpicies vota preceſq; meas;
47 1043 717 1083 Imprecor iratos Superos, vmbraſque ſilentum
84 1077 638 1116 Nec minus anguicomas in mea fata Deas.
49 1110 694 1149 Namq; prius mundo tellus alimenta negabit,
68 1144 582 1179 Phœbus & occiduo ducet ab axe dies,
34 1175 695 1218 Et Tagus Eridanum, anthuſq; augebit Iberum,
732 1208 828 1237 Eifuat
