1140 1354
225 7 648 35 HIERON.FALETI.
771 18 897 50 p4s
953 35 1024 71 I
83 49 650 86 Quiequid agis, tota es Gratia, tota Venus.
26 82 644 117 decus egregium rarâ oelariſſima form,
87 115 657 152 Digna polo, a ummodigna Tonante rapi.
55 149 606 183 Aurea fatales ducant tibi penſa ſorores,
91 181 665 215 Nec decus eripiant ſæcula longa tuum.
53 215 717 252 Sed quo me miſerum retrahit tam dira cupido?
80 249 673 290 terni vt cupiam quæ mihicauſſa mali?
280 285 475 315 Ad Iuliam.
1 312 621 352 Non ego fortunas Crœſi, Licinive potentis
87 350 646 385 Expeto; non quidquid oluit arena Tagi.
42 382 619 419 Optatis modò me votis det poſſe potiri
887 384 1012 453 i
89 416 576 452 Iulia, Peiſarum non ero rege minor.
54 445 692 482 Tantum forma valet, tanti eſt ſpectata venuſtas,
84 482 575 518 Et qui ſidereo ſplendet in ore nitor.
890 494 949 526 C
1 514 748 556 Huic eſt forma potens, ſunt æmula lumina flammis;
887 514 1006 587 ſl
84 548 583 583 Lumina quæ poſſent ſollicitare Deos.
49 577 670 617 Hæc candore niues vincit, ſuperatq; roſarum
906 583 1002 624 liII
76 615 623 651 Fulgorem; in toto corpore nulla nota eſt.
1 643 726 687 Quidquid agit, ſiue incedit, ſiue accubat, aut ſtat,
909 656 1000 690 II
76 682 646 714 Aut ſedet; ornat eamſubſequiturq; decor.
889 686 997 739 i
40 713 718 752 Iupiter hanc videat, ſubito deſcendet Olympo,
896 736 995 764 tI.I
85 748 690 783 Fiet Olor, Satyrus, Taurus, & Amphytrion.
894 765 994 810 Ili I
47 781 622 815 Ah, vbi te video, promittit ſpes mea de te;
892 800 991 851 u
85 814 629 847 Tu nihil, ac ſemper claudis iniqua fores.
50 847 632 882 Cur mihi perpetuas noctes ingrata querenti
85 881 595 912 Ante fores, ſurdâ reſpuis aure preces?
7 911 648 945 Scis vt verus amor fibi mutua vincula poſcit.
895 934 991 974 js
83 945 569 978 Scis vt coniunctos mutuus ignis alat.
50 978 603 1018 Ergo meis fueris quoties inuicta querelis,
84 1011 580 1047 Et cum deſpicies vota preceſq; meas;
897 1009 988 1052 Ii
47 1043 760 1083 Imprecor iratos Superos, vmbraſque ſilentum
898 1052 987 1098 I
84 1077 638 1116 Nec minus anguicomas in mea fata Deas.
49 1110 694 1149 Namq; prius mundo tellus alimenta negabit,
68 1144 582 1179 Phœbus & occiduo ducet ab axe dies,
901 1141 985 1183 I
2 1175 695 1218 Et Tagus Eridanum, anthuſq; augebit Iberum,
732 1208 828 1237 Eifuat
499 1215 570 1237 O o o
904 1255 1011 1310 .
