1488 1449
882 107 1198 133 HIERONMI
649 118 701 146 940
689 145 1199 183 guat ex animo quàm meavita meo:
659 183 1265 216 Sic me vexat Amor, ſic me ligat ille volentem,
694 216 1217 249 Ei ſæue imperio me premit vſque fuo.
665 249 1234 287 Quæ mihi diuitiis, anima mihi dulcior ips,
698 283 1222 315 Carior eſt geminis quæ mihi luminibus,
657 313 1290 343 Hei mihi mutata eſt cur lulia? nam mihi vita
701 350 1218 382 Inuiſa eſt, nec lu, nec iuuat vlla quies.
664 382 1235 417 Viuere non poſſum ſine te, mea fulia:quæſa
699 416 1172 449 Elige mene velis viuere, mene mori.
667 448 1250 482 Me ſub amore tuo conſumat longa ſenectus;
696 482 1233 514 Tu mihi primus amor, tu mihi ſerus eris.
666 512 1352 550 ffugere hoc nunquam potero, feu Neſtoris annos,
700 547 1202 580 Siue ego Phœbeæ tempora vatis agam.
873 581 1182 611 Ad Galeacium Taſſnum.
668 611 1157 646 Vera tribunicij, Taſſoni, iuris imago,
703 646 1181 679 Floruit antiqui qualis in vrbe Remi;
670 679 1322 714 Commendantſua Pierides tibi ſacra puellæ,
704 713 1183 746 Sacratuo quæ fumt digna fauore coli.
669 747 1212 779 Illa diu neglecta, tuas voluuntur ad aras,
705 780 1260 813 Vtq; velis meritam ferre precantur opem.
653 813 1310 846 Certa manet merces: doctis celebrabere chartis.
703 847 1250 880 Doctus, & æternum Fama loquetur anus.
669 880 1194 913 Hactenus egregiis vixiſti clarus m armis,
703 913 1231 947 Nunc placidæ libeat munera obire togæ.
873 948 1233 980 Ad aleatium Gon agam.
667 978 1225 1016 Eſt qui prælongo deducat origine nomen,
699 1012 1213 1047 Et referat veteris nobilitatis auos.
658 1045 1250 1081 Tſt qui diuitiis generoſaq; ſtemmataiungat,
701 1078 1153 1112 Et ſe felicem laude ab vtraq; ferat.
666 1111 1137 1144 At cui ſit virtus; virtuti copulet vni
702 1143 1203 1171 Et ſua cum ſummis ſtemmata diuitiis:
577 1178 1251 1212 Et numeros condat, vel docto pectore, & ore
552 1208 1190 1244 Multiplici ſurgat magnus in eloquio;
576 1241 1381 1287 Sit patriæ ratum exemplar ſpee ulumque, quod Oc
688 1274 1187 1316 Antui teferat lumi lus;
1335 1317 1450 1349 Nullus
558 1377 614 1395 p
