1133 1355
295 33 567 71 AETI.
52 71 697 104 Nullus erit, niſi tu, Galeax celebetrime, cul tot
109 109 533 136 Virtutes & tot dona dedere Dei.
278 142 575 167 Ad Iacobum Leonardum.
69 171 681 209 Cm legum ſolers numeroſa volumina verſe
109 209 591 240 Siſq; vnus miſeris anchora tuta reis;
52 240 660 276 Et ferias montes numeris. atq; arte Senatum
111 275 598 308 Eloquioq; trahas conſiliiſq; Deos;
52 309 571 342 Ingenio ducas fortes ad prælia Martes
109 342 610 375 Simtq; tuatoties parta trophæa manu:
71 375 658 408 Nil mirum ſi Mars, ſi Phœbus & aliger Arcas
111 408 624 439 Dedicatin templis tot benefacta ſuis,
71 441 622 475 Et triplici fultum ſtudio, terno ore Faletus
108 475 644 508 Diuinum in terris, ſemideumque vocet.
229 510 598 534 Ad Alexandrum Guarinum.
68 541 661 574 Magnus Alexander fuerat, tu nomina Magni
104 574 651 609 Digna refers, magno es magnus in officio.
52 608 641 642 Et pariter magnus doctrinâ, magnus & atte,
107 642 610 676 Ingenio magnus, magnus & eloquio.
52 667 803 708 Magna loquor dum ſcribo tibi; iam quadrat vtrumqu
108 708 685 742 Nil niſi magna loquor; nil niſi magna facis.
207 743 635 775 npincipis Eſtenſis,
71 773 706 812 Si ſpectas Annæ fictâ ſub imagine formam,
103 808 609 842 Eridani Nymphas dixeris, Anna refert.
67 841 642 875 Quod ſi non fictam, veram ſed videris;inter
98 875 602 908 Athereas præſtatdixeris Anna Deas.
367 912 492 933 In cadem.
42 935 649 975 Anna ſuos pictâ dum cernit imagine vultus,
105 974 707 1008 Neſcio quid tenui murmure viſa loqui eſt:
65 1007 672 1041 Fallor? an hac pictâ lateo ſubmagine, Carpi
105 1041 622 1076 Vivus an hic doctâ ſpirat ab arte color?
319 1075 493 1107 Adtabellam.
67 1106 690 1141 Quæ nuper rudis arbor eras. nunc pulcra puella
101 1141 626 1173 Membra refers debes hoc, reor, artiſici.
65 1170 678 1207 Sed formoſa tibi debet magis Anna, quod ili
48 1206 594 1236 Maxia de rabuls ſit data fama tnis.
718 1233 841 1266 H rær
