1122 1414
492 77 814 113 AIERONTMI
551 119 727 149 In eandem.
280 149 803 185 Heſperiæ m læta ſuas inuiſeret vrbes,
314 183 792 215 Venit ad Eridani ditia regna Venus:
279 216 775 249 Et modo diuitias miratur fertilis agri,
315 249 804 275 Et modo Ateſtini mœnia claa ducis.
281 282 896 316 Hlc tum forte tuam vidit ſubimagine formam;
316 316 881 350 Et pictum in tabulâ noſcere credit opus.
283 349 938 386 Quis mihi te ſimilem pinxit, mea dulcis imag?
319 383 863 417 Sola meos vultus quàm bene picta refers
287 416 886 451 Vera mei effigies, ait, eſt hic vultus, & ipſum
317 451 881 485 Pectus, &m, eadem lumina, labra, manus.
282 484 946 516 Vt verò Eridani Nympham te agnouit; obortis
316 516 869 555 Sic fata eſt lacrimis, quid iuuat eſſe Deam?
551 550 746 573 De adem.
281 581 903 617 Egreditur Cytherea mari, quis pinget Appelles?
316 616 900 651 Quis canet hanc doctocarmine Mæonides?
281 649 837 683 Inueni. Carpefis erit, quipinget. Apelles;
314 682 909 718 Et qui laudeferet Pyrrhus, Homerus erit,
495 718 765 743 De Violantild Trocta.
271 750 881 794 Intentus formæ variis ego dotibus huius,
313 785 773 818 Mirabar tantæ nobilitatis opus.
278 819 913 862 Et dixi, Venerem vultus, Phœbumq; capillos,
310 851 827 884 Pallada diuinos compoſuiſſe ſinus.
275 886 963 924 Iuno manus dedit huic, dedit huic Eatonia ſuras,
310 919 827 952 Et geminos oeulos, Sidera clara, Polus.
273 953 932 987 Huic Amor aureolas Cyprio cum lacte papillas,
277 985 763 1017 Pectoraq; Alpinâ candidiora niue.
275 1017 938 1050 Formoſas igitur pudeat ne huic cedere cunctas:
309 1052 898 1093 Quicquid enim in terris, ſola decoris habet.
272 1084 841 1128 Iudicium fieret Paridis ſi rurſus in Idâ,
306 1117 757 1151 Huic vni poſſet cedere iure Venus.
432 1153 776 1183 AdCarolum V. cCæſarem.
260 1183 974 1226 Hoc prius ambiguum, dum te miramur in armis,
304 1216 797 1250 Alcides eſſet pirne minorne tibi.
263 1248 948 1296 Nunc magis ambiguum, ſis Carole, virne Desne
971 1295 1059 1322 Sut
