1115 1353
266 29 579 69 FALETI.
90 78 596 121 Sunt tua facta Dei.
351 117 513 149 Adundem.
56 142 781 187 Vi bellum inceptum eſt, cm vincis, vincere nec vis
93 180 642 218 Tam citò, quin parcas. ſic tria Cæſar agis.
53 215 754 254 Vna manus bellum præſtat, manus altera pacem:
90 250 639 286 Nec tibi quam bellum, longior ira manet.
55 280 666 319 Hoc tibi perpetuum nomen molitur; & an ſis
92 314 610 347 Fortioran vero mitior, ambiguum eſt.
198 349 624 382 In obitum Renati Auraſiæ Principis
55 381 661 420 Iam mugit tellus, & fulminat & tonat ætler,
99 416 623 450 Et micat in terris ſtella micante comâ.
61 446 716 487 Pugnant aſtra, ſlent erto quæ fœdere iungi;
102 484 635 515 Nec Marti iam vult blanda coire Venus.
55 516 705 554 FIuctibus adſiduis exundant fluminant campos;
100 548 628 588 Cernimus aduerſas orbibus eſſe vices.
55 582 678 619 O mnia te lugent morientem ſidera Princeps
54 616 572 657 Qui nobis fato raptus es ante diem.
336 652 467 676 In eundem.
62 680 830 719 Certantem armipotens hunc Marsadſpexit Olympo
100 716 572 754 Atq; ait: excelſo cinuenit iſte polo.
66 746 696 785 Stelliſera, vir ſumme, veni regione locandus;
105 786 582 819 Stelliferâ eſt capiti parta corona tuo.
62 814 766 853 Aecipe nunc Superûm ſedes, fortiſſime Princeps,
101 851 546 886 Accipe virtutis præmia digna tuæ.
66 876 746 920 Purpuream excipiens animam ſuper arce lotauit
103 916 558 954 Empyreâ, lateri compoſuitq; latus.
60 943 649 987 Ergo ſedet cœlo Princeps Renatus in alto,
103 980 617 1019 Et Martes cœlum gaudet habere duos.
182 1013 642 1057 De libe Io. Rogij, Principi de Po-
314 1050 454 1085 r iſ.
62 1077 676 1119 Phidia magnanimi coniecit ab vngue Leonis,
108 1109 700 1154 Quanta ferent vaſtæ cetera membra feræ:
68 1146 610 1185 Fixaq; dum vidit Samius veſtigia plantæ
106 1178 579 1214 Herculeæ, moles cognita tota fuit.
68 1207 664 1250 Sic etiam Rogij pedibus dum ſcripta ſolutis
723 1239 852 1271 Et qua
