1487 1442
900 114 1232 143 HIERONYMI
648 129 698 154 o
688 163 1181 198 Et quamuis tenui cortice cernis opus:
660 192 1396 230 Pars quotacumque tamen dotes tibi monſtrat & artem,
689 230 1186 263 Monſtrat & ingenij cetera dona boni.
656 262 1312 294 Monſtrat & Hiſpanis quantum iubar exit ab oris,
691 296 1173 329 Qualis & occiduo fulgeat orbe iubar.
598 329 1350 361 Nectar & ambroſiam poſthac effundet Iberuss
692 362 1147 396 Iam Tarteſſiacis Sol orietur aquis.
914 396 1121 429 De Spinulæ libello.
657 429 1250 462 Mirari Heſperidum iam deſine roſcida, lector,
692 464 1143 496 Poma, vel Alcinoi rura beata ſenis;
658 496 1324 537 Vel Tagus auriferis locuples quod voluit in vndis,
693 529 1248 562 Vel quo purpureis Hermus abundat aquis.
597 561 1274 596 Quid Dodona tuam iactas, quid Media ſiluam?
691 594 1243 626 Maſſice quid vites, quidue Falerne tuas?
659 627 1357 661 Spinula, dulce melos fert, cinnama, nectar, amomum,
693 660 1239 693 Chryſolitos, aurum, balſama, thura, Deos.
772 696 1219 728 Ad amicum miſſa parte Perdicis.
657 728 1323 760 Fracto cture volans noſtrum ad penetrale ſine alis,
693 761 1236 795 Quod mirum eſt, nuper dædaia venit auis:
590 784 1227 827 Venit ab Heſperio perdix demiſſa Tonante,
690 830 1159 862 Et parte auxilium corporis illa tulit.
588 851 1262 902 Semianimem lacero reuocauit corpore vitam:
688 894 1177 931 Veniſſet ſi ad nos integra, diuus eram.
888 931 1082 962 Ad Phoſphorum.
649 959 1218 996 Temporibus noſtris quod lites, iurgia, rixæ;
684 994 1253 1027 Vndique quod vigeant horrida bella, minæ;
648 1026 1153 1061 V, odium, fraudes, alieni dira cupido.
681 1061 1196 1096 Bella ducum, cædes, inſidiæque graues,
648 1093 1264 1128 Miraris? dicam ſi quæris, Phoſphore, cauſſam:
682 1127 1267 1160 Tolle meum atque tuum, ſæcula priſca dabis.
918 1163 1077 1185 In elhiam
645 1192 1319 1225 Quod fremit in noſtram ſtrictis mucronibus vrbe
682 1225 1170 1258 Gelrhia, & inſanâ ſeditione ruit;
643 1253 1231 1292 Mmfeſtatque lares, perturbat iuſque piumque
677 1288 1185 1323 elrha. nil mirum eſt: relligione caret.
1279 1329 1484 1369 Ad A-
