1113 1336
300 20 534 50 FALETI.
199 63 540 97 Ad Alfpnſum Troctium.
35 102 655 139 Amonio Typhis, Phrygioralinurus, Achiii
69 128 695 168 Autumedon, Troctus dux mihi ſemper erit.
35 170 644 202 At tato maior Troctus mihi ſemper. Achilles
46 204 638 239 Antomedonte ſuo quàm duce maior erat.
34 235 738 275 Quid male ſane paras componere magna puſilli?
33 270 666 306 Hic mus, ille elephas: hic vir, at ille Deus.
181 312 630 346 Epiæ Codumna.
33 338 770 380 Digna polo, qua non capiebat marmor, Olympe
74 377 570 412 Emicat, & ſeds: vnde receſſit habet.
192 413 682 454 Epitapm Aſeanii Calcagnini, infanti.
44 452 601 485 Nona dies terris oſtendit, & addidit aſtris.
33 485 627 521 Felix qui cœlo tam cito dignus eram.
185 527 639 560 Ad Sigiſmundum Sarmatiæa regem.
44 560 509 594 Magnos fama refert adire reges
32 591 572 629 Ditis Perſidos haud ſolere quenquam
33 625 517 661 Abſque munere, quamlibet puſillo:
47 659 543 694 Nec dignum minus id ſibi putare;
32 693 525 726 Mentem munere pluris æſtimantes.
46 727 491 759 Hinc, fortiſſime rex patentis oræ,
49 759 467 794 Pugnaces populi atque bellicosi
50 791 525 827 Cui parent; Ducis Herculis ſecunds,
52 827 424 862 Quo Ferraria læta gloriatur,
48 860 424 888 Orator vacuâ venire dextrâ,
51 889 614 922 Ne forſan videar, breuem hunc libellum
53 927 535 960 Tantiſpertibi, qualecumque munus
51 958 490 992 Dico, dum valeam parare maius,
52 989 545 1032 Idignum neque te tuoque ſceptro.
320 1034 500 1060 Ad Alciatum.
46 1065 517 1102 Mago Perſidos, Alciate, quondam
52 1098 544 1136 Regi munus aquæ obtulit puſillum.
56 1131 567 1165 Ambabus manibus ſenex agreſtis.
40 1167 541 1200 Non accepta minus tamen voluntas.
58 1199 591 1233 Sic noſtum tibs qualecumque carmen,
