1475 1403
845 109 1195 135 HONORATI
635 119 678 142 9S2
584 152 1128 186 Princeps maxime in orbe literarum,
640 186 1148 224 Acceptum faciat bona hæc voluntas..
1132 272 1342 294 EVT
717 273 1376 327 HONO ATI FA AA
981 339 1102 363 Ad Des.
652 381 1176 413 Inter veterem, & nouam Theaten
652 410 1180 448 Qui me, Dii, ſtatuitis immerentem,
652 448 1077 480 Quid vobis voluiſtis?an poëtam
653 481 1212 513 Veſtrum perdere per iocum, atque ludum?
655 512 1176 546 Nam quid feci ego, quidve ſum locutus,
656 545 1196 578 Cur vos tam malè me, male atque acerb
659 578 1037 611 Haberetis, ineptiusq; multo,
655 611 1130 645 Quàm Rheæ deceat genus beatum?
657 645 1151 669 Eſto:enim mala noſtra vos iuuabant.
654 678 1143 711 Vna non ſatis, & ſuper Charybdis
655 711 1179 746 Erat?quorſum opus addidiſſe Scyllam?
657 745 1058 774 Sed freto bona ficus in Sicano
658 778 1034 809 Duei Dulichio tulit ſalutem.
657 812 1034 841 Nobis in Latio, ſalus Latinis
655 844 1120 879 Et à montibus expetenda ſummis:
655 878 1141 912 Vt Phœbus citharâ increpans ſonorâ,
656 912 1089 943 Ter per ſomnia viſus admonere.
656 945 1123 978 Quare Tibridis ad fluenta, Montes,
652 978 1112 1012 Qui gratiſſima regna Diis tenetis,
653 1012 1105 1043 Cœlo vertice proximi, & decorum
652 1045 1032 1079 Incincti triplici caput tiarâ
655 1072 1144 1114 Summos vos adeo, rogoque ſupplex,
651 1110 1137 1144 Vt monſtro me ab vtroque liberet.
651 1142 1010 1177 In ſinu liceat latere veſtro,
647 1174 1060 1210 Et ſacra recreare me ſub vmbrâ
651 1208 1134 1244 Non fici Siculæ, ſed Innocentis
651 1241 1065 1276 Floridæ, peramabilisque oliuæ
648 1273 1132 1317 Acuius mihi ramulis in orbem
1290 1304 1434 1343 Hlexi,
