1072 1356
188 26 599 53 FASITELL
44 71 504 103 Pexis, Palladiam petam coronam;
27 101 509 132 Et celam omnia veſtra dicta, facta.
45 133 564 171 Sic poſt ſæcula longa & vſque & vſque
45 168 521 200 Vobis non modo collium ſuperbas
46 202 527 238 Septem aſſurgere gratulemur arces,
27 233 687 272 Sed magnum Oromedonta, & ipſum Olympum.
195 269 652 302 In. Sabellam Romanam puellam.
27 302 498 337 Sabella ocelli, non ocelli, ſed vagi
79 337 362 365 Soles duo minutuli:
45 368 468 406 Labella, non labella, ſed coralia,
84 403 477 430 Saxis tenella in candidis,
46 435 644 471 Si vos rigentum flabra ventorum horrida
82 470 393 497 Diſſuauiari inſaniunt;
27 497 515 540 Nec eſt manu, vel pallio procacium
83 538 359 572 Arcere peruicaciam;
46 568 596 605 Nos perditos, qui carne molli, & oſſibus
85 603 419 637 Non ſaxeis plane ſumus,
46 634 545 676 Qunam putatis eſſe poſſe corculo?
81 671 476 709 Quâ mente? nec plura attinet.
264 706 396 730 In eandem.
47 737 503 773 O os purpureum, genæque læues
83 771 552 799 Sabellæ, o teneræ manus eburnæ,
83 804 507 837 Dentes candiduli, venuſti ocelli:
84 838 518 874 Qubus candidius, venuſtiusque
85 869 604 903 Nec candor potis eſſe, nec venuſtas:
82 904 508 941 Qui veſtra glacie Notum rigere
85 937 592 974 Aut veſtrâ Boream tepere flamm,
86 970 509 1005 Stulti verſiculis canunt ineptis;
86 1003 495 1040 Ah quanto ſatiusque veriusq;
86 1034 689 1072 Me ægrum, flante Aquilone, flante & Auſtro,
84 1067 570 1104 Dicerent tremere vſque & ætuare.
192 1105 492 1136 De Liuiæ Columna oeulis.
50 1138 398 1168 Ocelli nitidi meæ puellæ.
86 1168 493 1203 Puellæ lepidiſſimæ, & venuſtæ,
85 1200 572 1240 Quantum non alia vlla, cui per vrbes
747 1224 849 1264 Porm
