1462 1402
865 98 1171 133 ONORATI
623 140 1070 171 Formà excellere contigit Latinas;
625 174 974 206 Ocelli nitidi, quid accidiſſe
625 205 1096 239 Vobis me miſerum audio moleſti?
625 239 1101 267 Vos horror malus, & malæ tenebræ,
626 272 1111 307 Vos furuis nigra nox obumbrat alis?
627 307 999 340 Et qui ſideribus pates eratis,
628 338 1113 372 Nunc caligine hebeſcitis profundâ?
629 373 1075 407 O nimis male, nequiterq; factum:
833 409 969 439 Ad eoſdem.
626 438 1074 472 Næ, ſi vos nitidi, & venuſti Ocelli,
626 473 1135 506 In magnum Superi ferent Olympum,
622 506 1020 533 Inter ætherias faces locandos,
620 537 1083 571 Vt percrebuit, & dolemus omnes
631 571 1047 603 Næ duri Superi, miſelli homulli.
624 604 1061 638 Sed quando Superi, nec in beatos
618 633 1187 671 Ius ægris, neque fas: quod vnum, & ingens
633 672 1072 706 Solamen reliquum; valete Ocelli:
631 706 965 739 Ocelli nitidi meæ puellæ,
630 737 1114 772 Auete, atque valete;deque ſummo
633 771 1039 797 Poſthac vertice mi micate cœli.
612 805 1011 838 In terris ego ture vos, & ara,
620 839 1049 874 Et cantu citharæ colam ſonoræ;
620 871 1064 906 Incenſus magis in dies, magisque
622 904 1107 939 Sanctarum liquido igne pupularum.
836 942 1000 971 Eislem adhue.
627 969 1127 1010 Poſtquam vos nitidi, & venufti ocelli,
618 1005 965 1039 Ocelli nitidi meæ puellæ,
628 1037 1086 1069 Inter ſidera Diis referre viſum eſt;
630 1071 1050 1105 Nos veſtrâ ſine luce multa paſſi,
629 1104 1043 1138 Eo nomine gratulari habemus,
630 1136 1133 1169 Quod iidem dederunt mali leuamen.
625 1168 1109 1200 Terrarum miſeram vicem dolentes:
629 1202 1054 1236 Vt quicunque leui ſecant faſelo
626 1233 1083 1272 Magnæ nauifragum ſalum Diones;
617 1266 1022 1304 lis vos Helice petita nautis,
1288 1304 1407 1339 Vos lis
