1131 1348
881 8 1000 51 1
260 29 557 55 FASITELLI.
766 37 808 64 Ms5
882 47 959 89 I
26 71 454 106 Vos ſitis Cynoſura iam futuri.
26 103 523 142 Ergo, quod ſupereſt, miſelli amantes,
29 139 475 175 Ne fruſtra irreuocabiles fleamus;
15 172 492 205 Sit finis lacrymis, modus querelis:
20 206 531 238 Et mecum, Veneris patens per æquor,
915 198 999 257 I
20 238 557 272 Hos iam ſuſpicite, hos duces habete.
180 273 548 308 In Aſpaſium, malu Poetam.
23 306 470 341 Ad me tam ſtupidi, & mali poëtæ
1 339 555 375 Aſpaſii maledicta numquid hilum
22 372 559 407 Pertinent, rogo? noti vterque noſtrum
21 406 491 438 Bonis domnibus, & malis ad vnum,
2 439 490 474 Ego, atque ille ſumus; ſuis vterque.
21 473 425 500 Solum me miſeret dicacitatis,
1 507 528 544 Qua fertur ſtolidus, ruitque præceps,
1 540 481 577 Cæcus nequitiâ, in meos iambos.
250 574 443 603 In diem natalem.
23 604 435 636 Natalis meus eſt. I& ſodales
25 639 421 673 Vrantur pia tura Diis amicis,
33 672 498 704 Vitæ auctoribus, & Ioui ſupremo.
23 706 538 742 In primis hominum, & Deûm parenti.
1 742 550 773 Poſt Iouem;neque Iuno, nec Minerua,
1 774 477 806 Sed Farneſius incytus colendus,
1 808 516 840 Bona cum veni omnium Deorua.
1 839 541 874 Nam in terris prope par Ioui ſupremo
1 874 447 907 Luce non aliâ, ſed ipsâ eadem,
1 907 512 940 Vitæ piincipium vt dedit mihi ille,
30 938 618 976 Hic cultum addidit, & decus; paremque
27 972 525 1011 Iuſit, & ſimilem eſſe me Doorum.
199 1008 490 1031 In Paullum Iouium
34 1041 466 1072 Næ debent Iouio viri elegantes,
28 1072 440 1105 Bonis artibus his, & his politi;
34 1107 463 1139 Næ debent fouio elegantiarum
31 1139 481 1172 Parenti, artibus omnihus polito,
29 1169 562 1208 Quantum vix animus capeſſat vllus,
38 1204 522 1237 Nec viui modo, qui vident, amantq
722 1227 821 1255 Vani
