1118 1412
571 115 879 141 HONSRAI
348 156 835 191 Sed quod ſit ſatisid negamus omues;
347 190 916 226 Quantum,quod pote pluriuium negari.
347 223 916 256 At, ctn maximum in o be viderimus,
342 257 742 290 Inſignem ttiplici auteâ tiarâ,
346 290 913 329 Quæ virtus tus, noſtiaq; omnium eſt ſpes.
343 324 779 357 Tum vero id poterit ſatis videri.
485 360 685 382 AdF.Cornelium.
344 390 855 424 Vnus qui rel. quus mihi patronus
344 423 842 457 Corneli, fueras, vetusquc amicus;
345 457 908 495 Qui excelſo vſque animo eſſe me iubebas
344 490 829 522 Firmâ in ſpe, eximiaque maximaque
343 522 765 554 Vi iam iſtos facerem pili beatos:
343 555 788 587 Nunc diuerſus abire, nunc videris
342 587 809 621 Idem non animo eſſe, non loquela.
342 622 823 655 Et quod me cruciat magis, magisque
344 655 907 689 Nullam ob eauſſam aliam, niſi ob facetam
341 689 787 723 Vnam, ridiculamque, futilemque:
342 722 805 755 Quod Farnefius ad iocum libenter
340 756 723 789 Refert omnia, qui ſolet iocari
343 789 774 822 Tecum, & cui fuerit bono rogare.
340 820 939 858 Atque hic tu, m:hi per iocum, atque luſu
340 856 738 888 Verbis illius nouos epores
339 889 788 923 Quid non dicere, vel tacere pergis?
337 923 831 956 Commentum placet elegans, ſalisque
333 955 841 988 Plenum, fed mihi c ede, vultu, ocellis,
331 989 810 1024 Pallore, atque tremore, denique ipſa
332 1023 687 1054 Næ tu proderis oſcitatioe.
331 1056 869 1089 Tun me?tun mihi? qui tibi ſed ad rem,
329 1089 753 1122 Amabo, mihi deſine iſta poſthac
329 1123 784 1155 Plane frigida Sin, vide, palam, clam
327 1155 776 1187 Profecto ad Iouium cfegantiarum
326 1189 792 1222 Appellabo parentem. habet paratas
325 1221 804 1254 Is chartas, calamosque, ſiue Etruſcos
326 1253 699 1281 Malis, ſiue etiam Latiniores;
322 1280 869 1317 ales nunc Venetos tus videmus:
1000 1326 1102 1364 Qibu
