1026 1357
252 49 600 80 FASITELL
48 88 499 123 Quibus cm hiſtoriam politiorem
47 123 580 157 Conſcribillet ab orbe condito omnem,
31 156 560 190 Illuſtcans, cclebransque & hos, & illos:
45 190 412 224 Iure amicitiæ petemus, vt te
46 223 435 259 Im hos inſerat, & tuos lepores.
123 256 556 291 In Gibertum ſummâ ingenii indle
300 298 402 324 puerum,
53 321 496 356 Giberti ingenium, bonas per artes
51 356 478 391 Excultum, celebramus vrbe rotâ,
48 390 466 420 Dignum Socraticâ inſtitutione.
48 421 493 456 Hinc eſt gloria vera comparanda:
32 455 489 489 Hinc laus ipſa perennior petenda.
30 485 500 521 Hoc Gibertus amat puer diſertus,
9 522 497 555 Contemptâ iuuenum procacitate.
194 557 494 590 Ad Scipionem Capycium.
45 586 642 626 Quis mihi nunc ruri non ſuadeat eſſe Capycis
82 621 531 657 Et vetet agreſti munera ferre Lari?
42 654 608 690 In patrios migrauit agros, eæloque Caſerta
79 688 534 715 Deuocat æteros ad ſuarura Deos:
46 718 708 759 Et facit, vt magnum Campania terra Tryphonem
50 752 578 792 In paruâ iactetſe quoque habere cas.
46 785 632 824 Oego quid ceſſo?populique vrbeſquevalete,
78 822 626 857 Et quæeunque leuis compita vulgus amat:
42 852 640 893 Vulgus, in extremis quæfita Themiſtita terris
78 886 536 921 Cui placet, incertis & Calicuta viis.
27 917 629 958 Neſcio quæ Calicuta nouo ſub ſole repoſta,
75 952 608 990 Lternum Hiſpanæ munus auaritiæ.
26 982 638 1025 Nempe parum fuerat, noſtris diteſcere regnis,
74 1019 595 1056 Et verſare auidâ faſque nefaſque manu:
37 1051 639 1089 Intactos niſi claſſe nouâ penetraſſet ad Inds,
73 1087 530 1123 Intentata rudis Tethyos ad ſpatia.
36 1117 542 1154 Scilicet à curuo miles digreſſus aratro,
68 1152 582 1190 Præcepsitrans terras, & maria alta ruit:
32 1181 720 1224 Iamque ſuper Solis curtiſque æſtuſque perennes,
63 1217 587 1256 Audet ignotum tends vea llum.
698 1260 804 1292 icas
