1516 1434
966 114 1271 140 HONORATI
720 156 1253 183 Sic alius nobis alio micatorbe Bootes:
757 190 1283 224 Miſa quc ſub ptygio gurgite terra patet.
720 223 1294 254 Ill tudem victor tetris aduertere proram,
754 255 1238 290 Eouu poſt tanto geſtit adire ſola.
694 288 1237 322 Ignarireum populi, per littora fuſi,
754 322 1306 354 M: tur liquidas currere monftra vias.
719 352 1434 390 Nunc alacres properant, trepidâ nunc mente reſiſtun:
756 388 1291 423 Attollunt cœlo lumina cum manibus.
716 420 1330 456 Dumque nouâ paſſim tacti dulcedine torpent,
751 454 1354 488 Et multa ancipites ſpeque metuque fremunt,
717 487 1392 520 Ecce tubæ ſubitus magnum fetitæthera clangor:
753 520 1290 552 Et crebra reſonant tympana pulſa mau.
701 553 1243 581 Illi Nereidas diuinâ voce canentcs,
750 584 1285 615 Et ſanctos rentur Doridos ire choros.
714 618 1204 644 Inter ſe mirisobuertunt nuiibus ora:
750 652 1295 685 Et plauſum mægnis vocibus ingeminant.
713 684 1341 718 Aſt, vbi fulmineo cœlumtremit omne fragore;
748 719 1259 753 Et latè fumo ſtat graueolente fretum:
716 753 1276 786 Tum vero ingenti perculſi corda pauore,
748 785 1304 820 Bacchari Eumenidas per vada ſalſa putant.
714 818 1343 852 Nec flammas iam ferre nouas, ictuſque minaces
746 852 1297 886 Permiſtumque graui ſulfur odore queunt.
712 884 1313 919 Pars fugit, & ſiluis ſe ſe procul abdit opacis:
744 920 1246 954 Agmine pars denſo regia iuſſa facit.
711 953 1342 987 Regem mgna virûm, proecraque colla duorum
743 986 1260 1012 Sublimem iunctis ſuſtulerant manibus.
710 1019 1279 1055 Hi currus illis, hæ ſunt in honore quadrigæ:
746 1052 1246 1088 Non aliis priſco more vehuntur equis.
708 1085 1320 1120 Sed quibus ille paret contra contendere telis?
744 1119 1355 1154 Aurum habet hoc plen porrigit vſque manu.
708 1152 1371 1187 Quid facis ah demens? gemmas, aurumq; reconde:
743 1186 1244 1219 Muneribus perdis teque, tuosque tuis.
707 1217 1313 1253 At felix quondam patriis Epicurus in hortis,
741 1251 1384 1285 Dum ſibi & ipſe ſerit, quod ſibi & ipſe metit,
708 1283 1298 1318 Contentus modico vitam traduxit agello;
1348 1318 1494 1345 Nec Iabes
