<PcGts xmlns="http://schema.primaresearch.org/PAGE/gts/pagecontent/2017-07-15" xmlns:xsi="http://www.w3.org/2001/XMLSchema-instance" xsi:schemaLocation="http://schema.primaresearch.org/PAGE/gts/pagecontent/2017-07-15 http://schema.primaresearch.org/PAGE/gts/pagecontent/2017-07-15/pagecontent.xsd"><Metadata><Creator>User123</Creator><Created>2020-04-25T21:20:16</Created><LastChange>2020-04-25T21:20:16</LastChange></Metadata><Page imageFilename="1032.png" imageHeight="1434" imageWidth="1516"><TextRegion id="r0" type="paragraph"><Coords points="1,1 1514,1 1514,1432 1,1432"/><TextLine id="r0_l001"><Coords points="966,114 966,140 1271,140 1271,114"/><TextEquiv index="1"><Unicode>HONORATI</Unicode></TextEquiv></TextLine><TextLine id="r0_l002"><Coords points="717,121 717,151 768,151 768,121"/><TextEquiv index="1"><Unicode>9o</Unicode></TextEquiv></TextLine><TextLine id="r0_l003"><Coords points="720,156 720,183 1253,183 1253,156"/><TextEquiv index="1"><Unicode>Sic alius nobis alio micatorbe Bootes:</Unicode></TextEquiv></TextLine><TextLine id="r0_l004"><Coords points="1112,222 1283,221 1283,190 757,190 757,219 784,220 794,223 969,222 988,224 1086,224"/><TextEquiv index="1"><Unicode>Miſa quc ſub ptygio gurgite terra patet.</Unicode></TextEquiv></TextLine><TextLine id="r0_l005"><Coords points="1294,223 1112,223 1086,225 988,225 969,223 720,223 720,254 1294,254"/><TextEquiv index="1"><Unicode>Ill tudem victor tetris aduertere proram,</Unicode></TextEquiv></TextLine><TextLine id="r0_l006"><Coords points="1238,257 1002,255 870,256 852,258 754,257 754,288 817,290 1015,290 1078,288 1187,288 1211,290 1238,290"/><TextEquiv index="1"><Unicode>Eouu poſt tanto geſtit adire ſola.</Unicode></TextEquiv></TextLine><TextLine id="r0_l007"><Coords points="1237,293 1221,293 1210,290 1078,289 1015,291 845,290 817,291 738,288 656,288 656,322 735,322 776,320 866,322 1237,322"/><TextEquiv index="1"><Unicode>Ignarireum populi, per littora fuſi,</Unicode></TextEquiv></TextLine><TextLine id="r0_l008"><Coords points="1306,353 1306,322 754,322 754,353 1277,354"/><TextEquiv index="1"><Unicode>M: tur liquidas currere monftra vias.</Unicode></TextEquiv></TextLine><TextLine id="r0_l009"><Coords points="1434,352 1325,352 1315,354 1210,356 867,356 719,353 719,386 789,386 842,388 972,388 1042,390 1089,390 1135,388 1314,388 1335,390 1434,390"/><TextEquiv index="1"><Unicode>Nunc alacres properant, trepidâ nunc mente reſiſtun:</Unicode></TextEquiv></TextLine><TextLine id="r0_l010"><Coords points="756,388 756,423 1291,423 1291,388"/><TextEquiv index="1"><Unicode>Attollunt cœlo lumina cum manibus.</Unicode></TextEquiv></TextLine><TextLine id="r0_l011"><Coords points="1330,453 1330,420 1196,423 1025,422 855,423 773,420 716,420 716,451 737,451 752,453 917,456 1094,456"/><TextEquiv index="1"><Unicode>Dumque nouâ paſſim tacti dulcedine torpent,</Unicode></TextEquiv></TextLine><TextLine id="r0_l012"><Coords points="1278,486 1354,486 1354,454 1094,457 954,456 917,457 751,454 751,485 755,486 832,486 870,488 1204,488"/><TextEquiv index="1"><Unicode>Et multa ancipites ſpeque metuque fremunt,</Unicode></TextEquiv></TextLine><TextLine id="r0_l013"><Coords points="1392,487 1049,490 870,489 832,487 717,487 717,517 800,518 817,520 1392,520"/><TextEquiv index="1"><Unicode>Ecce tubæ ſubitus magnum fetitæthera clangor:</Unicode></TextEquiv></TextLine><TextLine id="r0_l014"><Coords points="1290,522 1275,521 892,522 753,520 753,549 778,552 1290,552"/><TextEquiv index="1"><Unicode>Et crebra reſonant tympana pulſa mau.</Unicode></TextEquiv></TextLine><TextLine id="r0_l015"><Coords points="701,553 701,581 1243,581 1243,553"/><TextEquiv index="1"><Unicode>Illi Nereidas diuinâ voce canentcs,</Unicode></TextEquiv></TextLine><TextLine id="r0_l016"><Coords points="750,584 750,615 1285,615 1285,584"/><TextEquiv index="1"><Unicode>Et ſanctos rentur Doridos ire choros.</Unicode></TextEquiv></TextLine><TextLine id="r0_l017"><Coords points="714,618 714,644 1204,644 1204,618"/><TextEquiv index="1"><Unicode>Inter ſe mirisobuertunt nuiibus ora:</Unicode></TextEquiv></TextLine><TextLine id="r0_l018"><Coords points="1295,652 750,652 750,684 1295,685"/><TextEquiv index="1"><Unicode>Et plauſum mægnis vocibus ingeminant.</Unicode></TextEquiv></TextLine><TextLine id="r0_l019"><Coords points="1341,685 1140,687 985,686 886,687 844,685 713,684 713,717 1341,718"/><TextEquiv index="1"><Unicode>Aſt, vbi fulmineo cœlumtremit omne fragore;</Unicode></TextEquiv></TextLine><TextLine id="r0_l020"><Coords points="748,719 748,753 1259,753 1259,719"/><TextEquiv index="1"><Unicode>Et latè fumo ſtat graueolente fretum:</Unicode></TextEquiv></TextLine><TextLine id="r0_l021"><Coords points="1276,753 716,753 716,783 879,786 1276,786"/><TextEquiv index="1"><Unicode>Tum vero ingenti perculſi corda pauore,</Unicode></TextEquiv></TextLine><TextLine id="r0_l022"><Coords points="1304,819 1304,787 921,788 878,786 748,785 748,817 756,818 917,820 1211,820"/><TextEquiv index="1"><Unicode>Bacchari Eumenidas per vada ſalſa putant.</Unicode></TextEquiv></TextLine><TextLine id="r0_l023"><Coords points="1343,820 917,821 714,818 714,849 856,852 1343,852"/><TextEquiv index="1"><Unicode>Nec flammas iam ferre nouas, ictuſque minaces</Unicode></TextEquiv></TextLine><TextLine id="r0_l024"><Coords points="1297,853 1124,855 746,852 746,883 759,884 836,884 893,886 1297,886"/><TextEquiv index="1"><Unicode>Permiſtumque graui ſulfur odore queunt.</Unicode></TextEquiv></TextLine><TextLine id="r0_l025"><Coords points="1313,887 937,889 892,886 712,884 712,918 1313,919"/><TextEquiv index="1"><Unicode>Pars fugit, &amp; ſiluis ſe ſe procul abdit opacis:</Unicode></TextEquiv></TextLine><TextLine id="r0_l026"><Coords points="1246,952 1246,921 1031,922 744,920 744,951 846,953 1191,954"/><TextEquiv index="1"><Unicode>Agmine pars denſo regia iuſſa facit.</Unicode></TextEquiv></TextLine><TextLine id="r0_l027"><Coords points="1342,953 1226,953 1139,956 1040,954 711,953 711,983 714,984 788,986 1006,985 1056,987 1342,987"/><TextEquiv index="1"><Unicode>Regem mgna virûm, proecraque colla duorum</Unicode></TextEquiv></TextLine><TextLine id="r0_l028"><Coords points="1260,988 1104,989 1006,986 743,986 743,1012 1260,1012"/><TextEquiv index="1"><Unicode>Sublimem iunctis ſuſtulerant manibus.</Unicode></TextEquiv></TextLine><TextLine id="r0_l029"><Coords points="1279,1020 1196,1022 1063,1022 710,1019 710,1050 747,1050 769,1052 817,1053 1279,1055"/><TextEquiv index="1"><Unicode>Hi currus illis, hæ ſunt in honore quadrigæ:</Unicode></TextEquiv></TextLine><TextLine id="r0_l030"><Coords points="1246,1086 1246,1056 817,1054 746,1052 746,1084 754,1085 1023,1088 1195,1088"/><TextEquiv index="1"><Unicode>Non aliis priſco more vehuntur equis.</Unicode></TextEquiv></TextLine><TextLine id="r0_l031"><Coords points="1320,1119 1320,1085 1195,1089 1023,1089 708,1085 708,1119 851,1118 888,1120 1249,1120"/><TextEquiv index="1"><Unicode>Sed quibus ille paret contra contendere telis?</Unicode></TextEquiv></TextLine><TextLine id="r0_l032"><Coords points="1275,1152 1355,1152 1355,1119 1140,1122 964,1122 888,1121 851,1119 744,1120 744,1150 914,1154 1210,1154"/><TextEquiv index="1"><Unicode>Aurum habet hoc plen porrigit vſque manu.</Unicode></TextEquiv></TextLine><TextLine id="r0_l033"><Coords points="1371,1152 1210,1155 914,1155 800,1152 708,1152 708,1187 725,1187 728,1185 840,1185 879,1187 1371,1187"/><TextEquiv index="1"><Unicode>Quid facis ah demens? gemmas, aurumq; reconde:</Unicode></TextEquiv></TextLine><TextLine id="r0_l034"><Coords points="1244,1218 1244,1187 879,1188 840,1186 743,1186 743,1215 746,1216 847,1219 1207,1219"/><TextEquiv index="1"><Unicode>Muneribus perdis teque, tuosque tuis.</Unicode></TextEquiv></TextLine><TextLine id="r0_l035"><Coords points="1113,1252 1129,1250 1313,1252 1313,1217 1302,1217 1298,1219 1059,1221 882,1221 768,1217 707,1217 707,1246 916,1253 1012,1253"/><TextEquiv index="1"><Unicode>At felix quondam patriis Epicurus in hortis,</Unicode></TextEquiv></TextLine><TextLine id="r0_l036"><Coords points="1384,1251 1358,1251 1352,1253 1129,1251 1113,1253 1012,1254 916,1254 850,1251 741,1251 741,1280 756,1281 879,1285 1384,1285"/><TextEquiv index="1"><Unicode>Dum ſibi &amp; ipſe ſerit, quod ſibi &amp; ipſe metit,</Unicode></TextEquiv></TextLine><TextLine id="r0_l037"><Coords points="1298,1317 1298,1288 1286,1286 1124,1285 1026,1287 922,1287 839,1285 813,1283 708,1283 708,1318 1285,1318"/><TextEquiv index="1"><Unicode>Contentus modico vitam traduxit agello;</Unicode></TextEquiv></TextLine><TextLine id="r0_l038"><Coords points="1348,1318 1348,1345 1494,1345 1494,1318"/><TextEquiv index="1"><Unicode>Nec Iabes</Unicode></TextEquiv></TextLine><TextLine id="r0_l039"><Coords points="1,1351 1,1395 161,1395 161,1351"/><TextEquiv index="1"><Unicode></Unicode></TextEquiv></TextLine></TextRegion></Page></PcGts>