1023 1356
302 17 621 48 FASITELLI
85 59 594 94 Neo labes ſanctum polluit vlla ſenem.
56 94 606 130 Hei mihi, quid dixi? Cæleftes parcite faſſo
84 127 608 162 Contempſit magnos impius ille Deos.
48 161 560 194 Securus lethi, Stygiæ ſec urus & vndæ,,
50 194 567 226 Riſit tergemini ferrea vincla canis.
47 226 771 267 Non ego, qui ſoleam ſacra menſtruavos mihi teſles
82 261 597 297 Excidit; & linguæ, non mea culpa fuit.
46 295 681 329 Sanctam ego iudicibus potuifſem dicere vobis,
33 328 522 359 Flagraret tanta ni ſcelus inuidia.
44 360 620 395 Infelix Epicure nec hoc mihi nomine care,
78 395 681 431 Numina tune auſus temnere magna Deûim?
44 428 668 465 Tune auſus Graias conuellere ſacra per vrbes,
74 461 540 497 Et dulci mentes faſce leuare pias?
39 494 724 529 Stulte luis pœnas: quam nunc Acheronte ſub imo
79 527 529 556 Velles accenſis tura dediſſe focis.
36 560 704 596 Im iſer Eumenidum pendentes fronte colubtos,
71 595 615 631 Inunc, & Manes, & Phlegethonta nega:
31 625 740 672 Perſephonem, Ditemq; nega. te Tartarus horrens
70 660 599 697 Compeſcat; miris excrucietque modis.
27 694 695 730 Sed mea quæ pietas, vnam hoc ignoſcite Diui,
72 727 705 766 Tuneq; illum ſanctum quismeget eſſe, rogem.
34 762 717 797 Quis tunc oro, neget? primis cui ſemperab annis,,
67 792 540 823 Vt ſine cur eſſet, maxima cura fuit:
32 825 609 862 Non vaſti tumidis pelagi ſe aredidit vnds;
65 860 613 894 Flecteret vt dubiam per freta cæca ratem.
30 892 606 927 Non litui ftrepitus arrectis auribus hauſit;
64 925 578 962 Ne ſtupuit medi vellera tincta Tyro.
26 959 688 996 Denique deſpexit curas quæcunque ſequaces.
62 992 564 1026 Protinus a triſti pectore nos abigunt.
25 1024 633 1061 Quin rerum cauſſas tant um libareatente
63 1058 538 1090 Conſtituit primi liminis ante fores.
26 1092 633 1127 Ne curis animum torqueret inanibus ægru
62 1125 547 1152 Cerneret & medio ſomnia vana die.
25 1158 686 1201 Huic igitur meritam dubitem concedere laudem:
40 1191 624 1234 Et titulum nudi nominis inuideam?
