1241 1462
606 89 964 124 IONORATI
400 122 1127 187 Quin ſenis exemplo iam ſtat quoque, pace Deorum
436 161 992 211 Hoc reliquum vitæ degere, quod ſupereſt.
400 199 903 245 V bis delicias in cœlum ferte ſodales;
438 232 915 275 Vrbs aliis placent: fordida rura mihi.
405 268 1003 311 ic iuuet inſanos animi componere motus
442 300 873 348 Et legere in tuto lintea laxa ſinu,
408 328 1016 380 Amaque pro templo non magnæ figere villæ.
448 367 916 412 Spitis & cymbæ texta ſoluta meæ:
412 396 1040 446 Tumlongis dulces ſomnis adiungere ſomnos.
447 433 899 477 Et ſæpe ipſius non meminiſſe mei.
413 463 976 508 Dii facite, immites diſcerpant cetera venti;
451 498 904 543 Hæc pars è votis ſit rata ſola meis.
417 527 993 577 Vt ſit, qui poſſit de me quoque dicere, feli,
452 563 931 607 Vrbe procul ſolis qui ſibi viuit agris:
421 597 1000 639 viuit, & æterno Chriſti dum flagrat amorc,
456 629 990 678 Farre pius modico ruſtica ſacra facit.
652 664 893 697 Ad Card. Farneſium.
425 700 843 739 Farneſi, tibnon ſat eſt, t aiunt,
424 732 823 776 In magnis voluiſſe; nam puſilli
426 768 890 805 Illud eſt hominis Tibullianum:
427 796 915 844 Te qui maximus es, Deûmque proles
426 832 883 870 Decet maxima quæque iure poſſe:
429 867 874 911 Quanuis ſors etiam Maronianum
426 899 847 940 Petrupiſſe Acheronta ſit neceſle.
429 929 906 975 Iam ſcis quod volo:perfice vt ſatis ſt
430 966 816 1003 Hac via, aut alia, nihil laboro:
431 994 996 1038 Tantum perfiee: quod remordet hoc et.
433 1030 941 1071 Sic tu terque quaterque Diis ſecunds
433 1065 865 1105 Diu terque quaterque ſis beatus.
592 1102 814 1131 Ad Pe. Myrteum.
436 1134 787 1170 Miſi caſeolum meo poetæ
436 1166 756 1199 Ile continuo ſuæ puellæ
435 1194 864 1233 Miſit turpiculæ atque inelegants
437 1232 837 1262 Tanti me meus aſtimat poem
429 1261 859 1309 oſt puulo ſuus it pues, teditque
1129 1292 1211 1321 Ame
