1500 1440
896 139 1217 166 VDOVICI
675 183 1317 218 Hoc meruere olli, & tantum exhauſere laborum,
676 218 1297 252 Carolus hic ille eſt. quem nec ſecla vlla, nec ætas
677 252 1318 285 Non canet eximio regem cognomine Magnum:
668 284 1280 316 Cuius ab auſpiciis tum primum Gallica ſigna
638 317 1207 351 Bætis, & infractus victricia ſenſit Iberus.
676 351 1214 383 IntremuereAſiæ reges, iacuitque ſubacta
678 384 1195 409 Punica terribili tellus concuſſa duello.
676 416 1227 450 Cetera, ab anguſtæ ſpatiis excluſa tabellæ,
637 450 1290 483 Te magni diuina Iouii monumenta docebunt.
907 491 1109 516 Farinata berto.
677 524 1205 557 Seruata per te Patria quod tum maxim,
675 557 1216 585 Sic cm miſera caſura fuerat maxim;
675 590 1152 622 Nunc optino tu iure, præter ceteros
637 622 1138 653 Obelli & idem pacis artibus intlite
677 655 1106 689 Vberte, patria viuis in ſuperſtite,
673 689 1218 723 Viuesque dum viuent ſacri Annales Ioui.
870 730 1139 762 Ad Ieuii viros iuſtres.
675 762 1307 798 Magnanimi Heroes, ſaluete, haud parua ſupremi
707 797 1188 824 Cura louis, docti maxima cura louii.
637 829 1207 865 Vos tulit in cœli ſublimes Iupiter arcem,
706 862 1189 897 Dignatus menſa concilioque Deûm.
671 896 1244 931 Vos louius totum late volitate per Orbem,
707 929 1190 962 Romanaque iubet viuere in hiſtori.
638 955 1248 992 Munera magna Iouis:verum ſi dicere fus eſt.
701 994 1189 1024 Non ſunt æterni dona minora Iouii.
694 1089 1416 1133 rtt
911 1156 1079 1198 De caol V.
648 1201 1446 1254 ARSCaroli in Lybicas magnus dum fulminat arces,
728 1234 1289 1270 aVa Victorique parat dum ſpolia ampla loui;
655 1262 1248 1307 In Iouis Vitoris magnus nunc fulgurat atces
665 1300 1201 1345 rp na ton cou
1306 1328 1441 1369 Ofacta
