1075 1346
261 24 605 61 EENAROLI.
33 56 686 120 acta aternahæc, & numina magna Deorm;
76 99 577 149 Et Phœbi & Martis Britonio & Carolo.
308 142 431 173 De codom.
44 163 639 219 Africa dum Carolum patriis adſpexit in armis.
80 199 603 255 Belligera adſpexit Numia tum Carolo.
37 215 793 290 ox cum Aſia hmcRegem agnoſcet, tunc omnia in vuo
84 267 600 316 Omnes cognoſcent Numina & imperia.
46 293 793 357 Dum Carolum Europaadſpectat victorem & amicums
53 332 610 382 Pacifera adſpectat Numina cum Carolo.
302 375 438 402 De eodem.
37 398 721 456 Roma lim iperio potitur dum maxima rerum;
90 431 677 485 Omnibus illa Deis maxima templa facit.
37 460 690 521 Nunc latè Cartolus dum maximus imperat orbi,
92 497 680 551 Templa omnes, Carolo maxima Dii faciunt.
46 531 629 589 Ergo ſi Carolo faciunt Di maima templa,
93 562 756 627 Non Carolo facient maxima ſacra hominest
218 605 506 638 De Paulo Pot.IlI.
51 632 804 682 Carmine fact hominum viuunt:& facta Deorum:
96 670 564 717 Et ſemper ſaci viuitur hiſtoriâ.
47 696 697 749 Carmine & hiſtoriâ viuant licet omnia ſemper;
96 734 583 780 At Paulo. viuunt carminæ&lhiſtoria.
338 776 467 808 IIn fontem.
38 799 608 850 Nature his Genius ſeſe miratur in vndis;
101 837 644 880 Naturæ inſpiciens numen, & artis opus.
38 858 813 920 Huic fonti, huic Gonio, huic arti mira omniarcedant;
80 901 651 948 Fontis aquæ, Genii numen, & artis opus
263 934 596 980 Eii Latini Vecciæ Romani.
52 965 644 1017 Romano priſcos æquas dum Marte Latinos
89 997 662 1044 Romanâ ante annos morte, Latine, cadis.
38 1026 778 1087 Sed moriens, bello exemplum,morti addis honorem
104 1067 663 1111 Romanus, factis, morte, animo, & genere-
367 1106 499 1133 De eodem.
1 1126 714 1192 Romanus Latio creſcens iam magnus Achilles,
109 1161 687 1209 Romulidum indueras arma Latine ducum.
66 1193 726 1258 Atque vno in bello, & belliia diſerimine ptimo
750 1221 860 1245 Romu-
