1482 1444
858 121 1207 151 I0.ANTONII
711 167 1194 195 Antidotum neruis nobile ſalſus erit.
677 201 1309 229 Scilicet hic mos eſt naturæ, excelſa recondit
710 234 1284 269 Munera. dumoſum tot bona tergus habet.
975 271 1071 301 Brasica.
675 300 1278 334 ida Socraticam pareret niſi braſſica bilem,
711 335 1224 361 Iure erat in morbis omnibus illa ſatis.
667 418 1448 477 IO.ANTONII FLAMINII,
800 482 1309 517 QIM. ANToNII PATE.
918 527 1237 553 AdArlium ItP.M.
670 552 1362 626 Me rxe
666 625 1352 663 Quem diuum genitor Romanain ſede locauit;
711 660 1257 686 Et ſummum in terris iuſſit habere locum:
669 691 1424 728 Res grauis eſt, cui te moderantem unta neceſſe et
712 727 1208 761 Conſulere,ae totisviribus eſſe ducem.
677 761 1236 796 Cura tibi,& generis late commiſſa poteſtas
676 795 1228 829 Humani; quod te numinis inſtat habet:
675 827 1274 862 Vt ſpernenda tibi non fit pater optime noſtri
711 863 1189 892 Tutela; aut tantis deſtituenda malis.
675 894 1311 929 Aſpice, quo rerum noſtrarum ſumma redacta eſt,
710 929 1272 961 Et patrium, cuius vix manet vmbra, decus.
673 962 1346 996 Terra potens opibus, populiſque, & fortibus armis,
707 996 1302 1029 Magnorumque altrix tam numeroſa ducum,
663 1028 1274 1063 Quæ domitrix rerum, eui terræ paruit orbis;
706 1062 1261 1095 Gent bus expoſita eſt, ſeruitiumque timet.
670 1095 1268 1128 Quanta ſit hæc Latiæ ſubeunda iniuria genti,
712 1129 1250 1161 Quam fœdum patriæ dedecus; ipſe vides.
671 1161 1205 1195 Cura tibi, ſcimus, debetur publica rerum,
649 1192 1280 1228 Teque patrem populis omnibus eſſe decet.
668 1227 1342 1260 Hoc tamen ante alias pars hæc pulcherrima rerum
701 1257 1222 1293 Poſcit; & imprimis digna fauore tuo eſt.
667 1290 1274 1339 Hie vetusimperii locus et:hinc clara propao
1298 1331 1444 1376 Pontif
620 1345 761 1385 t
