1014 1350
278 33 615 59 FLAMINII
67 72 606 109 ontifeum: hic rebus gloria parta tuis.
35 106 772 144 Hæc patria. hæc ſedes ſimul eſt tibi, qua regis orbem;
69 141 664 177 Et caput in populis hic quoque Roma tua eſt.
34 175 665 211 Mille alias poſſim cauſas memorare: ſed iis tu
27 209 577 245 Non egeas; nec te me reticente latent.
24 241 735 278 Seruiet ergo, quibus dominata eſt Romula tellus?
70 277 544 312 Itala, tam turpi terra premere iugo?
38 309 610 345 Opatria: o Diuûm ſedes: certiſſima cuſtos
875 308 972 341 II
876 342 971 370 IIsI
71 344 585 377 Imperij, & terris omnibus ante pauor?
875 368 970 400 III
38 376 610 412 Sic ne igitur vilis? ſic tu contempta iacebis?
73 410 647 443 Non arma arripient? non feret vllus opem?
36 443 620 478 O pater, & tantæ tu Romule conditor vrbis;
73 477 615 512 Odecus antiquum. bellipotensq; genus:
10 509 555 545 Si vobis, ſi ſenſus ineſt, ſi gloria tangits
878 519 936 551 ll ſ
70 544 596 579 Famaq; ſub Stgias pertulit iſta domos:
878 544 964 597 Il
36 576 637 611 Non facinus tetrum, ſtirpisq; infamia veftræ,
72 611 586 644 Non acris animas ita pudorq; mouent?
8 643 578 679 Quo nunc Italiæ? quo belli gloria ceſſit?
69 678 543 711 Et vetus armorum militiæq; decus?
34 711 623 744 In tenebras abiit maiorum lumen; & ingens
879 712 960 744 TIt
880 743 960 770 ii
69 745 579 779 Gloria, quæ toto ſplenduit orbe, perit.
34 778 671 810 Brute tuum hic nomen. tibi cruiis gloria Cocles
69 813 640 845 Fit minor; & dextræ Scæuola languet opus.
35 845 615 879 Aule, lacus tibi nunc deereſcit fama Regilli.
20 879 692 912 Noſtra iterum Senones ſigna, Camille, petunt.
35 912 674 947 Magna parens, tellus altrix fœcunda virorum;
882 913 960 945 lll
882 944 960 968 I
69 945 636 977 Tam ſterilis fœtu? tam ſine honore iaces?
882 963 956 991 II
1 977 716 1019 Nullus erit Coſſus? non Manlius? impia nullum
1 1010 574 1044 Curſorem tali tempore bella dabunt?
1 1041 702 1085 Non quiſquam ſummis eludet montibus hoſtem?
1 1076 526 1113 Nec ſpes in Deciis vlla ſalutis erit?
13 1109 622 1147 Spes igitur rebus iam feſis vna: ſuos quem
68 1144 547 1178 Non decet in tantis deſeruiſſe malis.
1 1174 643 1213 Aſpice nos placido, Latii pater optime, vultu;
1 1210 590 1259 tmala mo osuls mitibu iſta vide
693 1229 810 1270 Iuſpi-
