1099 1368
473 8 816 45 Io.ANTONII
260 23 319 55 94
260 59 988 97 mſpice: tam grauta hæc, tam mox horrenda videbs,
297 95 787 128 Vt mens imſpectis non queat illa pati.
265 126 856 165 Peſtis atrox ſæuit: morbi contagia creſcunt:
299 162 760 194 Et mala præteritis aſperora ferunt.
267 194 952 226 Sc vbi conceptum eſt membris lethale venenum
302 229 775 263 Inficit, acſenſim ſpargitur atra lues.
268 261 838 296 Hic agitur rerum de ſumma, deq; ſalute
306 296 796 328 Certamen durum eſt totius Auſoniæ.
270 329 805 363 Si male res cedunt, libertas interit; & res
308 362 805 396 Hæc ſtragem nobis, ſeruitiumq; parit.
273 396 881 429 Huc demum tracta eſt Italæ ſors vltima gentis:
309 429 872 462 Noſtraq, tam dubio vitaq; morsq; loco eſt.
273 461 820 502 Quod ſi nos, tanti fortuna inimica duelli,
310 495 794 527 Cogat Santonico ſubdere colla iugo:
276 528 918 563 Quid tibi mentis erit? quo te tunc vertere poſſis?
311 562 793 595 Quid tutum credas rebus ineſſe tuis?
278 595 998 631 Quid Latium de te? quid regna externa loquentur?
313 629 819 662 Quis rumor cunctis partibus orbis erit?
277 663 859 696 Exeat hæc igitur? tam turpis fama vagetur?
313 696 881 729 Hanc ferat impopulis Auſonis ora notam?
278 729 789 763 Inſultare aliquis, vel dicere poſſit, Iuls
314 762 791 796 Pontifice, Italiam barbara iura pati?
280 796 764 830 O natum vere tunc infelicibus aſtris,
314 829 787 861 In patria qui ſic viuere poſſit humo?
281 862 820 897 Tu potes in tanto rerum diſcrimine ſolus
316 895 807 929 Optatam populis ferre ſalutis opem.
278 928 833 963 Et potes; & debes rebus ſuccurrere lapſis:
313 962 789 995 Ne Latium caſu mox grauiore cadat.
278 993 909 1029 Viribus ipſe vales propriis, quas ampla miniſtrat
313 1029 819 1062 Et magis OEnotrii pars metuenda ſoi.
280 1061 898 1096 Tot tibi nunc parent vrbes; tua iura ſequuntur
315 1094 926 1129 Tot populi; vt poſſis omnibus eſe metus.
281 1126 920 1161 Adde tot inſignes equitum peditumq; cateruas;
315 1157 879 1194 Tot ſimul egregios ad tua igna duces.
265 1190 801 1228 Flos Italæ. virtusq; tibi deectaiuuentæ
997 1225 1062 1263 Mi-
