1002 1367
890 1 976 39 II
304 27 630 61 FLAMINII.
796 48 840 74 s
93 70 600 104 Militat: in caſtris hæc habet arma tuis,
19 103 597 138 Quot confecta tibi iam tali bella fuerunt
93 138 592 174 Milite? quot tali parta tropæa manu?
54 168 666 209 Irrita ceſſerunt tibi nunquam cœpta: nec vllæ
892 182 974 220 I
91 205 495 237 Conatus vires impediere tuos.
53 235 622 274 Maieſtas tibi tanta dehinc, tu tantus in iſt
91 269 612 311 Sede nites; vni ſic tibi poſſe datum eſt;
55 302 580 340 Totus vt à nutu terrarum pendeat orbis
90 335 576 373 Ipſe tuo, Chriſti quà patet orbe fides.
58 370 710 412 Cui ſolium Petri ſic ſcandere contigit vnquam?
89 403 597 436 Cui nunquam merſ ſic dare vela rati?
56 437 694 475 Dux opus eſt acris populos qui cogat in vnum:
90 470 662 507 Qui maleconcordes iungat ad arma manus.
27 502 701 544 Sed nemo eſt, tibi quem conferri poſſe putemus;
88 537 681 578 Aut melius, quam tu, qui ferat vllus opem.
44 570 579 603 Fac tantum norit Itali te velle, coibunt:
90 604 601 639 Et nouus in cunctis protinus ardor erit.
42 636 713 675 Qui Senones noſtris? quis miles Santonus armis
86 669 609 704 Belgica quæve Italis ſint ſatis arma tuis?
49 702 625 738 Auſonio quoties iam milite Gallia victa eſt?
86 737 581 770 Quot ſæuis pœnas cladibus illa dedit?
51 769 586 806 Nulla fuit, ſimili quæ non inuaſerit olim
87 804 550 840 Euentu Latias gens inimica domos.
24 836 709 876 Quid genus Æacidûm, quos patrum bellica virtus
88 870 583 911 Compulit à noſtris finibus ire procul?
45 902 683 949 ut tibi Pænorum referam numeroſa potentum
883 909 960 962 t
13 937 772 982 Agmina? quid Cimbros, Teutonicamq; manuml
38 970 709 1011 Aut Herulos memorem perfuſos ſanguine noſtro?
69 1005 611 1043 Aut Hunnas acies: ſemiferumq; Geten?
1 1035 720 1077 Non deſunt ires; modo non concordia deſit,
71 1070 683 1108 Atque habeat, qualem res petit iſta, ducem.
35 1102 728 1146 Hæc tua ſunt igitur: te ſolum hæc cœptarepoſcunt:
77 1135 566 1176 Auſpiciis ſunt hæc bella gerenda tuis.
41 1166 744 1211 Maga quidem eſt; verum prouincia grandibus auſis
78 1202 618 1241 onuenit, & curam poſtult iſta tuam.
716 1246 823 1283 Ingen-
884 1290 984 1334 ls.
