1124 1354
456 28 925 60 IO.ANTONII
299 75 883 112 mgentes animos ingentia facta ſequuntur:
336 112 849 143 Nec tenues cura s mens generoſa capit.
301 143 813 175 Tradita præcipue geniis tutela Latinæ
339 175 824 209 Eſt tibi; & ad partes it prior iſta tuas.
305 208 1028 244 Quod licet & poſcunt nunc umma pericla rogamus,
338 242 828 275 Tuta ſit vt tanto præſide noſtra ſalus.
304 273 913 312 Sit defenſus honor, libertas publica, per te;
340 307 814 345 Priſtina ſit Latio te duce parta quies.
303 341 919 377 Barbariem hanc magnis expertus ſæpe peritlis,
340 377 862 410 Dum licet, Auſonio pellere Marte para.
306 408 854 445 Non tu tutus etis, non cani limina Petri,
341 442 863 473 Ni properes: tutus non locus vllus erit.
305 475 948 508 Sæpe nocet grauibus morbis ceſſſſe medentem:
338 508 834 543 Sæpeq; dilatam cura repellit opem.
304 542 824 570 In te oculos, in te verterunt ora Latini:
339 574 886 612 Hoc. ſperant vrbes, ſuppliciterq; petunt.
303 607 968 645 Adde ingens decus hoc tiulis, quos inclyta virtus,
338 642 787 676 Cœleſtisq; fauor tot peperere tibi.
304 675 998 711 Nam quanquam in populis tua tantum gloria creuit
336 709 823 745 Vt facile augeri non queat ille magis:
301 743 960 779 Tot tamen ex fact.s. nullum præſtantius, & quod
338 777 847 812 Te magis inſignem reddee poſſit, erit.
298 809 919 846 Fama hæc Auroræ croceos properabit ad ortus;
332 842 848 879 Ad loca, quæ Phœbo deficienterepent.
297 875 1038 910 Fama hæc Iſmariam Rhodopen tranſibt, & Hemum;
332 910 828 944 Et populos medio quos videt axe dies
295 942 900 982 Italia eſt, quam tu tutandam ſumis; & in quâ
328 975 843 1004 Eſt tua cum noſtrâ Marte tuenda falus
408 1012 913 1052 Ad Sodaler; quos ad dandam Genu operam
623 1048 708 1070 iouitt.
295 1069 930 1111 Horrida ſæuit hyems: large præ benda ſodales
330 1109 895 1145 Ponite in arſuro ligna cremanda foco.
295 1141 872 1173 Cernite quàm Boreas Arctois concitus oris.
327 1174 882 1211 Irruat in medium pronus ab axe diem.
287 1205 937 1244 Cernite, quàm grauibus tellus ſit opeita pruinis,
983 1245 1073 1283 Qm
