1000 1351
289 33 570 62 LAMINII.
69 71 627 113 Qum rigdo glaeies ſtrinxerit arua gelu.
19 110 579 145 Vitur aprieis in collibus herba; decusq;
83 144 590 178 Exuit: in ſtabulis delitet omne pecus:
20 176 738 217 Nec variis voucres concentibus æthera mulcent:
84 211 654 239 Nec duram ſcindit curuus arator humum.
20 243 683 279 Nec, quamuis animi fidens, mare nauitatentat;
83 278 563 305 Cæruleà vaſtum nectrabe ſulcat iter.
20 311 609 350 Ima petunt curui, nec ſe delphines in auras
70 344 680 379 Tollunt, nec ſummo gurgite monſtra natant.
34 377 652 416 Quin etiam tapii turſus frænantur aquarum:
72 412 583 446 Fluminaq; igentiftigore victa rigent.
47 445 626 479 Victi riget Sperchi, Lædeaq; Phaſidis vnda;
68 478 575 514 .Hter, & auriferi lucida arena Tagi.
20 507 622 547 Quiqiterum ardentes optaret cernereripas
77 546 614 578 anthus, & Eurotas Lauriger, & Simois:
44 579 665 615 Quq;ſuperfuerant vndis tot ab igne crematis,
80 613 574 647 Oſtia ſuntglaci quinque coacta Padi.
20 639 663 679 Heliadum lachrymæ ceſſarunt: humor inhæſt,
78 679 574 713 Nec Phaetontei fluminis auget aquas.
20 710 584 747 Verrebat paruo piſeator ſtagna phaſelo;
77 746 612 779 Protlnuseſt medi cymba retentavadis:
20 778 558 813 Et captus paritet bis capto piſce reſedit;
80 813 588 846 Raptoremq; ſuum prædaiocoſa tenet.
41 846 647 882 Ergo agite, & largâ Vulcania munera ylu
77 880 640 914 Congerite; & multo ſplendeat igne focus:
39 912 575 946 Et genium curate ſimul, curate ſodales;
75 947 595 980 Tuq; per trimipocula prome meri.
42 978 649 1013 ic tetricos motus, ſic & mala frigora mecum,
67 1012 710 1051 Strymona, & ad gelidos vſque fugate Getas.
276 1047 479 1079 Epithalamium.
33 1078 657 1112 Candida diuitibus enetum demigrat ab vndis
74 1112 541 1147 Nereidum ſacri ſicreor vna chori.
35 1146 571 1182 Qualis, cum cœlo diſcuſsâ nocte ſeren,
76 1179 634 1212 Candidus aduenit Phoſphorus ante diem:
40 1212 624 1248 Vel qualis, croceo ſolita eſt Aurora nitore
658 1240 817 1288 Sarge-
