1142 1356
541 14 889 50 IOANTO I
368 66 993 104 Spargere purpureum nocte abeunte iubar.
334 102 880 138 Ipſa verecundo demiſſam lumine ducit.
371 136 868 169 Virgineâ ſponſam diua Erycina manu.
338 165 1001 202 Hinc Pæan ſua plectra mouet, Diuæq; ſequuntr,
329 202 937 234 Et choreas celebrant ex Helicone nouem.
338 235 982 269 Fallor? an iſta Smo tibi lux celeberrima fiet;
372 268 938 302 Teq; ſimul chorus hic feſtaq; ſacrapetunt?
338 302 1027 336 Lætus Amor tibi Serta ferunt, & Phœbus, & Euan;
371 335 979 369 Fertq; ſimul blandum Gratia iuncta pelem:
340 370 990 406 Spargit & imumeros flores, dum ongs artus,
306 402 972 436 Et tenero amplexu mollia meibrafoues.
339 433 1018 477 Lilia non ceſſat, nec olentem ſpargere thymbram,
373 467 851 499 Et vario mixtas fundere odore roſas.
338 500 967 534 Iam clamatus hymen: cedant tibi pectore curæ:
374 534 924 560 Solliciti nulla eſt iam tibi cauſa metus.
339 567 955 600 En coniux tibi certa manet: nil vota moratur;
374 600 895 634 Quiq; ſolutus erat, iam tibi certus amor.
339 634 921 669 Et licet expofitum tibi iam per limen aperto,
362 667 1003 703 Quid Simo docte paues? ire redire gradu.
336 701 1055 744 Ianitor haud vſquam eſt, nec lex tibi cauſſa timoris,
370 733 859 768 Nec pudor amplexus impediere tuos.
340 765 922 802 Oſcula da liber: duras reminiſcere noctes.
317 798 1042 835 Eſt tua: quid dubitas? eſt tua: pone metun
317 831 990 876 Digna quidem merces; vel ſi tibi forte labores
371 867 832 902 Obiiciat coniux dura, Iouisq; ſoror.
336 899 1023 942 Si tibi monſtra forent claua domitanda trinodi
369 933 899 969 Velleo, vel triſti dente timendts aper.
334 966 936 1003 Et pariter iubeat tenebris horrentia regna:
366 999 942 1035 Teq; velit Stygiâ trans vada lintre vehi.
334 1031 914 1078 Vel ſi Cyaneos etiam rapiare per æſtus,
367 1066 823 1099 Aut te Pifæ currere lege velint.
332 1099 1024 1138 Nec minor hæc merccs. quam ſ tria vallibus Idæ
366 1130 926 1167 Arbitrium repetant Numina nuda tuu.
332 1161 803 1199 Nec ſi fulgenti veniens Titonia bigâ
362 1197 879 1238 APPrenſum coniux te per inaie vchat.
1023 1241 1113 1270 Alm:
