1013 1347
334 46 605 70 FLAMINII.
79 86 772 117 Alma Venus formam; Charites tribuere decorem:
117 121 559 154 Viendi legem Iuno pudica dedit.
83 150 670 187 Quam nec Penelope vincet patientis Vliſſei:
116 188 625 220 Caſta nec accenſos Hippias ante rogos.
82 220 626 254 Nec quæ carbones audita cæde flagranteis
113 252 640 287 Coniugis inſuet morte perempta bibit:
79 285 755 320 Nec quæ deſumpſit formamq;, habitumq; virilem:
115 319 669 352 Non pauida in triſti Marte ſecuta virum:
69 351 753 387 Nec tu quæ iuum paſſa es præbere ſepulchrum,
114 386 608 418 Coniuge conſumpto coniugis ipſa tui.
83 419 643 451 O felix coniux felicia vinculal prodi:
93 453 639 484 ,Et thalamos intra iam noua nupta tuos.
79 484 681 519 Faua verecundo ſparguntur vt ora ruborel
113 518 552 553 Vera pudicitiæ qualia ſigna dedit
78 551 788 585 Intra: quid dubitas? lachrymis quid pectora turpas,
112 585 578 611 Pectora brumali candidiora niue?
80 616 806 656 Sic tibi, ſic decimum properet bona Cynthia menſem:
109 651 586 685 Et videas vteri pignora chara tui.
81 686 598 718 Sie Lucina tibi præſenti numine parcat:
114 718 659 750 Pondera neve obſint grata, puerq; latens.
82 750 741 784 Chare puer ne læde precor: ne læde parentem:
115 784 683 818 Nec non ſueta nimis viſcera forte graues.
81 818 659 851 Cumq; tuos tacito vultusnatura receſſu
113 851 570 885 Fotmarit, facies & rudis intus erit:
81 884 757 918 Multum expatre feras, ſimilisq; enaſcere proles:
113 919 649 951 Plus tamen ex ipsâ matre decoris habe.
81 951 636 984 Tuq; puellarum virgo decus, optima ſexus
113 984 601 1017 Fama tui, & caſtæ virginitatis honos;
79 1017 747 1051 Vincla foue; dignumq; tuis complectere demu
114 1049 648 1082 Moribus, & verâ ſimplicitate virum.
81 1082 698 1122 Inq; fide ſtabili maneas per tempora concorss
115 1116 682 1149 Legitimi quando es parte recepta tori
82 1149 634 1182 Sic durent vultus; viridi candore iuuenta
114 1182 600 1221 Floreat; & tarde ſittua forma ſenex.
787 1244 870 1273 a.
