1004 1361
313 54 599 79 FLAAM.IIIII.
57 92 606 126 Et modo vicinâ piſcem vel captat in vndà,
92 126 626 160 Aut leporem canibus lata per arua fugat.
57 160 651 193 Manc repetis crebro, felix Galeote, quietem,
93 193 610 226 Tædia te quoties vrbis iniqua premunt.
55 226 734 259 Hic mentem, hic corpus renouas; hic ruſtica tecum
87 259 617 292 Mſa vacat, ſegnem nec tamen eſſe ſinit.
56 292 747 327 Nos quoque Peridum quota turbavenixe ſolemus,,
88 327 563 360 Ociaq; iu læto dueere grataſolo.
23 359 598 394 Salue rus felix, ſalue iucuuda Camœnis,
88 393 592 426 Carminibus ſedes non reticenda meis.
54 426 699 459 Te pia, ſi quicquam poſſit, mea Muſa meentem
86 460 568 490 Tollet, & æternâ ſedula laude vehet.
219 495 566 526 In iuidum retrograd ve rſus.
51 520 690 559 Exitiam caput hoc fugiat; nec turbida preſſum
86 559 644 593 Tempora te curis, vt precor, aſpiciant.
54 590 824 626 Naufragium pia non moueant; ſed concita nuſquam
86 626 584 656 Cærula te reddant. te freta littoribus.
50 658 739 693 quoreis cibus & monſtris ſint corpora nunquam:
85 693 551 718 Libcra ſic diris ſint tua fulminibus.
249 727 552 760 In Syluam Ioan. Gaoldi.
23 750 756 793 Quæ ſylua hæc? feli: felix? quam diues? vt hortes
86 793 522 825 Phæacum, ac. ditis vicerit Alcinoi.
23 817 821 861 Qi potis eſt? plura hæc mala fert. quot mala? mala in-
81 859 833 896 Poma quot olim hortus non tulit Heſperidum. quam:
277 895 498 927 De Galoram ſuga.-
51 926 594 960 Gallicus aërias miles iam reſpicit Alpeis:
81 958 628 994 Et procul Auſonio cogitat orbe fugam
47 991 554 1024 Iulius humani generis tutela. ſecundus
78 1024 582 1058 Reddere inacceſſum cogitatillud iter:
47 1057 572 1083 Et faciet: Latiæ debentur barbara terræ
82 1090 638 1124 Corpora; ne gentis nota ſepulchra vacent.
23 1123 588 1157 Atrica Scipiadis fuit obuia terra duobus;
80 1156 574 1190 Vt caderet fallax ambiguumq; genus.
23 1186 686 1223 Hoc quoque fatale eſt, vt ſydere pronus eodem
40 1222 585 1263 Gentis in excidium Iulius alter cat.
