1134 1376
530 19 885 59 n O.ANTONII
283 45 350 70 2
455 67 817 104 Franeiſci Saxatlli Epitaphium.
301 97 854 147 Si penſare breuis licet ui tempora factis;
341 135 751 172 Et vixiſſe diu gloria parta facit:
309 160 913 206 Saxatelle ducem Pylium Franciſce Phrygemq;
320 201 791 243 Lquaſti; patriæ, militiæq; decus.
304 223 929 277 Vix quater exieras luſtrum, cum laude peren
347 270 907 305 Attulit in Venetis pugna cruenta nece
465 298 855 340 In picturami pue rorum ctantium,
304 332 854 374 Iniecere manus, & prenſauere capillos
350 365 879 406 Infenſi pueri; pugnaq; cœpta grauis.
316 395 896 434 Clamat hic s inclamat pariter contrarius illi;
351 430 882 470 Deſine; te linquam; deſine, & alter ait:
307 461 962 502 Sic, dum non linquit, dum finem non facit alter;
352 495 920 537 Infenſis pugna hanc durat ad vſque diem.
457 531 862 569 Ad inclytum Ioannem Saxatellum.
316 563 835 602 Saxatelle decus patriæ, tutelaq; noſtræ:
355 600 856 640 Et gentis ſplendor, famaq; prima tu:
309 630 879 674 Sæpe tuas tento complecti carmine laudes:
348 664 856 699 Obruor, ac tantum Muſa recusat onus.
308 690 961 742 Quis tenui cyatho concludat fluminis vndam?
360 730 899 767 Audeat aut vaftum cutrere lintre fretum?
325 759 982 800 Mc nouus inceſſit ſtimulatq; hic ſæpius ardor:
352 798 863 833 Mox vires deſunt, ingeniumq; cadit.
323 830 884 866 Auſa nimis medio conatu Muſa reſedit:
359 865 846 900 Et traxit retro tacta pudore pedem:
310 897 952 940 Quod ſi non valeo, noſttisq; eſt viribus impar
362 929 923 967 Hoc, toties quod me iam voluiſſe vides:
314 963 859 1004 Inclyte Ioannes. hic mentem vatis amici
350 993 956 1035 Suſcipe, & hanc quæſo muneris inſtar habe.
316 1030 870 1068 Im magnis recipi pro facto prona voluntas
352 1062 876 1100 Debet; & imprimis digna fauore venit.
316 1094 985 1135 Dicta ſit hæc igitur laudum mihi ſumma tuarum
362 1127 904 1166 Maxima; quæ merits non potes ore cani.
463 1160 930 1198 Ad Philippum Beroaldum Iuniorem.
328 1195 729 1233 lari progenies colenda patris,
1011 1223 1103 1252 Gent
