1045 1359
220 11 594 48 LAMINI
16 54 476 94 Gentis præcipuum decus Latinæ,
34 94 471 127 Sermonis patrii, poten:que Graii
34 127 590 161 Clarorum ſpecimen irûm Philipps:
8 159 509 193 Quas vnquam tibi gratias decenter
47 193 483 228 Pro tantis meritis agant vterque
32 227 512 261 Maior Flaminius tuis, minorque?
35 259 534 294 Nou, quid deceat, ſcioque quantum
32 294 498 325 Hinc natus, pater inde, debeamus:
43 327 515 359 Sed vires nequeunt: onus recuſant.
33 359 566 395 Imbeiles humeri. Qid ergo agendum
43 393 546 425 Iam nobis ſupereſt, quibus facultas
43 426 480 460 Impar ofſiciis nequit referre
31 454 567 495 Quicquam pro meritis? maxebitſqu
42 495 548 541 nfixa hæc animis tenax vtrique
43 527 529 559 Noſtris gratia, nec valebit vlla;
29 560 515 593 Quamuis longa dies, bonis locatam
31 593 586 628 Hanc ex pectoribus mouere quondam:
20 626 488 662 Non ſi nos Pylii ſenecta regis:
34 660 527 695 Annoſæ aut maneant dies Sybillæ.
235 696 582 728 De qudam cnetiis Litigante.
1 727 547 760 Vexatus magni er lata patatia Marci
78 759 628 795 Litibus eſt quidam, qui modo triſtis ait:
42 794 645 826 An quicquam, Anoni, credamus litibus iſtis?
77 827 600 860 An quicquam Veneto ttiſtius eſſe foro?
2 859 680 896 Infernus certe eſt. & quid mage triſte putari
31 893 586 928 Inferno, & Stygiis ſedibus eſſe, poteſt?
33 925 536 956 Eiras, tum dixi; tua te ſententia fallit:
75 959 596 994 Triſtior hic multo eſt aſperiorque ſocus.
16 993 648 1026 lic tantum animas torqueri carcere tetro
33 1024 670 1059 Credimus. hanc pœnam ſontibus eſſe ferunt.
30 1059 764 1098 Hic animæ, ſimul hic toquentur corpora, nec no
44 1092 651 1120 Et loculi. ſimilem non habet ifte locum.
246 1128 584 1159 Epitaphim amiilæ Vneeea.
37 1158 745 1200 Si genus, & rarum formæ decus adiuuet vſquam,
18 1193 678 1231 Grataque purpureo flore iuueta queat:
