1004 1365
307 44 584 71 FLAMINII.
57 78 608 130 xpectans vna vel nocte puella ſeneſcit.
227 122 615 154 Ad Nymphas de fonts Philalethi.
67 153 648 186 Naiades pulchræ pulchris è fontibus ortæ
68 185 688 220 Hanc lympham vobis Philalethes dedicat: ill
56 219 688 253 Nec fons frigidiot quiſquam, nec pur or. at vo
57 253 666 287 Arenti veſtram lympham defendite ab æſtu,
56 286 646 319 Neu ſitiant myrti, neu deſit floribus humor,
69 318 686 350 Et domino ruris viridem ſeruare ſenectam.
207 353 616 385 Ad Abexandrum Farneſium Cardi-
388 388 467 411 nalem.
56 414 669 452 Farneſi vatum decus, & ſpes vnica, noſtri
57 452 625 487 Solus principium, & finis tucarminis eſto;
56 485 634 521 Vtque optata mihi dexter facis otia, ſic te
69 519 615 551 Manſuro liceat cantu celebrare, meiſque
57 552 630 588 Floreat æternum tua virtus inclita chartis;
57 582 773 621 Quod ſpondent Muſæ, & cultus mihi ſemper Apollo.
70 619 729 653 Nam qui nec vates, nec dulcia carmina curat,
69 651 663 686 Ille licet garas Arabum, Crœſique talenta
73 685 715 720 Congerat, & priſco ſit regum à ſanguine cretus;
71 718 598 752 Attigit infelix vbi metam ignobilis æui,
57 751 746 790 Deſpectum iacet in tenebris ſine nomine corpu
56 785 635 820 Villicus occulto moriens vt pauper agello:
57 817 624 853 Quæque pio vati prudens ſi dona dediſſet,
57 852 591 886 Viueret exequiis inuità morte ſuperſtes,
57 884 613 923 Illa meretrici dabit hæres. O male ſani
68 920 520 952 Diſcite diuitiis vti ſapienter. auaris
68 951 631 984 Obrnit hic aurum terris, cæcoque furore
57 985 687 1017 In mediis opibus viuit rerum omnium egenus.
68 1017 619 1050 Alter, auaritiam ſæuâ plus morte peroſus,
67 1048 692 1084 Rem patriam ſtult vetitos effundit in vſus,
67 1082 706 1118 Ingentemque auri ſcurræ populantur aceruum.
57 1114 627 1150 At ſapiens recte diſpenſat dona Deorum,
66 1148 630 1183 Dat partem patriæ, reficit labentia templa,
57 1176 709 1212 Et Muſas fouet, & ſacros ante omnia vates.
57 1212 662 1256 Ergo illum dulci tollunt ſuper æthera cant
753 1241 854 1273 Motta-
