<PcGts xmlns="http://schema.primaresearch.org/PAGE/gts/pagecontent/2017-07-15" xmlns:xsi="http://www.w3.org/2001/XMLSchema-instance" xsi:schemaLocation="http://schema.primaresearch.org/PAGE/gts/pagecontent/2017-07-15 http://schema.primaresearch.org/PAGE/gts/pagecontent/2017-07-15/pagecontent.xsd"><Metadata><Creator>User123</Creator><Created>2020-04-25T21:20:20</Created><LastChange>2020-04-25T21:20:20</LastChange></Metadata><Page imageFilename="1071.png" imageHeight="1365" imageWidth="1004"><TextRegion id="r0" type="paragraph"><Coords points="1,1 1002,1 1002,1363 1,1363"/><TextLine id="r0_l001"><Coords points="307,44 307,71 584,71 584,44"/><TextEquiv index="1"><Unicode>FLAMINII.</Unicode></TextEquiv></TextLine><TextLine id="r0_l002"><Coords points="788,52 788,81 837,81 837,52"/><TextEquiv index="1"><Unicode>99</Unicode></TextEquiv></TextLine><TextLine id="r0_l003"><Coords points="160,129 169,125 207,124 249,119 323,121 453,121 498,119 608,120 608,83 252,83 244,81 135,82 84,79 1,79 1,130 116,130"/><TextEquiv index="1"><Unicode>xpectans vna vel nocte puella ſeneſcit.</Unicode></TextEquiv></TextLine><TextLine id="r0_l004"><Coords points="615,151 615,122 227,123 227,154 272,154"/><TextEquiv index="1"><Unicode>Ad Nymphas de fonts Philalethi.</Unicode></TextEquiv></TextLine><TextLine id="r0_l005"><Coords points="648,183 648,153 434,153 272,155 67,153 67,186 562,186"/><TextEquiv index="1"><Unicode>Naiades pulchræ pulchris è fontibus ortæ</Unicode></TextEquiv></TextLine><TextLine id="r0_l006"><Coords points="555,218 688,218 688,185 619,185 562,187 375,186 275,189 68,189 68,220 475,220"/><TextEquiv index="1"><Unicode>Hanc lympham vobis Philalethes dedicat: ill</Unicode></TextEquiv></TextLine><TextLine id="r0_l007"><Coords points="587,251 688,252 688,219 555,219 475,221 314,222 184,221 126,223 11,222 1,220 1,253 490,253"/><TextEquiv index="1"><Unicode>Nec fons frigidiot quiſquam, nec pur or. at vo</Unicode></TextEquiv></TextLine><TextLine id="r0_l008"><Coords points="451,285 666,285 666,253 8,256 1,258 1,287 379,287"/><TextEquiv index="1"><Unicode>Arenti veſtram lympham defendite ab æſtu,</Unicode></TextEquiv></TextLine><TextLine id="r0_l009"><Coords points="646,286 451,286 273,289 1,288 1,319 537,319 594,317 646,319"/><TextEquiv index="1"><Unicode>Neu ſitiant myrti, neu deſit floribus humor,</Unicode></TextEquiv></TextLine><TextLine id="r0_l010"><Coords points="686,320 594,318 537,320 386,320 324,322 151,323 69,320 69,350 686,350"/><TextEquiv index="1"><Unicode>Et domino ruris viridem ſeruare ſenectam.</Unicode></TextEquiv></TextLine><TextLine id="r0_l011"><Coords points="207,353 207,385 616,385 616,353"/><TextEquiv index="1"><Unicode>Ad Abexandrum Farneſium Cardi-</Unicode></TextEquiv></TextLine><TextLine id="r0_l012"><Coords points="388,388 388,411 467,411 467,388"/><TextEquiv index="1"><Unicode>nalem.</Unicode></TextEquiv></TextLine><TextLine id="r0_l013"><Coords points="669,414 532,414 527,417 518,419 425,420 327,419 317,414 220,414 156,416 110,414 1,415 1,452 669,452"/><TextEquiv index="1"><Unicode>Farneſi vatum decus, &amp; ſpes vnica, noſtri</Unicode></TextEquiv></TextLine><TextLine id="r0_l014"><Coords points="525,486 563,484 625,485 625,452 461,454 288,454 146,457 94,456 82,457 49,455 5,456 5,487 356,487"/><TextEquiv index="1"><Unicode>Solus principium, &amp; finis tucarminis eſto;</Unicode></TextEquiv></TextLine><TextLine id="r0_l015"><Coords points="634,518 634,486 563,485 525,487 226,488 159,490 51,488 51,519 53,520 248,521"/><TextEquiv index="1"><Unicode>Vtque optata mihi dexter facis otia, ſic te</Unicode></TextEquiv></TextLine><TextLine id="r0_l016"><Coords points="615,519 248,522 69,521 69,551 615,551"/><TextEquiv index="1"><Unicode>Manſuro liceat cantu celebrare, meiſque</Unicode></TextEquiv></TextLine><TextLine id="r0_l017"><Coords points="14,587 169,588 240,586 508,585 573,583 630,584 630,552 490,552 440,554 323,555 101,555 79,553 1,553 1,589 10,589"/><TextEquiv index="1"><Unicode>Floreat æternum tua virtus inclita chartis;</Unicode></TextEquiv></TextLine><TextLine id="r0_l018"><Coords points="773,582 686,582 682,584 658,585 573,584 508,586 240,587 169,589 35,588 35,620 39,621 408,620 504,617 687,617 696,620 710,621 773,621"/><TextEquiv index="1"><Unicode>Quod ſpondent Muſæ, &amp; cultus mihi ſemper Apollo.</Unicode></TextEquiv></TextLine><TextLine id="r0_l019"><Coords points="728,623 696,621 693,619 448,619 408,621 219,621 70,623 70,651 79,652 373,653 409,651 668,650 687,651 694,653 729,653"/><TextEquiv index="1"><Unicode>Nam qui nec vates, nec dulcia carmina curat,</Unicode></TextEquiv></TextLine><TextLine id="r0_l020"><Coords points="486,684 663,683 663,651 409,652 373,654 233,655 129,655 69,652 69,686 426,686"/><TextEquiv index="1"><Unicode>Ille licet garas Arabum, Crœſique talenta</Unicode></TextEquiv></TextLine><TextLine id="r0_l021"><Coords points="715,685 486,685 316,688 73,687 73,720 395,720 449,718 572,717 627,717 640,718 645,720 715,720"/><TextEquiv index="1"><Unicode>Congerat, &amp; priſco ſit regum à ſanguine cretus;</Unicode></TextEquiv></TextLine><TextLine id="r0_l022"><Coords points="598,750 598,718 449,719 395,721 307,720 175,722 71,721 71,752 486,752"/><TextEquiv index="1"><Unicode>Attigit infelix vbi metam ignobilis æui,</Unicode></TextEquiv></TextLine><TextLine id="r0_l023"><Coords points="746,751 568,751 428,754 90,754 2,752 3,790 23,790 30,785 202,787 439,786 585,783 662,783 685,784 695,789 746,790"/><TextEquiv index="1"><Unicode>Deſpectum iacet in tenebris ſine nomine corpu</Unicode></TextEquiv></TextLine><TextLine id="r0_l024"><Coords points="477,819 635,816 635,785 202,788 30,786 22,792 14,794 14,809 18,813 23,815 36,815 40,817 115,820 224,820"/><TextEquiv index="1"><Unicode>Villicus occulto moriens vt pauper agello:</Unicode></TextEquiv></TextLine><TextLine id="r0_l025"><Coords points="518,851 624,851 624,817 477,820 115,821 40,818 36,816 23,816 18,814 8,803 2,803 2,839 16,839 25,848 42,852 450,853"/><TextEquiv index="1"><Unicode>Quæque pio vati prudens ſi dona dediſſet,</Unicode></TextEquiv></TextLine><TextLine id="r0_l026"><Coords points="591,885 591,852 518,852 450,854 64,855 30,851 25,849 16,840 2,840 2,886 14,880 53,883 111,884 121,886 509,886"/><TextEquiv index="1"><Unicode>Viueret exequiis inuità morte ſuperſtes,</Unicode></TextEquiv></TextLine><TextLine id="r0_l027"><Coords points="613,886 121,887 111,885 11,885 11,922 14,923 34,923 42,917 88,917 111,919 582,919 589,923 613,923"/><TextEquiv index="1"><Unicode>Illa meretrici dabit hæres. O male ſani</Unicode></TextEquiv></TextLine><TextLine id="r0_l028"><Coords points="68,920 68,952 520,952 520,920"/><TextEquiv index="1"><Unicode>Diſcite diuitiis vti ſapienter. auaris</Unicode></TextEquiv></TextLine><TextLine id="r0_l029"><Coords points="631,951 575,951 532,953 68,952 68,984 631,984"/><TextEquiv index="1"><Unicode>Obrnit hic aurum terris, cæcoque furore</Unicode></TextEquiv></TextLine><TextLine id="r0_l030"><Coords points="687,986 1,986 1,1017 687,1017"/><TextEquiv index="1"><Unicode>In mediis opibus viuit rerum omnium egenus.</Unicode></TextEquiv></TextLine><TextLine id="r0_l031"><Coords points="521,1048 619,1049 619,1019 553,1017 449,1017 395,1019 215,1020 68,1019 68,1050 454,1050"/><TextEquiv index="1"><Unicode>Alter, auaritiam ſæuâ plus morte peroſus,</Unicode></TextEquiv></TextLine><TextLine id="r0_l032"><Coords points="500,1081 630,1081 692,1083 692,1048 679,1048 670,1051 521,1049 421,1052 67,1052 67,1084 440,1084"/><TextEquiv index="1"><Unicode>Rem patriam ſtult vetitos effundit in vſus,</Unicode></TextEquiv></TextLine><TextLine id="r0_l033"><Coords points="706,1083 688,1084 630,1082 500,1082 440,1085 67,1087 67,1118 406,1118 556,1113 630,1113 706,1118"/><TextEquiv index="1"><Unicode>Ingentemque auri ſcurræ populantur aceruum.</Unicode></TextEquiv></TextLine><TextLine id="r0_l034"><Coords points="502,1149 529,1147 627,1147 627,1114 503,1115 485,1117 443,1117 406,1119 46,1119 39,1118 33,1114 22,1113 13,1110 3,1100 1,1100 1,1148 16,1150 447,1150"/><TextEquiv index="1"><Unicode>At ſapiens recte diſpenſat dona Deorum,</Unicode></TextEquiv></TextLine><TextLine id="r0_l035"><Coords points="574,1179 630,1180 630,1148 529,1148 502,1150 384,1152 166,1153 88,1152 66,1150 66,1182 468,1183"/><TextEquiv index="1"><Unicode>Dat partem patriæ, reficit labentia templa,</Unicode></TextEquiv></TextLine><TextLine id="r0_l036"><Coords points="707,1211 709,1208 709,1182 704,1176 688,1182 574,1180 424,1185 139,1185 92,1183 30,1183 21,1182 16,1179 16,1173 11,1158 1,1158 1,1209 9,1209 12,1212 704,1212"/><TextEquiv index="1"><Unicode>Et Muſas fouet, &amp; ſacros ante omnia vates.</Unicode></TextEquiv></TextLine><TextLine id="r0_l037"><Coords points="415,1253 455,1253 462,1252 470,1247 500,1246 656,1249 662,1251 662,1212 525,1214 418,1218 95,1218 70,1216 16,1215 9,1210 4,1210 4,1252 13,1256 406,1256"/><TextEquiv index="1"><Unicode>Ergo illum dulci tollunt ſuper æthera cant</Unicode></TextEquiv></TextLine><TextLine id="r0_l038"><Coords points="753,1241 753,1273 854,1273 854,1241"/><TextEquiv index="1"><Unicode>Motta-</Unicode></TextEquiv></TextLine><TextLine id="r0_l039"><Coords points="895,1236 895,1279 930,1279 930,1236"/><TextEquiv index="1"><Unicode>I</Unicode></TextEquiv></TextLine><TextLine id="r0_l040"><Coords points="407,1251 407,1276 591,1276 591,1251"/><TextEquiv index="1"><Unicode>RrA</Unicode></TextEquiv></TextLine><TextLine id="r0_l041"><Coords points="316,1296 316,1331 374,1331 374,1296"/><TextEquiv index="1"><Unicode></Unicode></TextEquiv></TextLine><TextLine id="r0_l042"><Coords points="816,1298 816,1333 851,1333 851,1298"/><TextEquiv index="1"><Unicode></Unicode></TextEquiv></TextLine></TextRegion></Page></PcGts>