1176 1341
566 21 883 68 M.ANTONII
349 66 985 112 Mortalemque vetant inuiſæ occumbere morti.
350 103 945 143 Sic Mæcenatis, quo Thuſcia gaudet alumno,
351 137 925 182 Vſque feret nomen diuerſas Fama per oras,
352 169 977 210 Dum rapidus circum terras voluetur Olympus.
353 208 928 247 Ille quidem magnos teges æquauerat auro,
356 235 913 279 Cumque ipſo curas partiri & gaudia ſuerat
355 268 915 313 Auguſtus Cæſar, rerum cui prima poteſtas:
356 302 914 343 Sed nil Auguſtus, nil pondera diuitis auri
353 336 899 373 Profuerunt, vitæ legeret cum fila ſuprema
356 369 897 405 Parcarum manus; obſcuta caligine lethi,
359 401 972 441 Conſitus inferna ſempet latuiſfetin vmbras,
361 435 884 472 Ni miſerata virum diuini Muſa Maronis
358 468 947 512 Ipſius ad clarum famam euexiſſet Olympum.
360 502 907 542 Scilicet ingeniis varia eſt vis inſita: rerum
359 537 858 577 Inuigilant alii cauſſas aperire latentes,
359 565 997 608 Et conuexa poli penetrant manefque ubr imos;
361 601 923 641 Hic iura imperiis deſcribit; at ille rotundo
361 631 1062 672 Attentum ore tenet populum magnumque ſenatum.
360 668 931 711 At ſi quem placidis naſcentem vidit ocellis
364 702 919 742 Caſtalij regina chor, & formoſus Apollo;
357 735 932 775 Ille vrbis ſtrepitum fugit, & viridantia ſiluis
359 769 982 808 Rura colens gaudet longos extenderein annos
358 802 982 844 Magnanimum heroum diuino carmine laudes.
359 833 1003 877 Ergo age virtutem, iuuenum flos candide, ſolam
349 872 889 907 Mirare, & doctos tua ſemper cura poëtas
360 903 1000 942 Ornet, alatque, tuum vt viuat per ſecula nomen.
526 939 777 972 De ſe ægrotante.
357 963 1002 1010 Ergo adeo cœptum peraget mors impia curſum;
395 1005 832 1042 Vt poſt euerſæ triſtia fata domus,
362 1035 970 1076 Me quoque ſurripiat primo vix flore iuuentæ?
396 1068 889 1105 Et noſtra exiguus iam tegat oſſa lapis?
354 1102 1005 1142 Dij, quorum auſpiciocommunes hauſimus auras,
394 1135 865 1171 Parcite nunc vitæ rumpere fila meæ,
352 1167 903 1206 Parcite, ſi veſtros ſuſpexi ſemper honores,
395 1200 959 1233 Si nullo infecta eſt candida mens ſcelere.
1070 1234 1133 1259 Non
