980 1362
262 37 532 63 FLAMINII.
33 77 591 114 Non prius ac cœli curſum confecit, Ibero
54 113 623 147 Tingit anhelantes gurgite Phœbus equos;
37 146 656 180 At nunc perpetuam nobis mors pallida noctem
72 180 549 213 Portat, & infernos cogit adire lacus,
33 212 708 251 Et nondum eſt rugis facies mihi languida, nec dum
70 247 516 280 Infecit nigras alba ſenecta comas.
33 280 644 314 Sic roſa vix lætum calathi pendebat honorem,
71 314 673 347 Cum cadit, & rutilo murice pingit humum.
33 347 652 382 Iane parer, noſtræ quondam ſpes vna inuentæ
57 381 605 407 Iam condes manibus luminanoſtra tuis,
33 414 600 447 Iam me poſtremo tumuli donabis honore,
54 447 552 482 Et cupies tantis non ſupereſſe malis.
33 480 615 514 Aſt ego ſecuræ nequicquam mente parabam
73 514 620 540 Grandia mox Vmbridicere facta Ducis:
32 544 521 575 Vt validas olim bello deuicerit vrbes,
51 578 670 614 Quem tremuit victis pulcher ſaurus aquis:
33 613 635 648 Vt nuncindomitos certet contundere lberos,
33 646 529 681 Italiæque grauſoluere colla iugo.
33 673 635 713 Hæc heu Perſephone, ſupremi nuntia luctus.
75 714 555 745 Vota dedit leuibus diripienda Notis.
33 744 571 779 Sæpe ſalutifero morbum depellere ſucco
33 779 541 814 Tentaui, at null ceſſerat arte dolor.
33 810 703 847 Sæpe Deûm ſupplex clamaui numina, ſed non
33 847 616 880 Audierunt noſtras numina ſurda preces.
33 880 637 915 Quod ſi tanta ſitis, noſtræ ſi tanta cupido eſt
75 914 606 947 Mortis, & effugii ſpes mihi nulla manet:
32 944 589 981 Ah liceat ſaltem Elyſios inuiſere campos,
77 979 506 1012 Et fortunatæ regna beata plagæ;
33 1003 652 1046 Hic vbi cum uolli Nemeſis formoſa Tibullo
77 1045 545 1074 Ludit, & eſt vati Lesbia iuncta ſuo.
33 1077 640 1112 Et mihi, qualis erit, teneris comitata puellis
79 1112 576 1147 Occurret celeri candida Lygda pede.
33 1145 662 1179 Et dulces dabit amplexus, & baſia iunget
33 1179 512 1227 Iunget & optati gaudia coniugij.
721 1212 813 1252 DaeHl-
