1163 1330
568 14 908 41 M.ANTONII
338 29 397 51 Io
578 56 810 90 De Hrcule & Hyla.
355 90 924 126 Quid mirare, tuo ſi regnat corde Lycinna,
390 124 875 154 Nec ceſſat tantis te cruciare malis?
357 154 1062 188 Crede mihi, non ſolus amas: Veneris puer omnium
392 189 1025 223 Eſt Diuſim, atque hominum maxima pernicies.
360 222 952 256 Audiſtine, humeris cœlum qui ſuſtulit altis,
394 256 831 289 Auſus & inferni regna ſubire Dei?
358 290 890 324 Ille idem tanto puerum dilexit amore;
395 324 825 355 Vt ſeu nox alto ſurgeret Oceano,
365 356 868 386 Seu roſeo terras veſtiret lumine Titan,
390 389 943 422 Hercule cum magno candidus eſſet Hylas.
364 422 972 456 Nulla dies miſerum puero ſine vidit amantem.
402 456 902 488 Nec cùm tergemini corpora Geryonis
366 489 957 522 Sterneret, atque alios inuictus mille labores,
397 522 812 555 Imperio duri ſuſciperet domini.
367 552 1010 588 Quin etiam Colchos peteret, cum puleher Iaſon
395 589 936 622 Amphytrioniadæ tunc comes ibat Hylas;
366 621 1099 656 Ibat Hylas, clauamque gerens, Libycamque pharetram,
400 656 876 689 Qualis cùm molli Parthenice pluuiâ
220 651 288 687 I
365 689 950 721 Stat grauis, ac Phœbi radiis aſperſa nitentem
398 723 924 756 Dat lucem, Paphiæ rarus honos Veneris.
365 756 879 789 Et iam Pleiades cœlo caput attollentes
398 789 912 820 Linquebant ſacras Nereidum choreas,
368 821 883 855 Cum Pagaſæ curuis e littoribus digreſſi
399 855 941 888 Currebant celeri per vada ſalſa rate;
365 888 955 955 ææ:
363 955 960 987 Iamque volans vndis Nerei mirantibus, Argo
399 988 849 1021 Myſorum clatis vrbibus appulerat.
364 1021 906 1054 Hlc iuuenes pictise puppibus egredientes
398 1054 924 1086 Deponunt altis membra ſub arboribus:
363 1085 1028 1121 Et molles ſibi quiſque toros bene olentibus herbis
397 1120 908 1153 Extruit: intonſo creuerat herba ſolo.
283 1153 935 1187 At formoſus Hylas, taciti per deuia montis;
349 1184 853 1225 Ibat luciduli ſumere fontis aquam;
1072 1222 1136 1246 Fons
