992 1359
222 34 537 65 FLAMINII.
758 38 811 70 too
37 82 581 117 Fons erat in ſiluà puris argenteus vndis,
74 117 605 152 Quem bicolore tegit populus alta comâ;
37 150 644 183 Ac circum Paphiæ denſant vmbracula myrtus,
73 183 602 216 Et parit aſſiduas aura benigna roſas,
1 214 811 255 Narciſſumque, crocumque immortalemq; amaranthum,
74 249 623 282 Et te flebilibus ſcriptum Hyacinthe notis.
38 283 588 320 In medio faciles nudato corpore Nymph
73 316 569 349 Ludebant ſparſis per roſea ora comis,
40 349 647 385 Quæ puerum cupido miratæ lumine, cum vix
72 384 517 417 Ilius molles tingeret vnda pedes;
37 415 649 449 Abreptum ſubito vitreum traxere ſub amnem
73 451 556 484 Vt quondam veris tempore purpurei
38 482 704 517 Stella volans, cœlo noctis delapſa per vmbram
72 517 575 550 Emicat, inque alto conditur Oceano.
38 549 654 581 Tunc lætus clamat ſummâ de puppe magiſter;
29 584 516 615 Candida felici pandite vela noto,
36 615 642 649 Pandite, nam cœlo Superi bona ſigna dedere
73 649 596 682 Sic ait, & placidis er mare fertur aquis.
35 683 544 716 At miſer Alcides caſu perculſus acerbo
72 715 609 748 Amiſſum toto littore clamat Hylam,
36 748 764 791 Littore Hylam, furibundus Hylam per deuia quærit,
46 782 619 817 Qualis thuricremas parua iuuenca Deûm
35 816 573 844 Concidit ante aras; fed fati neſcia mater
72 849 599 883 Non iam frondifero paſcitur in nemore,
35 883 589 916 Nec dulcem puri libauit fluminis vndam:
75 917 640 948 Sed fertur celeri per nemora alta pede
1 948 583 983 Omnia mugitu complens, ſi forte veniret
71 982 530 1008 Bucula maternis obuia luminibus.
35 1015 690 1048 Sic Heros, Hyla ingeminans, Hyla omnia replem,
891 1025 940 1068 II
71 1048 532 1081 Errabat dubio per loca ſola pede.
1 1079 598 1126 Quantas ille fero profudit corde querelas,
69 1114 569 1149 Pallenti quantas ore dedit lacrimas?
32 1143 704 1184 Cum ſæpe optaret ſcopulo ſe mittere ab alto,
1 1180 570 1213 Aut vitam rapidis ponere fluminibus.
28 1213 554 1255 Imterea curuo ſoluens de littore funem
654 1241 810 1270 Colchorum
