1175 1356
606 18 938 59 M.ANTONII
407 75 873 110 Colchorum fines iuerat ſonides;
373 110 875 150 Quem deſiderio pueri confectus inani
408 141 977 179 Mox ſequitur lacrimans Amphytrioniades,
373 177 921 207 Hos tu follicitos Heroum doctus amores;
408 210 934 243 Diſce libens duræ ferre iugum dominæ;
376 243 977 279 Nec te iam pigeat quemuis perferre laborem:
399 277 920 311 Omnis amor longo vincitur obſequio.
575 312 905 345 De proficiſcente Neapolim.
375 344 894 381 Pauſilypi colles, & candida Mergilina,
411 378 873 414 Et myrteta ſacris conſita littoribus,
378 409 987 447 Si mihi poſt tantos terræque mariſque labores
400 445 885 481 Contigerit veſtræ limina adire Deæ,
376 473 965 514 Limina, quæ vates ſpeculâ fundauit in alt
411 511 866 543 Actius Eois clarus, & Heſperiis,
366 542 975 581 His egpileolum figam, & calcaria, & enſem,
414 577 941 614 Et quæcunque vagus arma viator habet:
379 609 1016 647 Nec mihi am quiſquam vel prudentiſſimus vllas
415 645 914 682 Aut pelagi, aut terræ ſuaſerit ire vias,
370 679 914 710 Non mihi Perſarum ſi detur regia gaza,
405 712 902 741 Non mihi ſi rubri ſeruiat vnda maris.
359 742 1006 790 Quis furor eſt nullis vnquam requieſcere terris
406 779 924 815 Atquealia ex aliis ſemper adire loca?
359 811 928 846 Nec vitare graues æſtus, nec frigora ſæua,
419 847 886 879 Nec timuiſſe vagæ mille pericla viæ?
384 879 897 915 Felix, qui paruo contentus viuit agello,
420 912 931 947 Nec linquit patriæ duleia tecta domus
387 944 993 983 Quem verſare iuuat fœcunda ligonibus arua,
420 979 962 1012 Et nitidam vitis fingere falce comam;
359 1009 1010 1048 Aut gelidam ſummo lympham deducere cliuo,
396 1045 914 1080 ſtibus vt mediis arida prata bibant;
388 1077 991 1112 Aut tondere gregem lucenti vellere amictum,
422 1111 951 1147 Et tonſum liquidis mergere fluminibus.
388 1145 982 1177 Hic laribus certis, certiſq; ſodalibus vtens
421 1177 910 1210 Magnorum vitâ cælicolum potitur:
383 1210 921 1243 Nec violentus eum crudeli vulnore latro,
1100 1243 1153 1268 Nec
