979 1354
273 53 543 78 FLAMINII.
756 57 811 83 too
76 94 573 129 Nec fera ceruleo perdidit vnda mari.
42 126 587 160 lle ſuis moriens ſuprema dat oſcula natis
75 162 553 194 Deficiens caſtæ coniugis in gremio
40 194 640 229 Illa viri fugientem animam dulci excipit ore,
76 229 563 262 Et claudit tenerâ luminacaramanu:
40 260 711 295 Dehinc tumulum viridi componit margine fontis,
78 295 619 328 Quà vetus arboreis decidit vmbra comis:
43 328 693 361 Huc madefacta piis lacrimis fert liba quotannis,
76 362 594 396 Cum pueris veniens mœfta puella ſuis;
42 395 581 428 Et magnâ manes compellat voce mariti,
76 428 603 462 Spargens fictilibus lac niueum calathis;
42 461 636 495 Nec potis eſt dulci tumulo ſe auellere, donec
77 495 586 528 Heſperus inuitam cogit abire domum.
44 529 554 561 O fortunati cine res, vmbræque beatæ,
75 562 603 594 Morte obitâ ſi quem talia fata manent
1 594 642 627 At me, dum terras, & vaſta per æquora curro,
79 629 641 662 Sivocet in Stygiam pallidus Orcus aquam,
43 661 679 699 Quis tumulum faciet?tumulo quis triſtia ibans
79 694 555 729 Dona peregrinas lebit ad inferias?
43 727 615 762 Iam valeant Alpes, & nimbifer Apenninus,
78 762 622 797 Tuque maris noſtri littus vtrumque, vale,
44 794 693 829 Me iuuat vmbroſis vitam nunc degere in hortis,
79 829 593 863 Er Phœbo, & Muſis otia digna ſequi,
43 861 656 895 Tum rerum cauſas, euentaque dicere; quâ ſint
79 895 686 930 Lege colenda homini Numina ſancta Deûm;
1 929 661 970 Qui deceant mores; faciat quæ vita beatum;
80 962 569 997 Quid verum falſis diſtet imaginibus.
42 988 675 1030 In primis celebrare patrem idibus iuuat, à quo
78 1028 556 1060 Ex nihilo vates omnia facta canunt,
44 1061 768 1097 Cœlicolæ quem tergeminum venerantur, & vnum
82 1093 627 1131 Qui mare, qui terras, qui ſupera alta regit.
43 1126 641 1160 O vtinam ille ſuo me ſiſtat numine ſancto
81 1163 497 1196 Ad fortunati littora Pauſilypi,
41 1193 693 1229 Littora diuino quondam celebrata Maroi,
75 1229 603 1266 Et patio niilumine caas
705 1260 822 1289 Littora,
