<?xml version="1.0" encoding="UTF-8" standalone="no"?><PcGts xmlns="http://schema.primaresearch.org/PAGE/gts/pagecontent/2019-07-15" xmlns:xsi="http://www.w3.org/2001/XMLSchema-instance" xsi:schemaLocation="http://schema.primaresearch.org/PAGE/gts/pagecontent/2019-07-15 http://schema.primaresearch.org/PAGE/gts/pagecontent/2019-07-15/pagecontent.xsd"><Metadata><Creator/><Created>2022-04-12T15:43:20</Created><LastChange>1970-01-01T00:00:00</LastChange><Comments/></Metadata><Page imageFilename="1077.png" imageHeight="1354" imageWidth="979"><TextRegion id="r1" orientation="0.0" type="paragraph"><Coords points="1,1 977,1 977,1352 1,1352"/><TextLine id="l1"><Coords points="273,53 273,78 543,78 543,53"/><TextEquiv><Unicode/></TextEquiv><TextEquiv index="1"><Unicode>FLAMINII.</Unicode></TextEquiv></TextLine><TextLine id="l2"><Coords points="305,127 573,127 573,94 76,94 76,126 80,127 107,129 263,129"/><TextEquiv><Unicode/></TextEquiv><TextEquiv index="1"><Unicode>Nec fera ceruleo perdidit vnda mari.</Unicode></TextEquiv></TextLine><TextLine id="l3"><Coords points="587,128 305,128 263,130 157,131 107,130 67,126 42,126 42,160 587,160"/><TextEquiv><Unicode/></TextEquiv><TextEquiv index="1"><Unicode>lle ſuis moriens ſuprema dat oſcula natis</Unicode></TextEquiv></TextLine><TextLine id="l4"><Coords points="75,162 75,194 553,194 553,162"/><TextEquiv><Unicode/></TextEquiv><TextEquiv index="1"><Unicode>Deficiens caſtæ coniugis in gremio</Unicode></TextEquiv></TextLine><TextLine id="l5"><Coords points="40,194 40,229 640,229 640,194"/><TextEquiv><Unicode/></TextEquiv><TextEquiv index="1"><Unicode>Illa viri fugientem animam dulci excipit ore,</Unicode></TextEquiv></TextLine><TextLine id="l6"><Coords points="76,229 76,262 563,262 563,229"/><TextEquiv><Unicode/></TextEquiv><TextEquiv index="1"><Unicode>Et claudit tenerâ luminacaramanu:</Unicode></TextEquiv></TextLine><TextLine id="l7"><Coords points="711,260 225,263 125,263 40,260 40,294 68,293 108,295 711,295"/><TextEquiv><Unicode/></TextEquiv><TextEquiv index="1"><Unicode>Dehinc tumulum viridi componit margine fontis,</Unicode></TextEquiv></TextLine><TextLine id="l8"><Coords points="619,327 619,295 394,295 194,297 78,295 78,328 376,328 451,326 594,328"/><TextEquiv><Unicode/></TextEquiv><TextEquiv index="1"><Unicode>Quà vetus arboreis decidit vmbra comis:</Unicode></TextEquiv></TextLine><TextLine id="l9"><Coords points="693,328 43,328 43,360 693,361"/><TextEquiv><Unicode/></TextEquiv><TextEquiv index="1"><Unicode>Huc madefacta piis lacrimis fert liba quotannis,</Unicode></TextEquiv></TextLine><TextLine id="l10"><Coords points="282,394 594,395 594,363 76,362 76,395 192,396"/><TextEquiv><Unicode/></TextEquiv><TextEquiv index="1"><Unicode>Cum pueris veniens mœfta puella ſuis;</Unicode></TextEquiv></TextLine><TextLine id="l11"><Coords points="581,396 282,395 115,397 42,395 42,428 581,428"/><TextEquiv><Unicode/></TextEquiv><TextEquiv index="1"><Unicode>Et magnâ manes compellat voce mariti,</Unicode></TextEquiv></TextLine><TextLine id="l12"><Coords points="603,461 603,429 228,428 206,430 76,430 76,462 214,462"/><TextEquiv><Unicode/></TextEquiv><TextEquiv index="1"><Unicode>Spargens fictilibus lac niueum calathis;</Unicode></TextEquiv></TextLine><TextLine id="l13"><Coords points="636,463 215,462 172,464 98,464 42,461 42,495 636,495"/><TextEquiv><Unicode/></TextEquiv><TextEquiv index="1"><Unicode>Nec potis eſt dulci tumulo ſe auellere, donec</Unicode></TextEquiv></TextLine><TextLine id="l14"><Coords points="586,496 276,495 186,497 77,496 77,528 586,528"/><TextEquiv><Unicode/></TextEquiv><TextEquiv index="1"><Unicode>Heſperus inuitam cogit abire domum.</Unicode></TextEquiv></TextLine><TextLine id="l15"><Coords points="554,529 213,529 149,531 44,529 44,561 554,561"/><TextEquiv><Unicode/></TextEquiv><TextEquiv index="1"><Unicode>O fortunati cine res, vmbræque beatæ,</Unicode></TextEquiv></TextLine><TextLine id="l16"><Coords points="603,562 242,562 118,564 75,563 75,594 603,594"/><TextEquiv><Unicode/></TextEquiv><TextEquiv index="1"><Unicode>Morte obitâ ſi quem talia fata manent</Unicode></TextEquiv></TextLine><TextLine id="l17"><Coords points="642,595 285,595 181,597 15,597 9,594 1,594 1,627 642,627"/><TextEquiv><Unicode/></TextEquiv><TextEquiv index="1"><Unicode>At me, dum terras, &amp; vaſta per æquora curro,</Unicode></TextEquiv></TextLine><TextLine id="l18"><Coords points="441,660 641,661 641,630 197,629 140,631 79,631 79,662 287,662"/><TextEquiv><Unicode/></TextEquiv><TextEquiv index="1"><Unicode>Sivocet in Stygiam pallidus Orcus aquam,</Unicode></TextEquiv></TextLine><TextLine id="l19"><Coords points="679,663 665,662 441,661 193,664 43,663 43,699 77,699 89,697 486,693 604,693 614,694 622,699 679,699"/><TextEquiv><Unicode/></TextEquiv><TextEquiv index="1"><Unicode>Quis tumulum faciet?tumulo quis triſtia ibans</Unicode></TextEquiv></TextLine><TextLine id="l20"><Coords points="348,727 555,727 555,695 489,694 330,695 79,699 79,729 271,729"/><TextEquiv><Unicode/></TextEquiv><TextEquiv index="1"><Unicode>Dona peregrinas lebit ad inferias?</Unicode></TextEquiv></TextLine><TextLine id="l21"><Coords points="615,761 615,727 348,728 140,732 43,730 43,762 305,762"/><TextEquiv><Unicode/></TextEquiv><TextEquiv index="1"><Unicode>Iam valeant Alpes, &amp; nimbifer Apenninus,</Unicode></TextEquiv></TextLine><TextLine id="l22"><Coords points="244,795 325,796 622,794 622,762 306,762 261,764 78,763 78,797 187,797"/><TextEquiv><Unicode/></TextEquiv><TextEquiv index="1"><Unicode>Tuque maris noſtri littus vtrumque, vale,</Unicode></TextEquiv></TextLine><TextLine id="l23"><Coords points="693,794 325,797 244,796 122,799 44,797 44,829 693,829"/><TextEquiv><Unicode/></TextEquiv><TextEquiv index="1"><Unicode>Me iuuat vmbroſis vitam nunc degere in hortis,</Unicode></TextEquiv></TextLine><TextLine id="l24"><Coords points="593,861 593,830 235,829 79,830 79,863 460,863"/><TextEquiv><Unicode/></TextEquiv><TextEquiv index="1"><Unicode>Er Phœbo, &amp; Muſis otia digna ſequi,</Unicode></TextEquiv></TextLine><TextLine id="l25"><Coords points="656,894 656,861 606,861 586,863 169,865 102,865 73,863 43,863 43,895 566,895"/><TextEquiv><Unicode/></TextEquiv><TextEquiv index="1"><Unicode>Tum rerum cauſas, euentaque dicere; quâ ſint</Unicode></TextEquiv></TextLine><TextLine id="l26"><Coords points="686,895 79,898 79,930 279,930 413,928 630,928 686,930"/><TextEquiv><Unicode/></TextEquiv><TextEquiv index="1"><Unicode>Lege colenda homini Numina ſancta Deûm;</Unicode></TextEquiv></TextLine><TextLine id="l27"><Coords points="661,930 413,929 91,932 1,929 1,970 63,970 73,969 83,964 392,961 604,962 623,963 634,970 661,970"/><TextEquiv><Unicode/></TextEquiv><TextEquiv index="1"><Unicode>Qui deceant mores; faciat quæ vita beatum;</Unicode></TextEquiv></TextLine><TextLine id="l28"><Coords points="337,996 383,994 569,994 569,963 392,962 282,964 243,963 132,964 80,966 80,997 183,997"/><TextEquiv><Unicode/></TextEquiv><TextEquiv index="1"><Unicode>Quid verum falſis diſtet imaginibus.</Unicode></TextEquiv></TextLine><TextLine id="l29"><Coords points="675,988 634,988 626,993 615,995 557,996 383,995 337,997 184,997 136,999 106,998 60,999 42,997 42,1030 351,1030 427,1026 525,1026 576,1027 595,1030 675,1030"/><TextEquiv><Unicode/></TextEquiv><TextEquiv index="1"><Unicode>In primis celebrare patrem idibus iuuat, à quo</Unicode></TextEquiv></TextLine><TextLine id="l30"><Coords points="556,1059 556,1028 401,1028 351,1031 78,1031 78,1060 472,1060"/><TextEquiv><Unicode/></TextEquiv><TextEquiv index="1"><Unicode>Ex nihilo vates omnia facta canunt,</Unicode></TextEquiv></TextLine><TextLine id="l31"><Coords points="768,1061 434,1061 348,1064 44,1065 44,1097 363,1097 508,1092 630,1093 669,1095 672,1097 768,1097"/><TextEquiv><Unicode/></TextEquiv><TextEquiv index="1"><Unicode>Cœlicolæ quem tergeminum venerantur, &amp; vnum</Unicode></TextEquiv></TextLine><TextLine id="l32"><Coords points="430,1129 527,1125 581,1125 627,1127 627,1094 508,1093 363,1098 265,1097 82,1098 82,1131 146,1131"/><TextEquiv><Unicode/></TextEquiv><TextEquiv index="1"><Unicode>Qui mare, qui terras, qui ſupera alta regit.</Unicode></TextEquiv></TextLine><TextLine id="l33"><Coords points="641,1128 527,1126 430,1130 146,1132 43,1131 43,1160 641,1160"/><TextEquiv><Unicode/></TextEquiv><TextEquiv index="1"><Unicode>O vtinam ille ſuo me ſiſtat numine ſancto</Unicode></TextEquiv></TextLine><TextLine id="l34"><Coords points="81,1163 81,1196 497,1196 497,1163"/><TextEquiv><Unicode/></TextEquiv><TextEquiv index="1"><Unicode>Ad fortunati littora Pauſilypi,</Unicode></TextEquiv></TextLine><TextLine id="l35"><Coords points="693,1195 683,1195 678,1193 532,1193 524,1195 503,1196 263,1198 109,1198 41,1196 41,1229 693,1229"/><TextEquiv><Unicode/></TextEquiv><TextEquiv index="1"><Unicode>Littora diuino quondam celebrata Maroi,</Unicode></TextEquiv></TextLine><TextLine id="l36"><Coords points="603,1232 595,1232 589,1230 488,1229 430,1231 75,1230 75,1266 603,1266"/><TextEquiv><Unicode/></TextEquiv><TextEquiv index="1"><Unicode>Et patio niilumine caas</Unicode></TextEquiv></TextLine><TextLine id="l37"><Coords points="705,1260 705,1289 822,1289 822,1260"/><TextEquiv><Unicode/></TextEquiv><TextEquiv index="1"><Unicode>Littora,</Unicode></TextEquiv></TextLine><TextEquiv><Unicode/></TextEquiv></TextRegion></Page></PcGts>