1157 1345
568 29 924 55 M.ANTONII
350 72 887 106 Littora, quæ toties viderunt Calliopeam
384 106 848 131 Dictantem vati carmina docta ſuo.
358 139 835 172 Sirenes illis ſtupuerunt verſibus, illis
384 173 877 204 Carminibus omnis Nereis obſtupuit.
348 204 898 239 Ipſe pater Tegeæus amœna vireta Lycæi
381 239 936 272 Linquens inſolitis cantibus intererat;
354 272 972 305 Quem comitabantur ſiluarum numina Fauni,
384 307 840 335 Et Nonacrinæ maxima turba Deæ.
350 339 871 373 Ille coronatus viridanti tempora myrto
388 373 904 405 Dicebat laudes, candide Daphne, tuas,
356 406 904 438 Et quæ Mænalius dulci cantarat auenâ,
386 439 904 471 Dum paſcit niueas Alpheſibæus oues,
352 473 897 507 Tum miſeros Galli conſolabatur amores,
387 507 931 538 Duritiam incuſans, pulchra Lycori, tuam.
348 537 910 570 Hinc lætas ſegetes, & Bacchi dona canebat
385 573 890 607 Et pecus, & liquidis dulcia mella fauis,
352 605 952 639 Mox ſeſe attollens numero grauiore ſonabat
385 640 925 673 Troiani referens horrida bella ducis;
350 669 965 712 Erroreſque vagos, & diruta Pergama flammis;
384 706 894 742 Viſaque tartarei pall da regna Dei
324 739 940 774 Tum patri celebrata prius cartamina, penè
379 773 919 806 Femina cum Phrygias perdidit vna rates.
324 805 880 846 In primis fatum miſeræ deflebat Eliſæ,
384 839 976 873 Quam tulit, heu, diro vulne ie ſæuus amor.
324 865 990 913 Siſte ratem Ænea, properas quid funus amantit
384 906 950 938 Per Veneris quæſo numina ſiſte ratem,
324 935 909 973 Oupd ſi forte tuæ non eſt tibi cura puellæ;
323 972 909 1003 Ah ſaltem in gremio concidat illa tuo.
324 1001 891 1036 Vos ceruleæ formosâ Doride natæ,
381 1036 1008 1071 Vos dominum ad littus, quæſo, referte, meum;
323 1068 931 1100 Sic veſtro nulli veniant in amore dolores,
381 1103 876 1138 Sic vobis ſemper mutuus adſit amor:
324 1135 890 1171 Ille canit, celſo properant de vertice lauri,
376 1170 938 1202 Et prata omnigeno flore colorat humus.
324 1196 946 1233 Tun ſacrum felix aluiſti terra Maronem?
1056 1236 1127 1264 Tune
