1002 1355
245 43 569 68 FLAMINII.
63 83 485 120 Tune pio celas oſſa beata ſinu?
12 117 662 152 Anne etiam, vt fama eſt, Vatis placidiſſima ſæpe
62 152 591 179 Inter odoratum cernitur vmbra nemus?
27 185 478 214 Felices oculi, fortunatiſſima ſilua,
64 218 584 253 Et quicquid ſancto naſcitur in nemore:
1 253 555 294 Cui non ſit dulci patriâ tua dulcior ora?
66 285 511 320 Quis non te lucis præferat Elyſiis?
28 319 580 349 Iam mihi Benaci lætiſſima littora ſordent,
64 352 556 385 Iam formoſus aquis Meſulus irriguis.
27 386 595 418 Me tibi, terra beata, dico; tu meta laborum,
66 419 571 453 Iamque ſeneſcentis grata quies animi:
27 448 725 493 Tu, dum fata ſinunt, lucemque, auramque miniſtr;
64 486 569 519 Tu precor extincti corporis oſſa tege.
248 520 602 553 Ad Antonium Gibertum.
31 553 692 585 DOCTE puer, magni pulcherrima cura Giberti,
67 586 455 619 Progenies ſiluis edita Pieriis,
33 620 549 654 Te dulces oras in luminis egredientem
67 654 473 686 Excepit tenero Calliopea ſinu:
31 685 581 720 Et capiti impoſita lauri de fronde coronæ
65 720 561 754 Formoſa Aoniis ora rigauit aquis
30 752 590 787 Cui puero fauet illa, is firmâ ætate, poëtas
68 787 548 822 Antiquos doctis verſibus æquiparat;
31 819 667 855 Ipſum admirantur populi,iuueneſque, ſeneſque
70 853 588 887 Attoniti pendent vatis ab ore ſacro.
32 887 581 918 Seu vexat miſeras difordia flebilis vrbes;
69 918 542 953 Ille ſuis mulcet pectora carminibus,
33 953 604 988 Seu grauis ira Deûm morbos exaſperat; iras
71 986 554 1019 Condonant vati numina magna pio.
33 1019 647 1052 Sic Diuos citharâ placabat Thracius Orpheus;
74 1053 615 1086 Sic hominum cultus molliit ille feros.
27 1086 623 1119 Fortunate puer, tanto dignatus honore
71 1111 628 1151 Deſpicito, quicquid mobile vulgus amat.
25 1151 643 1188 Eſt patruus tibi præſtanti virtute Gibertus,
51 1184 573 1218 Quem tellus magnæ ſuſpicit Heſperiæ.
1 1215 622 1259 Hoc duce relligia ultos ueglecta per annes
708 1244 814 1290 Ia
