1139 1373
537 45 893 72 M.AN ONII
321 49 378 70 Ioo
359 85 894 122 Iam rediit;pulſa eſt vana ſuperſtitio.
322 119 800 155 Ipſius pare ſanctis hortatibus, ipſum
357 154 876 185 Care puer, magni numinis inſtar habe.
320 188 915 220 Hoc duce Sirenum cantus, & pocula Circes,
356 219 817 252 Et Veneris ſæuas effuge blanditias.
322 252 995 289 Qui ſequitur Venerem, fugit illum candida Mua:
356 287 904 324 Ah miſer ille puer, quem Dea docta fugit.
321 320 975 355 Blanda Venus pueros nigrum deducit ad Orcum
356 353 860 388 Inſidians; cœlo candida Muſa beat.
317 388 1008 424 Ineautas iuuenum mentes in monſtra ferarum
356 420 761 455 Vertebat Solis filia blanditiis.
321 454 939 487 Blanditis captus, qui dextrâ vicerat Hydram,
355 486 839 520 Hac eadem neuit Lydia penſa manu.
319 518 968 552 Alcide infelix, vbi ſunt Erymanthia monſtra,
322 552 895 588 Victaque tergemini corpora Geryonis?
319 585 908 620 Et tremefacta tu pallentia tartara claua,
355 619 973 656 Fultâque cum magnis ſidera numinibus?
320 652 884 683 Alcide infelix tantis de laudibus iſtis,
358 686 833 720 O pudor, exuuias vna puella capit?
218 700 945 765 Nos vero capiant Muſarum gaudia ſancta,
316 754 829 790 Gaudia Dis etiam cognita cæiitibus,
211 756 979 824 Quos teneræ mulcent iucundâ voce ſorores,
356 820 834 857 Et citharæ cantus ſuauis Apollineæ,
208 825 968 892 Cum pater auratis celebrar conuiuia teſtis,
356 888 937 922 Et dapibus menſas pulchra Iuuenta onerat.
320 922 829 957 At puer Idæus niueo ſuccinctus amictu
298 954 824 987 Miſcet ſuprem dulcia vina Iou.
320 989 958 1025 Hunc puerum Virtus tanto præfecit honori,
358 1022 922 1053 Huic puero Pietas munera tanta dedit.
321 1054 972 1098 Ille colens centum ſalientem fontibus Idam,
189 1072 936 1155 ue ubvmbrosa captaret frigora quercu,
359 1089 839 1123 Siue vagas arcu ſollicitaret aues;
346 1152 952 1189 Qà fugiens liquido murmurat vnda pede,
205 1153 994 1225 Pieridas, Ptœbumque patrem, Diuosque canebat.
336 1218 960 1264 Qu viides iluas, qui ſupera ata tenet.
942 1257 1136 1300 Dum ca-
