<?xml version="1.0" encoding="UTF-8" standalone="no"?><PcGts xmlns="http://schema.primaresearch.org/PAGE/gts/pagecontent/2019-07-15" xmlns:xsi="http://www.w3.org/2001/XMLSchema-instance" xsi:schemaLocation="http://schema.primaresearch.org/PAGE/gts/pagecontent/2019-07-15 http://schema.primaresearch.org/PAGE/gts/pagecontent/2019-07-15/pagecontent.xsd"><Metadata><Creator/><Created>2022-04-12T15:46:31</Created><LastChange>1970-01-01T00:00:00</LastChange><Comments/></Metadata><Page imageFilename="1083.png" imageHeight="1359" imageWidth="997"><TextRegion id="r1" orientation="0.0" type="paragraph"><Coords points="1,1 995,1 995,1357 1,1357"/><TextLine id="l1"><Coords points="239,60 239,87 588,87 588,60"/><TextEquiv><Unicode/></TextEquiv><TextEquiv index="1"><Unicode>LAMINII.</Unicode></TextEquiv></TextLine><TextLine id="l2"><Coords points="51,135 274,136 677,134 677,97 226,99 206,99 198,97 38,97 38,136"/><TextEquiv><Unicode/></TextEquiv><TextEquiv index="1"><Unicode>Ipſe meas hodie nemorosà in valle capellas</Unicode></TextEquiv></TextLine><TextLine id="l3"><Coords points="558,166 670,166 670,135 39,137 39,167 45,168 486,168"/><TextEquiv><Unicode/></TextEquiv><TextEquiv index="1"><Unicode>Paſco;namque hodie maximus æſtus erit:</Unicode></TextEquiv></TextLine><TextLine id="l4"><Coords points="622,167 262,170 54,169 54,193 622,193"/><TextEquiv><Unicode/></TextEquiv><TextEquiv index="1"><Unicode>Scune Menandrei fontem, &amp; vineta Galeſi?</Unicode></TextEquiv></TextLine><TextLine id="l5"><Coords points="656,234 656,199 635,201 546,202 88,203 88,235 93,236 395,234 541,234 647,236"/><TextEquiv><Unicode/></TextEquiv><TextEquiv index="1"><Unicode>Et quæ for moſus rura Lycambus habet?</Unicode></TextEquiv></TextLine><TextLine id="l6"><Coords points="38,267 50,267 157,269 367,267 580,267 580,236 395,235 93,237 55,234 38,233"/><TextEquiv><Unicode/></TextEquiv><TextEquiv index="1"><Unicode>Hos inter colles recubat viridiſſima ſilua,</Unicode></TextEquiv></TextLine><TextLine id="l7"><Coords points="732,299 732,270 729,266 635,266 628,268 597,269 369,268 178,270 86,269 86,302 492,300 730,302"/><TextEquiv><Unicode/></TextEquiv><TextEquiv index="1"><Unicode>Quam pulcher liquido Meſalus amne ſecat:</Unicode></TextEquiv></TextLine><TextLine id="l8"><Coords points="591,302 582,301 269,303 52,302 52,334 591,334"/><TextEquiv><Unicode/></TextEquiv><TextEquiv index="1"><Unicode>Nec gelidi fontes abſunt, nec pabula læta,</Unicode></TextEquiv></TextLine><TextLine id="l9"><Coords points="554,367 554,335 86,336 86,366 91,367 469,368"/><TextEquiv><Unicode/></TextEquiv><TextEquiv index="1"><Unicode>Et varios flores aura benigna parit:</Unicode></TextEquiv></TextLine><TextLine id="l10"><Coords points="622,394 622,374 618,367 469,369 109,369 90,367 44,367 44,401 618,401"/><TextEquiv><Unicode/></TextEquiv><TextEquiv index="1"><Unicode>Illic te maneo ſolus, cariſſima nympha.</Unicode></TextEquiv></TextLine><TextLine id="l11"><Coords points="578,401 86,403 86,434 578,434"/><TextEquiv><Unicode/></TextEquiv><TextEquiv index="1"><Unicode>Si tibi ſum carus, tu quoque ſola veni.</Unicode></TextEquiv></TextLine><TextLine id="l12"><Coords points="563,462 53,462 53,500 157,499 189,501 563,501"/><TextEquiv><Unicode/></TextEquiv><TextEquiv index="1"><Unicode>DVMſonat arguts late vicinia grillis,</Unicode></TextEquiv></TextLine><TextLine id="l13"><Coords points="604,502 438,503 189,502 157,500 85,500 85,534 604,534"/><TextEquiv><Unicode/></TextEquiv><TextEquiv index="1"><Unicode>Tu, Pholoe, dulci preſſa ſopore iaces.</Unicode></TextEquiv></TextLine><TextLine id="l14"><Coords points="642,533 615,533 611,535 586,536 52,535 52,568 642,568"/><TextEquiv><Unicode/></TextEquiv><TextEquiv index="1"><Unicode>Ipſe vagor mediâ ſolus de nocte, tuosque</Unicode></TextEquiv></TextLine><TextLine id="l15"><Coords points="526,569 514,568 231,568 181,570 85,570 85,598 526,598"/><TextEquiv><Unicode/></TextEquiv><TextEquiv index="1"><Unicode>Ad caros poſtes florida ſerta fero;</Unicode></TextEquiv></TextLine><TextLine id="l16"><Coords points="613,600 354,602 324,601 95,602 38,600 38,634 613,634"/><TextEquiv><Unicode/></TextEquiv><TextEquiv index="1"><Unicode>Quæque teris nuda calcando limina plantâ</Unicode></TextEquiv></TextLine><TextLine id="l17"><Coords points="567,634 192,634 84,636 84,665 567,665"/><TextEquiv><Unicode/></TextEquiv><TextEquiv index="1"><Unicode>Oſculor, &amp; lacrimis triſtibus illa rigo.</Unicode></TextEquiv></TextLine><TextLine id="l18"><Coords points="668,663 628,663 623,666 617,667 477,668 108,669 52,666 52,699 668,700"/><TextEquiv><Unicode/></TextEquiv><TextEquiv index="1"><Unicode>Tu precor aut noſtti miſerere;aut ſi tibi tantum</Unicode></TextEquiv></TextLine><TextLine id="l19"><Coords points="625,701 495,700 397,702 146,702 115,700 82,700 82,733 625,733"/><TextEquiv><Unicode/></TextEquiv><TextEquiv index="1"><Unicode>Diſpliceo; hic animam ponere, dura, iube.</Unicode></TextEquiv></TextLine><TextLine id="l20"><Coords points="768,768 51,768 51,800 298,802 559,801 596,802 621,806 768,806"/><TextEquiv><Unicode/></TextEquiv><TextEquiv index="1"><Unicode>ET tonat, &amp; vento ingenti nemus omne remugit,</Unicode></TextEquiv></TextLine><TextLine id="l21"><Coords points="558,802 298,803 84,801 84,834 558,835"/><TextEquiv><Unicode/></TextEquiv><TextEquiv index="1"><Unicode>Et cadit effuſa plurimus imber aqua;</Unicode></TextEquiv></TextLine><TextLine id="l22"><Coords points="644,834 50,835 50,867 254,867 390,869 644,868"/><TextEquiv><Unicode/></TextEquiv><TextEquiv index="1"><Unicode>Noxque ſoporiferis alis circumdata, cæcam</Unicode></TextEquiv></TextLine><TextLine id="l23"><Coords points="603,869 390,870 254,868 83,868 83,900 603,900"/><TextEquiv><Unicode/></TextEquiv><TextEquiv index="1"><Unicode>Horrenti latebrâ nubis opacat humum.</Unicode></TextEquiv></TextLine><TextLine id="l24"><Coords points="647,902 403,903 257,901 48,901 48,935 647,935"/><TextEquiv><Unicode/></TextEquiv><TextEquiv index="1"><Unicode>Ipſe tamen Veneris crudeli compede vinctus,</Unicode></TextEquiv></TextLine><TextLine id="l25"><Coords points="387,966 553,967 553,936 111,935 82,937 82,967 313,968"/><TextEquiv><Unicode/></TextEquiv><TextEquiv index="1"><Unicode>Ad dominæ cogor peruigilare fores.</Unicode></TextEquiv></TextLine><TextLine id="l26"><Coords points="29,1000 122,1000 238,1001 368,1000 429,998 605,1001 605,967 387,967 313,969 29,967"/><TextEquiv><Unicode/></TextEquiv><TextEquiv index="1"><Unicode>Sæuit hiems, Auſter denſiſſimus aëre ſæuit</Unicode></TextEquiv></TextLine><TextLine id="l27"><Coords points="84,1000 84,1035 623,1035 623,1000"/><TextEquiv><Unicode/></TextEquiv><TextEquiv index="1"><Unicode>Sed grauius noſtro pectore ſæuit Amor.</Unicode></TextEquiv></TextLine><TextLine id="l28"><Coords points="726,1062 720,1061 659,1061 553,1058 163,1060 125,1055 94,1055 46,1060 45,1057 43,1056 29,1056 29,1099 415,1099 455,1097 726,1099"/><TextEquiv><Unicode/></TextEquiv><TextEquiv index="1"><Unicode>SC tibi perperuam donet Venus alma iuuentam,</Unicode></TextEquiv></TextLine><TextLine id="l29"><Coords points="442,1131 600,1131 600,1099 455,1098 415,1100 85,1099 85,1131 93,1132 418,1133"/><TextEquiv><Unicode/></TextEquiv><TextEquiv index="1"><Unicode>Ne faciem nitidam ruga ſenilis aret;</Unicode></TextEquiv></TextLine><TextLine id="l30"><Coords points="677,1132 442,1132 418,1134 29,1132 29,1166 33,1166 77,1165 237,1164 296,1164 326,1166 652,1164 661,1169 677,1169"/><TextEquiv><Unicode/></TextEquiv><TextEquiv index="1"><Unicode>Poſt cenam cum matre tuà, dulcique Lycinna</Unicode></TextEquiv></TextLine><TextLine id="l31"><Coords points="599,1166 56,1167 56,1193 599,1193"/><TextEquiv><Unicode/></TextEquiv><TextEquiv index="1"><Unicode>Ad matrem, Pholoë, cara venito meam.</Unicode></TextEquiv></TextLine><TextLine id="l32"><Coords points="667,1189 663,1189 656,1195 648,1197 610,1198 80,1199 29,1197 29,1231 667,1231"/><TextEquiv><Unicode/></TextEquiv><TextEquiv index="1"><Unicode>Hic ſimul ad magnum læti vigilabimus ignem;</Unicode></TextEquiv></TextLine><TextLine id="l33"><Coords points="447,1266 452,1264 562,1263 562,1231 252,1231 174,1233 94,1232 84,1237 81,1237 81,1272 155,1273 278,1271 440,1273"/><TextEquiv><Unicode/></TextEquiv><TextEquiv index="1"><Unicode>Cadidior pulchr nox erit iſta die.</Unicode></TextEquiv></TextLine><TextLine id="l34"><Coords points="740,1260 740,1288 827,1288 827,1259"/><TextEquiv><Unicode/></TextEquiv><TextEquiv index="1"><Unicode>Fabe</Unicode></TextEquiv></TextLine><TextEquiv><Unicode/></TextEquiv></TextRegion></Page></PcGts>