<PcGts xmlns="http://schema.primaresearch.org/PAGE/gts/pagecontent/2017-07-15" xmlns:xsi="http://www.w3.org/2001/XMLSchema-instance" xsi:schemaLocation="http://schema.primaresearch.org/PAGE/gts/pagecontent/2017-07-15 http://schema.primaresearch.org/PAGE/gts/pagecontent/2017-07-15/pagecontent.xsd"><Metadata><Creator>User123</Creator><Created>2020-04-25T21:20:19</Created><LastChange>2020-04-25T21:20:19</LastChange></Metadata><Page imageFilename="1085.png" imageHeight="1355" imageWidth="986"><TextRegion id="r0" type="paragraph"><Coords points="1,1 984,1 984,1353 1,1353"/><TextLine id="r0_l001"><Coords points="264,37 264,68 609,68 609,37"/><TextEquiv index="1"><Unicode>FLAM.INII.</Unicode></TextEquiv></TextLine><TextLine id="r0_l002"><Coords points="773,39 773,67 839,67 839,39"/><TextEquiv index="1"><Unicode>os</Unicode></TextEquiv></TextLine><TextLine id="r0_l003"><Coords points="583,112 583,82 46,82 46,116 381,116"/><TextEquiv index="1"><Unicode>Iuerit, hue furtim lux mea primus eo:</Unicode></TextEquiv></TextLine><TextLine id="r0_l004"><Coords points="213,152 316,151 366,148 444,148 489,146 596,146 604,151 722,149 722,112 585,112 498,115 295,118 158,123 103,123 52,121 52,154 184,154"/><TextEquiv index="1"><Unicode>Dumque venis, longo breuis hora videbitur anno</Unicode></TextEquiv></TextLine><TextLine id="r0_l005"><Coords points="297,185 380,181 494,180 567,177 567,147 366,149 316,152 213,153 125,157 42,158 42,186 188,187"/><TextEquiv index="1"><Unicode>Longior: vlla igitur ſi tibi cura mei,</Unicode></TextEquiv></TextLine><TextLine id="r0_l006"><Coords points="399,214 470,214 533,211 656,210 678,210 689,216 717,216 717,175 596,175 587,178 526,180 454,182 380,182 297,186 189,187 159,189 55,187 55,217 334,217"/><TextEquiv index="1"><Unicode>Tolle moras omnes, timoromnis &amp; abſit amanti</Unicode></TextEquiv></TextLine><TextLine id="r0_l007"><Coords points="181,260 244,260 306,257 401,256 522,252 634,251 634,212 533,212 470,215 364,216 273,220 40,223 40,263 83,263"/><TextEquiv index="1"><Unicode>Et comes, atque viæ dux erit ipſa Venus.</Unicode></TextEquiv></TextLine><TextLine id="r0_l008"><Coords points="413,313 558,313 576,315 596,315 603,318 711,318 712,278 236,278 192,280 154,280 131,278 1,278 1,319 230,319"/><TextEquiv index="1"><Unicode>SI, Ligurina, meos hodie non ludit amores,</Unicode></TextEquiv></TextLine><TextLine id="r0_l009"><Coords points="376,347 489,347 538,345 538,315 376,315 314,318 189,320 154,322 87,322 87,351 279,351"/><TextEquiv index="1"><Unicode>Amplexus hodie ſi petit illa meos;</Unicode></TextEquiv></TextLine><TextLine id="r0_l010"><Coords points="636,345 527,346 489,348 437,347 376,348 349,350 205,354 52,353 52,380 454,380 535,378 636,380"/><TextEquiv index="1"><Unicode>Hoc tibi muſcoſo lætus, Cytherea, ſub antro,</Unicode></TextEquiv></TextLine><TextLine id="r0_l011"><Coords points="479,412 556,412 556,381 421,381 380,383 325,383 247,386 89,389 89,415 400,415"/><TextEquiv index="1"><Unicode>Aram de viridi ceſpite conſtituam;</Unicode></TextEquiv></TextLine><TextLine id="r0_l012"><Coords points="713,413 696,411 585,411 559,413 479,413 361,417 213,419 176,421 50,420 50,452 225,452 300,449 516,446 565,444 653,445 666,446 672,448 697,449 703,452 713,452"/><TextEquiv index="1"><Unicode>Lætus ego ſpumante nouo tria cymbia lacte,</Unicode></TextEquiv></TextLine><TextLine id="r0_l013"><Coords points="669,448 666,447 456,447 137,455 48,454 48,484 56,485 222,486 280,483 379,482 441,479 638,478 653,479 664,486 669,486"/><TextEquiv index="1"><Unicode>Et totidem fundam cymbia plna mero,</Unicode></TextEquiv></TextLine><TextLine id="r0_l014"><Coords points="457,512 586,512 586,480 441,480 379,483 280,484 222,487 109,487 51,485 51,514 416,514"/><TextEquiv index="1"><Unicode>Tum late variis halantem floribus aram</Unicode></TextEquiv></TextLine><TextLine id="r0_l015"><Coords points="90,513 90,546 556,546 556,513"/><TextEquiv index="1"><Unicode>Imbuet effuſo lecta cruore bidens.</Unicode></TextEquiv></TextLine><TextLine id="r0_l016"><Coords points="437,580 466,578 594,578 594,546 463,546 369,550 208,553 55,553 55,584 258,584"/><TextEquiv index="1"><Unicode>Salabit, Ligurina, tuas mea tibia laudes</Unicode></TextEquiv></TextLine><TextLine id="r0_l017"><Coords points="548,610 609,610 609,579 466,579 396,582 259,584 205,587 114,586 94,587 94,612 488,612"/><TextEquiv index="1"><Unicode>Cantabit, dulces fundere docta modos.</Unicode></TextEquiv></TextLine><TextLine id="r0_l018"><Coords points="442,645 551,645 626,642 688,642 688,609 630,611 439,613 312,617 244,617 188,620 55,619 55,647 411,647"/><TextEquiv index="1"><Unicode>Hæc tibi, ſancta Venus, ſolennia ſacra quotannis</Unicode></TextEquiv></TextLine><TextLine id="r0_l019"><Coords points="927,617 891,616 891,659 927,659"/><TextEquiv index="1"><Unicode>I</Unicode></TextEquiv></TextLine><TextLine id="r0_l020"><Coords points="454,678 660,675 660,644 442,646 349,650 278,650 180,653 93,653 93,683 343,683"/><TextEquiv index="1"><Unicode>Et faciam, &amp; magno ſemper honore colam.</Unicode></TextEquiv></TextLine><TextLine id="r0_l021"><Coords points="928,678 892,678 892,725 928,725"/><TextEquiv index="1"><Unicode>I</Unicode></TextEquiv></TextLine><TextLine id="r0_l022"><Coords points="683,676 496,678 343,684 183,686 36,684 29,681 23,676 23,714 421,714 451,712 571,711 621,709 651,709 661,714 683,714"/><TextEquiv index="1"><Unicode>Tu fac Diua, tuum ſupplex. dum numen adoro,</Unicode></TextEquiv></TextLine><TextLine id="r0_l023"><Coords points="601,712 493,712 357,717 267,717 155,720 100,719 94,720 94,750 601,750"/><TextEquiv index="1"><Unicode>Currat in amplexus cara puella meos.</Unicode></TextEquiv></TextLine><TextLine id="r0_l024"><Coords points="893,752 893,798 930,798 930,752"/><TextEquiv index="1"><Unicode>Ie</Unicode></TextEquiv></TextLine><TextLine id="r0_l025"><Coords points="346,815 363,813 483,813 533,811 621,811 636,813 644,817 644,776 335,776 228,778 180,778 160,776 53,776 53,818 244,818"/><TextEquiv index="1"><Unicode>HOStibi purpureos in ſerta nitentia flores,</Unicode></TextEquiv></TextLine><TextLine id="r0_l026"><Coords points="547,845 597,844 597,813 484,813 397,815 363,814 346,816 244,819 94,819 94,847 524,847"/><TextEquiv index="1"><Unicode>Dum Sol exoritur, Theſtyli, cara lego;</Unicode></TextEquiv></TextLine><TextLine id="r0_l027"><Coords points="243,883 498,881 611,877 645,878 654,883 693,884 693,843 630,843 588,846 547,846 524,848 474,849 282,850 186,853 58,852 58,885 202,885"/><TextEquiv index="1"><Unicode>Dumque lego. crebra ingeminans ſuſpiria dico,</Unicode></TextEquiv></TextLine><TextLine id="r0_l028"><Coords points="587,881 243,884 202,886 119,887 98,886 98,914 587,914"/><TextEquiv index="1"><Unicode>O vtinam fieri vos niea dona queaml</Unicode></TextEquiv></TextLine><TextLine id="r0_l029"><Coords points="51,985 194,985 292,982 357,982 421,979 614,977 697,973 756,973 756,940 390,940 359,942 284,942 268,940 1,941 1,990 42,990"/><TextEquiv index="1"><Unicode>THESTTLIcara, fauis Hybiæs dulcior, ecquid</Unicode></TextEquiv></TextLine><TextLine id="r0_l030"><Coords points="384,1013 491,1012 629,1008 697,1008 697,975 661,975 614,978 421,980 357,983 292,983 194,986 97,986 97,1016 312,1016"/><TextEquiv index="1"><Unicode>Munera pulchra vides, quæ tibi ab vrbe fero?</Unicode></TextEquiv></TextLine><TextLine id="r0_l031"><Coords points="27,1051 167,1051 273,1048 359,1048 455,1044 573,1042 647,1042 656,1048 720,1048 720,1008 384,1014 312,1017 61,1020 39,1019 33,1023 26,1025 1,1026 1,1054 22,1054"/><TextEquiv index="1"><Unicode>Adſpice flauentem pallam, roſeosque cothurnos,</Unicode></TextEquiv></TextLine><TextLine id="r0_l032"><Coords points="479,1076 518,1076 592,1073 592,1043 455,1045 359,1049 273,1049 167,1052 27,1052 22,1055 1,1055 1,1080 414,1080"/><TextEquiv index="1"><Unicode>Et mitram, &amp; bullis cingula clara ſuis.</Unicode></TextEquiv></TextLine><TextLine id="r0_l033"><Coords points="250,1115 377,1114 591,1106 686,1106 692,1109 697,1114 712,1114 712,1069 678,1066 656,1066 642,1072 613,1072 553,1076 479,1077 351,1083 66,1085 45,1084 29,1081 1,1081 1,1117 209,1117"/><TextEquiv index="1"><Unicode>Hæc ego dum porto, vidit pulcherrima Phyllis;</Unicode></TextEquiv></TextLine><TextLine id="r0_l034"><Coords points="252,1147 376,1147 445,1143 538,1142 668,1137 683,1135 683,1110 491,1110 473,1112 377,1115 250,1116 97,1120 97,1149 182,1150"/><TextEquiv index="1"><Unicode>Atque ait, hæc dederis ſi mihi dona puer,</Unicode></TextEquiv></TextLine><TextLine id="r0_l035"><Coords points="39,1183 51,1182 220,1182 294,1181 305,1179 357,1178 415,1179 661,1170 711,1170 720,1176 739,1176 739,1132 692,1132 684,1136 668,1138 538,1143 445,1144 376,1148 252,1148 182,1151 40,1149 34,1146 27,1139 1,1139 1,1190 30,1190"/><TextEquiv index="1"><Unicode>Et Venerem, &amp; Cereris ſanctiſſima numina teſtdr,</Unicode></TextEquiv></TextLine><TextLine id="r0_l036"><Coords points="502,1210 585,1204 667,1203 667,1176 518,1176 415,1180 357,1179 305,1180 294,1182 95,1183 95,1214 231,1214"/><TextEquiv index="1"><Unicode>Te præter nullus Phyllida habebit amans.</Unicode></TextEquiv></TextLine><TextLine id="r0_l037"><Coords points="262,1254 429,1253 440,1244 509,1243 533,1241 657,1239 674,1243 684,1235 712,1235 726,1233 726,1204 585,1205 502,1211 375,1212 331,1214 232,1214 170,1217 51,1216 38,1213 33,1209 27,1209 22,1210 11,1217 1,1218 1,1256 199,1256"/><TextEquiv index="1"><Unicode>Aſt ego per Phœbum, &amp; Muſas, mea Theſtyliiuro,</Unicode></TextEquiv></TextLine><TextLine id="r0_l038"><Coords points="746,1230 746,1265 843,1265 843,1230"/><TextEquiv index="1"><Unicode>Siſal-</Unicode></TextEquiv></TextLine><TextLine id="r0_l039"><Coords points="505,1245 505,1269 600,1269 600,1245"/><TextEquiv index="1"><Unicode>Sss 3</Unicode></TextEquiv></TextLine><TextLine id="r0_l040"><Coords points="897,1322 902,1321 940,1321 948,1319 961,1308 961,1300 959,1296 951,1290 920,1283 819,1282 819,1327 892,1327"/><TextEquiv index="1"><Unicode>ui</Unicode></TextEquiv></TextLine><TextLine id="r0_l041"><Coords points="983,1308 962,1308 953,1317 949,1319 949,1339 983,1339"/><TextEquiv index="1"><Unicode></Unicode></TextEquiv></TextLine></TextRegion></Page></PcGts>