986 1355
264 37 609 68 FLAM.INII.
46 82 583 116 Iuerit, hue furtim lux mea primus eo:
52 112 722 154 Dumque venis, longo breuis hora videbitur anno
42 147 567 187 Longior: vlla igitur ſi tibi cura mei,
55 175 717 217 Tolle moras omnes, timoromnis & abſit amanti
40 212 634 263 Et comes, atque viæ dux erit ipſa Venus.
35 278 712 319 SI, Ligurina, meos hodie non ludit amores,
87 315 538 351 Amplexus hodie ſi petit illa meos;
52 345 636 380 Hoc tibi muſcoſo lætus, Cytherea, ſub antro,
89 381 556 415 Aram de viridi ceſpite conſtituam;
50 411 713 452 Lætus ego ſpumante nouo tria cymbia lacte,
48 447 669 486 Et totidem fundam cymbia plna mero,
51 480 586 514 Tum late variis halantem floribus aram
90 513 556 546 Imbuet effuſo lecta cruore bidens.
55 546 594 584 Salabit, Ligurina, tuas mea tibia laudes
94 579 609 612 Cantabit, dulces fundere docta modos.
55 609 688 647 Hæc tibi, ſancta Venus, ſolennia ſacra quotannis
93 644 660 683 Et faciam, & magno ſemper honore colam.
35 676 683 714 Tu fac Diua, tuum ſupplex. dum numen adoro,
94 712 601 750 Currat in amplexus cara puella meos.
53 776 644 818 HOStibi purpureos in ſerta nitentia flores,
94 813 597 847 Dum Sol exoritur, Theſtyli, cara lego;
58 843 693 885 Dumque lego. crebra ingeminans ſuſpiria dico,
98 881 587 914 O vtinam fieri vos niea dona queaml
35 940 756 990 THESTTLIcara, fauis Hybiæs dulcior, ecquid
97 975 697 1016 Munera pulchra vides, quæ tibi ab vrbe fero?
34 1008 720 1051 Adſpice flauentem pallam, roſeosque cothurnos,
35 1043 592 1080 Et mitram, & bullis cingula clara ſuis.
35 1066 712 1117 Hæc ego dum porto, vidit pulcherrima Phyllis;
97 1110 683 1150 Atque ait, hæc dederis ſi mihi dona puer,
35 1132 739 1186 Et Venerem, & Cereris ſanctiſſima numina teſtdr,
95 1176 667 1214 Te præter nullus Phyllida habebit amans.
35 1204 726 1256 Aſt ego per Phœbum, & Muſas, mea Theſtyliiuro,
746 1230 843 1265 Siſal-
