879 1351
277 31 587 68 M.ANTONII
56 36 111 61 Ioi4
94 74 526 107 iifallo ſemper ſis inimica mihi
60 107 644 140 Nulla puella meos te præter habebit amores;
92 141 662 174 Dum viuam, ſemper tu meus ardor eris.
56 205 738 242 THESILI, ſi qua tui ſuperat tibi cura Myconis,
94 240 566 267 Craſtina cum cœlo fulſerit orta dies,
58 274 642 306 Ad Cereris vallem niueas compelle capellas,
94 307 597 341 Nec longam pigeat t: precor ire viam.
59 341 670 373 Inde graues æſtus vbi Sol accenderit antro
94 373 658 406 Succede, arbuteis quod tegit vmbra comis.
60 408 767 445 Hoc ego furtiuo ingred. ar pede, munera portans,
96 439 688 474 Quæ iam pridem orat Phllis habere ſibi.
58 471 664 503 Munera vel Nymphis digniſſima, ſi ſapis ergo,
93 503 553 532 Ad dulces latebras incomitata veni.
35 567 717 605 DICage quid tecum faciebat perfida Thyrſis?
94 602 654 637 Sub corylo matrem dum ſopor altus habet.
58 636 677 674 Ah ego te pueri circumdare bracchia collo,
97 670 549 705 Ah ego te vidi ſed pudet illa loqui
59 702 713 739 Theſtyli te ne meo quemquam præponere amorit
96 738 535 772 Amplexus alii tene dediſſe meos?
59 769 667 806 At neque me Phyllis, nec formoſiſſima Gorgo,
97 804 582 839 Nec mouit roſeis candida Niſa genis.
60 838 582 874 Ipſa mihi furtiua tulit munuſcula ſæpe;
95 868 703 903 Sed lacrimans ſemper rettulit illa domum.
60 904 656 938 At tibi cur placuit tantum puer iſte? quid oro,
97 937 606 972 Quid tantum egregii poſſidet iſte puer?
60 968 689 1003 Hic domini cuſtodit oues; ego mille capellas
95 1002 652 1038 Paſco, quas moriens t adidit ipſe pater.
57 1036 624 1071 Hic Dorylæ indocto ceſſit cantando; peritus
96 1069 593 1100 Et voce, & calamis ceſſit Agyrta mihi.
8 1096 662 1136 Nec pede. nec iaculo valet hic, nec viribus ipſe
95 1135 545 1169 Audeo vel magnas ſollicitare feras.
59 1168 626 1203 Sunt mihi flauentes tenei lanugine malæ,
92 1200 585 1237 Sunt uitidi crines, ſunt roſea oa mihi.
762 1232 877 1275 Ip ſa,
