985 1356
277 41 551 84 rAMINII
1 90 580 124 pſa, meos oculos, tua ſidera ſæpe vocaſti;
39 124 622 156 Ipſe tibi quondam pulcher Adonis eram
32 156 679 189 Nunc ego deſpectus, nec te niale ſana puella
70 189 660 223 Neſcio quom præ me Thyrſin amar pudet?
1 223 706 258 Iam fugiat leporem canis, accipiteq; columbam
27 256 530 289 Incultiq, ferant dulcia poma rubi.
1 286 737 325 Iam ſperent, metuantq; ſimul miſeri omnia amantes:
9 323 603 355 Credie, nulla ſidem ſeruat amica vito.
1 386 710 423 HVCades &mea, Lvgda, parum decede calori,
67 423 585 456 Dum medio cœli Sol grauis otbe furit.
31 456 596 489 Nonne vides, vt tota fluas ſudoribus? vtq;
71 482 652 523 Iam laſſæ nequeant ſtingere ſaira manus?
1 515 606 559 Hic patulæ ramis ſocian vmbracula ſagi,
75 557 618 590 Quas circum iriguis Meſulus errat aquis.
1 588 582 619 Nec ſalſæ deſunt oleæ, nec olentia cepe
74 623 596 656 Nec liba, aut veteri cybia plena mero.
1 656 658 691 Huc ades; ardenti maneat ub Sole Nigella:
26 689 636 726 Te molles vmbræ candida nympha decent.
37 755 652 790 IRIGVIfotes, & fonribus addita vallis,
33 790 562 824 Cinctaq; piniſeris ſilua cacuminibus;
4 823 610 857 Phyllis vbi formoſa dedit mihi baſia prima,
77 857 567 889 Primaq; cantando paita corona mihi,
6 889 582 924 Viuite feliees, nec vobis aut grauis æſtas,
70 923 569 955 Aut noccat ſæuo frigore triſtis hiems,
16 952 746 998 Neo lympham quadrupes, nec ſiluam dura bipennis.
74 990 589 1020 Nec violet teneras hic lupus acer oues;
16 1014 682 1058 Et Nymphæ lætis celebrent loca ſancta choreis;
43 1054 506 1092 Et Pan Arcad præferat illa ſuæ.
39 1112 744 1154 RIVVLEfrigidulis Nympharm e fontibus orte,
53 1151 647 1192 Oui properas liquido per nemora alta pede;
16 1177 717 1220 Si tormoſe venis formoſum ad Phylidis hortum,
70 1220 511 1256 Arentiq; leuas aurea mala ſiti,
741 1237 835 1273 a
