963 1359
316 34 585 59 FLAMINII.
778 43 834 69 Ior
882 62 917 113 I
1 69 612 112 Hac facies, hæc eſt Lygdæ ridentis imago;
87 112 526 150 Triſtitiam vultu ſic fugat illa ſuo.
50 178 625 212 VIDISTInitidas per candida lilia guttas
86 212 612 246 Ludere, cum tenui decidit imber aqua?
49 245 527 278 Et rorem de puniceis ſtillare roſetis,
91 278 620 311 Cum ſpirat naſcens frigora blanda dies?
52 312 623 346 Hæc facies, hæc eſt Ligurinæ flentis imago,
90 346 546 375 llius lacrimis me feus vrit Amor.
1 404 714 447 C Cytherea, ſuo dulcicum compare, turtur
95 447 625 480 Cæditur ante tuos, victima grata, focos.
55 480 583 514 nus amor cares felici copula amantes
95 514 599 541 Iunxerat, vnanimes abſtulit vna dies.
62 545 764 579 Talis amor pulchram tenero cum Daphnide Niſam
95 581 603 612 Vinciat æterno fœdere, ſancta, precor,
45 612 668 648 Et dum longa dies ſenio conſumpſerit ambos,
96 649 606 681 Alter in alterius corpore viuat amans.
880 679 916 718 I
60 713 681 748 LVNAdecus cœli; aſtrorum regina bicornis,
97 749 582 782 Quæ medio raptimlaberis alta polo;
10 781 758 818 Ad dominam propero, quâ nec formoſior vnqua
97 815 568 849 Pauit, nec paſcet vlla puella gregem.
1 847 683 886 Tu, mea ne quiſquam valeat deprendere furta,
99 883 658 915 Conde precor lucem candida Diua tuam.
1 897 676 960 Sic tbi ſit proprio ſplendeſcere lumine, fic pai
98 950 525 983 Et magni radiis æmula Solis eas.
1 1003 544 1049 Oquæenuſta Sirmtonis littora
100 1049 405 1082 Colis Catulli candida,
64 1081 526 1114 Muſa, & beatamitrqj ſiluam doces
100 1115 463 1144 Pulchram ſonare Lesbiam;
1 1147 535 1190 En nos Taburni in valle florida tibi
54 1182 421 1214 Aram virenti è ceſpite,
1 1205 543 1254 Et terna melle, terna lacte, ponimus
783 1244 844 1279 Sp-
517 1250 612 1275 Ss 5
882 1239 916 1278 l
868 1277 939 1319 I
