868 1342
1 17 92 37 it
267 15 577 49 M. ANTONII
77 60 408 96 Spumante plena cymbia;
41 91 527 129 E c vocamus voce ſupplici, Dea,
74 124 376 161 Ad ſacra parua, ſed pia;
39 156 548 196 Vt noſtram Hyellam fiſtula dulci canas,
73 190 396 225 Quâ nulla rure pulchrior
36 222 488 262 Vixit, nec vlla viuet vllo tempore
72 257 333 292 Cani puella dignior.
32 290 523 331 At tu vireta amœna & vndas limpidi
68 323 381 359 Relinque Benaci libens,
34 354 501 393 Et hic Fauoni lenis aura mururat,
67 389 375 419 Et hic aium dulci ſono
32 421 504 468 Mulcetur aër; prata floribus nitent;
66 455 322 486 Puriq; fontes vitreis
29 487 683 534 Lymphis decentes frigerant nemorum Deas,
64 519 492 558 Cùm feſſa damarum nece
28 552 448 594 Et icta luce feuidâ Solis redit
63 587 347 621 Pudica Dianæ cohors,
26 620 615 670 Quare, o puella candida, huc aditum feras,
61 654 377 692 Nobisq; verſus diciio,
26 684 513 729 Per quos yella viuat, vſque dum tua
58 720 380 756 Formoſa viuet Les a.
24 787 522 825 CAPER. capellâ cœlitum beatior,
26 821 588 864 Quem tam venuſta, tam puella candida,
24 853 532 904 Stipante maximo capellarum g:tge,
22 888 464 926 Agit per alta montium cacumina,
24 919 593 968 Cum Sol recludit ſplendido cœlum die
20 951 480 991 Albentq; læta rore cano gramina.
20 986 508 1023 At cum furentis excitatus ictibus
19 1018 409 1055 Solis ſiticuloſus igneſcit calor,
19 1052 583 1094 Nec aura pulchris arborum inſtrepit comis,
19 1084 505 1123 Te ducit illa fontis ad lympham ſacri,
16 1117 519 1160 Qui proſilit virente murmurans ſpecu;
14 1149 471 1189 Domus choreis Naidum gratiſſima
12 1180 450 1221 E ſemicapri dulce lenimen Dei,
666 1236 794 1265 Cum
