873 1344
273 23 607 50 M.ANTONII
47 66 458 100 Auraq; longe dulciore veſcitur;
49 100 610 135 Neque amplius redire. ſi velit, huc queat,
49 132 585 167 Neque ſi queat, redire iam amplius velit.
48 166 635 202 At tu morere, dominamq; viſe trans Styga;:
45 200 541 233 Aut viue poſthac omnium miſerrimus
48 233 544 264 Caper miſelle omnium miſerrime.
47 300 550 335 ADESTESSatyri, boniq; Fauni, &
49 333 631 367 Quicquid capripedum eſt vbique Diuûm,
45 366 517 393 Mecum numina ſancta lacrimate.
46 397 524 432 Veſtra mortua bella caprimulga eſt,
46 431 454 463 Illa candida, bella caprimulga,
46 464 452 497 Quæ vobis bona liba factitabat,
44 496 539 529 Quæ dulcem mihi caſeum premebat,
43 530 498 562 Quæ tam carmina bella cantitabat.
43 563 472 598 Tecum delicias Hyella ruris,
43 596 439 629 Tecum gaudia ruris abſtuliſti.
44 629 528 665 Te formoſulus hortus ille, quem tua
41 664 474 699 Lætum virginea manu rigabas,
43 696 484 729 Te fons poſiliens ſpecu e virenti,
43 731 474 762 Quem illo floridulo ore baſiabas,
43 762 567 799 Te lugent nemora, atque vallis, in qu
42 795 435 830 Paſcebas niueas tuas capellas,
43 831 537 863 Nunc pictas Dryadis legens corollas,
42 864 532 897 Nunc dulci reſonans auena in antro.
43 896 413 928 At tu ſi ſapis, O puella Ditis,
42 930 453 962 Huic dato nitidas tuas capellas;
38 962 499 999 Hac paſcente domum tuæ capellæ
39 996 406 1032 Ferent vbera tentiora, lacq;
41 1030 434 1063 Longe dulcius effiuet papillis.
41 1063 513 1090 Nullam rura tulere doctiorem
39 1096 473 1128 Aut miſcere coagula, aut decoras
39 1128 424 1156 Molli texere fiſcinas hibiſco,
38 1160 464 1194 Aut per florida prata cum puellis
39 1191 492 1230 Choros ducere obſtupente pago.
