986 1367
276 43 563 68 FLAMINII.
767 53 820 72 Ior
19 84 736 116 CV ſubito, fons turbidule, tuus humor abundat?
74 119 656 153 Dic age lucidulam quis tibi turbat aquam?
23 153 581 186 Ah miſer extinctæ turbat te caſus Hyellæ,
78 186 532 218 Ipſe tuis creſcis perdite de laorimis.
1 215 637 254 Infelix, non iam tanges roſea illa labella,
75 252 664 287 Candida nec liquidis membra lauabis aquis,
26 286 747 319 Non feſſam, atque tuo crepitanti murmure captam,
74 319 582 353 Adſpicies ſomnos carpere languidulos,
22 353 555 385 Dum niueas inter ludit laſciua papillas,
76 386 637 415 Et ſimul aureolam ventilat auta comam,
22 421 633 453 Ac leuiter motans myrtos ſuperimpendentes
79 453 556 486 Spargit odoatos flore cadente ſinus.
42 485 675 523 Vt fuluum nitidumq; aurum nitidiſſimus ipſe
55 519 559 551 Ornat ſidereo lumine Chryſolithus;
22 552 676 586 Vt laurum decorat croceis hedera alba corymbis
78 585 558 610 Nectens formoſis brachia brachiolis:
44 619 617 653 Sic formoſa tuas ymphas decorabat imago,
82 653 522 685 Se vitreo quoties viderat illa lacu.
44 685 627 718 Tunc, O frigidule, blando vrebaris amore;
76 719 591 753 Vos liquidæ melius tunc nituiſtis aquæ.
43 752 576 784 Oquoties dulci cùm vos Iibauerat ore,
70 784 560 819 Facta eſt Hblæis dulcior vnda fauisl
1 817 619 854 O quoties veſtros requieuit carmine curſus
77 852 659 886 Cum modulans calamis luderet imparibus
1 884 639 919 Nunc te, ſancta Pales nunc te Latonia virgo,
78 918 615 952 Nunc referens laudes, Pan Tegeæe, tuas.
22 951 625 984 Illa canit, tremula reſpondent voce capellæ,
55 984 533 1018 Saltat & oblitis hædulus vberibus.
20 1018 611 1051 At circumuolitanpictis auium chorus alis
77 1050 580 1083 Diſcit, & arguto guttare cuncta iterat.
43 1082 627 1118 Mirantur Satyri, Nymphæ mirantur & ipſæ.
80 1117 523 1142 Et Faunus ramis abditus arbuteis.
1 1150 626 1194 Ipſe etiam vocemq;, & formoſiſſima mirans
82 1184 540 1218 Ora, ſuas in ſe vertit Amor faculas.
1 1214 708 1253 Ardet Amor pulchriq; genis, roſeis q; labels
710 1247 972 1315 e
