869 1346
275 41 584 67 M. ANTONII
35 52 103 74 IO4
67 83 621 118 Veniſſetq; viri iam noua nupta domum
3 115 654 154 Non potuit tantos pulcherrima Hyella dolores
73 151 520 184 Ferre, nec erepto viuere coniugio.
41 183 646 217 Sed veluti flos virgineo decerptus ab vngue
76 217 517 244 Cum vitâ dulcis tabuit ille decor:
41 249 573 285 Tabuit ille decor, quo nil formoſius vlla
71 284 527 319 tas, nil vnquam vidit amabilius.
39 318 591 351 Occidis infelix primo ſub flore iuuentæ,
73 350 599 383 Occidis, heu nullo tempore digna mori.
39 383 615 418 Sed tua fama ſuperſteserir, quotiesq; viatot
71 416 608 451 Præteriens tumulum viderit, & titulum;
35 448 578 482 Ille tuo lecto ſuſpirans nomine dicet:
52 479 527 515 Pulchrior in terrisnnlla puella fuit.
18 541 727 582 CVM pulchra infelicem animamexhalaret Hyella,
72 579 573 611 Talia cum multis dicta dedit lacrimis:
19 612 543 648 Duritiâ formoſe puer mihidurior ipa,
68 646 548 680 Idem luce mihi carior, atque anima:
19 680 636 716 Tu licet ipſe meam crudeli mote iuuentam
68 713 581 749 Crudelis lympham miſeris ad Stygiam:
36 744 621 776 Non tamen vlla mihi vis carum nomen Iolæ
71 783 460 814 Obliuiſcenti deleat ex animo.
36 809 698 850 Seu Cytherea meam campis lugentibus vmbram
71 848 510 882 Siſtet, ſeu campis ſiſtet in Elyſiis;
36 878 764 916 Semper ero memor ipſa tui, quamuis laticem omnem
69 913 564 942 Lethæum aridulis faucibus ebiberem.
36 953 576 982 At tu care puer pro tanto gratus amore
68 980 615 1016 Tranſibis quoties heu miſeros cineres,
35 1011 672 1047 Dic lacrimans; heu cara puella, malus tibi vitam
70 1046 568 1075 Abſtulit, & diro funere merſit amans.
37 1075 682 1114 Ah nunc ſaltem in morte quieſcas, hoc tibi Iolæ,
71 1112 647 1148 Qui potuit miſeram perdere, mandat amor.
36 1172 768 1219 QISQVIS es vpiliovebonus, bona vel caprimulga,
71 1210 606 1247 Siſte gregem, & ſacro munera fer cineri:
776 1239 820 1264 Da
