962 1356
288 32 591 60 FLAMINII
773 45 833 73 oo7
51 71 611 107 Brachiaq;, & flauas per roſea ora comas:
46 108 750 144 Atque aliquis iuratus ait, non pulchrior vnquum
84 139 541 174 Venit ad Elyfios vlla puella choros.
40 206 692 242 HANCfiſtulam, hoſpes, quam vides pinu ſacra
45 241 543 274 Pendere, Pani Hyella poſuit maximo,
47 273 531 307 Cùm iam miſella Solis aureum iubar
39 308 602 341 Linquens, beatos ferret ad manes ſuum.
37 341 507 373 Hac illa pulchrâ fiſtulâ cum luderet
41 374 586 407 Nymphas canens, & furta earum dulcia;
36 407 525 439 Non aura lætis inſonabat frondibus,
40 442 564 475 Non murmurantes obſtrepebant riuuli,
38 475 635 516 Non picta garrulo auis canebat gutture
28 507 635 541 Quin ipſe, dulci carminum captus ſono,
39 541 512 574 Inter greges iacebat innocens lupus.
30 575 504 608 Himella lorida, & Taburne pinifer
40 608 502 642 Tu teſtis, ipſe es, ſæpe miratus tuas
35 641 478 673 Motare pinus horridas cacumina
37 674 527 705 Tunc fiſtula hæc beatior calamis fuit,
37 708 578 743 Quicumque labra docta paſtorum terunt.
37 741 561 775 At nunc miſella fiſtula aut ſemper tacet,
37 775 470 809 Aut ſi loquaci ventus illam ſibilo
36 808 471 841 Inflauit, vſque flebiles edit ſonos
35 842 505 875 Acerba dominæ fata deplorans ſuæ,
34 874 404 908 Et ore caro baſiari expetens.
32 909 622 943 Quo nulla pulchrius, neque vnquam dulcius
7 942 585 977 Puella geſſit os, neque vlla vnquam geret.
35 1006 595 1041 OD nulla nee formosior, nec fiſtulam
30 1041 588 1073 Inflaredulcem doctior niueos greges
2 1074 530 1108 Vnquam Taburni pauit inter horrida
29 1107 494 1140 Pineta, paſtores tuis hunc manibus
1 1140 587 1173 Dicant Hyella lucum opacum, & hos duos
1 1173 588 1207 Fontes amœnos, qui leui cum murmure
29 1206 483 1242 Eupe muſcoâ alter, alter ſpecu
741 1241 811 1264 Pen-
476 1242 585 1268 Ttt 2
