<?xml version="1.0" encoding="UTF-8" standalone="no"?><PcGts xmlns="http://schema.primaresearch.org/PAGE/gts/pagecontent/2019-07-15" xmlns:xsi="http://www.w3.org/2001/XMLSchema-instance" xsi:schemaLocation="http://schema.primaresearch.org/PAGE/gts/pagecontent/2019-07-15 http://schema.primaresearch.org/PAGE/gts/pagecontent/2019-07-15/pagecontent.xsd"><Metadata><Creator/><Created>2022-04-12T16:02:07</Created><LastChange>1970-01-01T00:00:00</LastChange><Comments/></Metadata><Page imageFilename="1102.png" imageHeight="1352" imageWidth="877"><TextRegion id="r1" orientation="0.0" type="paragraph"><Coords points="1,1 875,1 875,1350 1,1350"/><TextLine id="l1"><Coords points="283,63 283,89 597,89 597,63"/><TextEquiv><Unicode/></TextEquiv><TextEquiv index="1"><Unicode>M.ATONII</Unicode></TextEquiv></TextLine><TextLine id="l2"><Coords points="591,104 55,104 55,137 111,137 135,139 591,139"/><TextEquiv><Unicode/></TextEquiv><TextEquiv index="1"><Unicode>Magne pater, tali fortunatiſſime alumn</Unicode></TextEquiv></TextLine><TextLine id="l3"><Coords points="499,140 212,141 93,138 93,166 499,166"/><TextEquiv><Unicode/></TextEquiv><TextEquiv index="1"><Unicode>Tu viridi ſeruas oſſa beata ſinu,</Unicode></TextEquiv></TextLine><TextLine id="l4"><Coords points="58,171 58,204 639,204 639,171"/><TextEquiv><Unicode/></TextEquiv><TextEquiv index="1"><Unicode>At miſera ante diem crudeli funere rapta</Unicode></TextEquiv></TextLine><TextLine id="l5"><Coords points="94,206 94,233 577,233 577,206"/><TextEquiv><Unicode/></TextEquiv><TextEquiv index="1"><Unicode>Iuit ad infernas non reditura domos.</Unicode></TextEquiv></TextLine><TextLine id="l6"><Coords points="654,236 587,236 585,238 569,239 279,241 197,240 167,238 59,239 59,271 654,272"/><TextEquiv><Unicode/></TextEquiv><TextEquiv index="1"><Unicode>O mihi Threiciam citharam ſi Muſa dediſſet,</Unicode></TextEquiv></TextLine><TextLine id="l7"><Coords points="586,305 586,273 138,274 91,272 91,305 500,306"/><TextEquiv><Unicode/></TextEquiv><TextEquiv index="1"><Unicode>Quæ potuit ſiluas ducere montiuaga,</Unicode></TextEquiv></TextLine><TextLine id="l8"><Coords points="666,306 501,306 432,308 57,306 57,337 154,339 666,339"/><TextEquiv><Unicode/></TextEquiv><TextEquiv index="1"><Unicode>Per tenebras Orei, per pallidaiegna ſilentum</Unicode></TextEquiv></TextLine><TextLine id="l9"><Coords points="441,372 576,372 576,340 485,340 444,342 270,342 153,339 92,339 92,372 98,373 352,374"/><TextEquiv><Unicode/></TextEquiv><TextEquiv index="1"><Unicode>Quæſiſſem manes, cara puella, tuos;</Unicode></TextEquiv></TextLine><TextLine id="l10"><Coords points="518,404 627,405 627,372 618,374 441,373 352,375 185,375 98,374 62,372 62,404 140,406 457,406"/><TextEquiv><Unicode/></TextEquiv><TextEquiv index="1"><Unicode>Nec me tergemino terrered Cerberus ore</Unicode></TextEquiv></TextLine><TextLine id="l11"><Coords points="545,437 644,437 644,406 518,405 375,408 170,408 139,406 76,405 76,437 88,438 485,439"/><TextEquiv><Unicode/></TextEquiv><TextEquiv index="1"><Unicode>Nec toruæ anguineis crinibus Eumenides.</Unicode></TextEquiv></TextLine><TextLine id="l12"><Coords points="608,469 608,438 294,441 188,440 157,441 61,438 61,470 502,470"/><TextEquiv><Unicode/></TextEquiv><TextEquiv index="1"><Unicode>Vel mecum vitæ repetiſſes lumina, velme</Unicode></TextEquiv></TextLine><TextLine id="l13"><Coords points="575,501 575,471 193,473 125,473 94,471 94,503 352,503"/><TextEquiv><Unicode/></TextEquiv><TextEquiv index="1"><Unicode>Obrueret Stygio mors violenta Iacu.</Unicode></TextEquiv></TextLine><TextLine id="l14"><Coords points="579,502 353,503 243,506 60,505 60,535 579,535"/><TextEquiv><Unicode/></TextEquiv><TextEquiv index="1"><Unicode>Sed citharæ ſi nil prodeſſent fila canoræ,</Unicode></TextEquiv></TextLine><TextLine id="l15"><Coords points="525,568 525,536 333,538 93,537 93,568 125,570 395,570"/><TextEquiv><Unicode/></TextEquiv><TextEquiv index="1"><Unicode>Mouiſſem fletu numina dura pio.</Unicode></TextEquiv></TextLine><TextLine id="l16"><Coords points="680,569 671,567 580,567 540,569 395,571 125,571 102,569 42,569 36,567 29,567 29,604 46,600 111,600 141,601 151,603 220,604 405,604 485,602 625,602 639,604 680,604"/><TextEquiv><Unicode/></TextEquiv><TextEquiv index="1"><Unicode>Vidiſſent vmbræ tenues, regemq; ſuperbum</Unicode></TextEquiv></TextLine><TextLine id="l17"><Coords points="480,635 586,635 586,603 485,603 405,605 289,604 220,605 93,603 93,636 97,637 461,637"/><TextEquiv><Unicode/></TextEquiv><TextEquiv index="1"><Unicode>Tiſiphonemq; malis illacrimare meis.</Unicode></TextEquiv></TextLine><TextLine id="l18"><Coords points="629,637 462,637 320,639 61,637 61,669 629,669"/><TextEquiv><Unicode/></TextEquiv><TextEquiv index="1"><Unicode>Sic licet ille fero crudelior angue Tyrannus,</Unicode></TextEquiv></TextLine><TextLine id="l19"><Coords points="637,702 637,670 157,673 95,671 95,703 484,703 502,701 631,703"/><TextEquiv><Unicode/></TextEquiv><TextEquiv index="1"><Unicode>Non vacuum blandi pectus amoris habet.</Unicode></TextEquiv></TextLine><TextLine id="l20"><Coords points="712,702 631,704 502,702 484,704 405,706 134,706 71,705 66,703 60,703 60,738 712,738"/><TextEquiv><Unicode/></TextEquiv><TextEquiv index="1"><Unicode>Ipſum etiam, qui cuncta domat, Cythereius ales.</Unicode></TextEquiv></TextLine><TextLine id="l21"><Coords points="572,742 553,741 545,739 94,739 94,770 98,771 572,771"/><TextEquiv><Unicode/></TextEquiv><TextEquiv index="1"><Unicode>Vicit, &amp; inuito lenia corda dedit;</Unicode></TextEquiv></TextLine><TextLine id="l22"><Coords points="685,767 586,767 582,770 574,772 512,771 371,772 318,774 131,773 60,769 60,804 169,804 266,806 489,806 520,804 630,804 633,806 685,806"/><TextEquiv><Unicode/></TextEquiv><TextEquiv index="1"><Unicode>Tempore quo magnæ Cereris puleherrima nata</Unicode></TextEquiv></TextLine><TextLine id="l23"><Coords points="576,837 576,806 96,806 96,836 102,837 546,838"/><TextEquiv><Unicode/></TextEquiv><TextEquiv index="1"><Unicode>Ad nigras Erebi candida venaquas.</Unicode></TextEquiv></TextLine><TextLine id="l24"><Coords points="652,837 443,840 120,839 101,837 61,837 61,869 73,870 652,871"/><TextEquiv><Unicode/></TextEquiv><TextEquiv index="1"><Unicode>Illa quidem caris Nymphis comitata legebat</Unicode></TextEquiv></TextLine><TextLine id="l25"><Coords points="584,873 97,872 97,904 584,904"/><TextEquiv><Unicode/></TextEquiv><TextEquiv index="1"><Unicode>Purpureos flores ſaltibus, Enna, tuis,</Unicode></TextEquiv></TextLine><TextLine id="l26"><Coords points="620,907 615,906 432,905 163,906 62,904 62,935 92,935 116,937 620,937"/><TextEquiv><Unicode/></TextEquiv><TextEquiv index="1"><Unicode>Iamq; parans in lucidulo ſe fonte lauare</Unicode></TextEquiv></TextLine><TextLine id="l27"><Coords points="598,941 593,940 95,939 95,970 598,972"/><TextEquiv><Unicode/></TextEquiv><TextEquiv index="1"><Unicode>Traxerat e niueo mollia vincia pede</Unicode></TextEquiv></TextLine><TextLine id="l28"><Coords points="824,971 657,971 651,973 62,971 62,1004 191,1003 309,1005 824,1005"/><TextEquiv><Unicode/></TextEquiv><TextEquiv index="1"><Unicode>Cum pauidam, &amp; matrem queribundâ voce vocantem.</Unicode></TextEquiv></TextLine><TextLine id="l29"><Coords points="635,1009 620,1007 99,1005 99,1037 354,1039 635,1039"/><TextEquiv><Unicode/></TextEquiv><TextEquiv index="1"><Unicode>Abſtulit infernis luridus Orcus equis;</Unicode></TextEquiv></TextLine><TextLine id="l30"><Coords points="652,1039 63,1039 63,1068 116,1070 652,1070"/><TextEquiv><Unicode/></TextEquiv><TextEquiv index="1"><Unicode>Nec veritus natam louis eſt violare ſupremi:</Unicode></TextEquiv></TextLine><TextLine id="l31"><Coords points="97,1071 97,1105 640,1105 640,1071"/><TextEquiv><Unicode/></TextEquiv><TextEquiv index="1"><Unicode>Tantum foma poteſt, &amp; v olentus amor.</Unicode></TextEquiv></TextLine><TextLine id="l32"><Coords points="64,1105 64,1137 699,1137 699,1105"/><TextEquiv><Unicode/></TextEquiv><TextEquiv index="1"><Unicode>Cur igitur caram mihi non donaret Hyellam?</Unicode></TextEquiv></TextLine><TextLine id="l33"><Coords points="97,1139 97,1165 650,1165 650,1139"/><TextEquiv><Unicode/></TextEquiv><TextEquiv index="1"><Unicode>Cur laciimis flecti nollet amantis amans?</Unicode></TextEquiv></TextLine><TextLine id="l34"><Coords points="65,1171 65,1202 637,1202 637,1171"/><TextEquiv><Unicode/></TextEquiv><TextEquiv index="1"><Unicode>O qui pallentes Erebi me ducat ad vmbras,</Unicode></TextEquiv></TextLine><TextLine id="l35"><Coords points="577,1205 420,1204 216,1205 169,1203 97,1203 97,1234 101,1235 577,1236"/><TextEquiv><Unicode/></TextEquiv><TextEquiv index="1"><Unicode>Et genibus ſiſtat me pater Orce tuis</Unicode></TextEquiv></TextLine><TextLine id="l36"><Coords points="639,1236 598,1236 567,1238 232,1238 199,1236 50,1236 50,1267 639,1267"/><TextEquiv><Unicode/></TextEquiv><TextEquiv index="1"><Unicode>quales tibi manarent mea lumina fletus</Unicode></TextEquiv></TextLine><TextLine id="l37"><Coords points="773,1276 773,1301 853,1301 853,1276"/><TextEquiv><Unicode/></TextEquiv><TextEquiv index="1"><Unicode>Fu n-</Unicode></TextEquiv></TextLine><TextEquiv><Unicode/></TextEquiv></TextRegion></Page></PcGts>