877 1352
283 63 597 89 M.ATONII
51 72 105 92 Io;0
55 104 591 139 Magne pater, tali fortunatiſſime alumn
93 138 499 166 Tu viridi ſeruas oſſa beata ſinu,
58 171 639 204 At miſera ante diem crudeli funere rapta
94 206 577 233 Iuit ad infernas non reditura domos.
59 236 654 272 O mihi Threiciam citharam ſi Muſa dediſſet,
91 272 586 306 Quæ potuit ſiluas ducere montiuaga,
57 306 666 339 Per tenebras Orei, per pallidaiegna ſilentum
92 339 576 374 Quæſiſſem manes, cara puella, tuos;
62 372 627 406 Nec me tergemino terrered Cerberus ore
76 405 644 439 Nec toruæ anguineis crinibus Eumenides.
61 438 608 470 Vel mecum vitæ repetiſſes lumina, velme
94 471 575 503 Obrueret Stygio mors violenta Iacu.
60 502 579 535 Sed citharæ ſi nil prodeſſent fila canoræ,
93 536 525 570 Mouiſſem fletu numina dura pio.
29 567 680 604 Vidiſſent vmbræ tenues, regemq; ſuperbum
93 603 586 637 Tiſiphonemq; malis illacrimare meis.
61 637 629 669 Sic licet ille fero crudelior angue Tyrannus,
95 670 637 703 Non vacuum blandi pectus amoris habet.
60 702 712 738 Ipſum etiam, qui cuncta domat, Cythereius ales.
94 739 572 771 Vicit, & inuito lenia corda dedit;
60 767 685 806 Tempore quo magnæ Cereris puleherrima nata
96 806 576 838 Ad nigras Erebi candida venaquas.
61 837 652 871 Illa quidem caris Nymphis comitata legebat
97 872 584 904 Purpureos flores ſaltibus, Enna, tuis,
62 904 620 937 Iamq; parans in lucidulo ſe fonte lauare
95 939 598 972 Traxerat e niueo mollia vincia pede
62 971 824 1005 Cum pauidam, & matrem queribundâ voce vocantem.
99 1005 635 1039 Abſtulit infernis luridus Orcus equis;
63 1039 652 1070 Nec veritus natam louis eſt violare ſupremi:
97 1071 640 1105 Tantum foma poteſt, & v olentus amor.
64 1105 699 1137 Cur igitur caram mihi non donaret Hyellam?
97 1139 650 1165 Cur laciimis flecti nollet amantis amans?
65 1171 637 1202 O qui pallentes Erebi me ducat ad vmbras,
97 1203 577 1236 Et genibus ſiſtat me pater Orce tuis
50 1236 639 1267 quales tibi manarent mea lumina fletus
773 1276 853 1301 Fu n-
