960 1366
324 43 597 70 FLAMINII.
101 87 651 122 Funderet d quantas lingua diſerta precesl
66 120 687 155 Me cert facerent pietasq; dolorq; diſertum i
76 154 597 183 Verba miniſtraret dulcia dulcis Amor.
66 186 710 227 Quid loquor infelix? nulla eſt reuocabilis arteA
102 219 610 251 Cum ſemel extincto lumine vita fugit.
68 252 706 289 Non reuocat Syringa ſuam Pan magnus ad auras,
104 287 632 320 Non Phbus reuocat te Cypariſſe, tuus.
69 319 654 359 Ipſe foret quamuis Cybele gratiſſimus Attis,
105 354 656 392 Liquerat infernas non tamen Attis aquas.
70 387 598 425 Ah quoties nato mater Berecyntia dixit,
106 419 638 458 Per lao, quod dederunt vbera noſtra tibi,
70 453 619 490 Perq; vteri tolerata decem faſtidia menes,
104 488 680 523 Redde oro puerum, Dis, mihi care meum
72 521 647 557 Non ego, felices Superûm translatus in oras
92 556 536 590 Tithoni viuat ſecula longa, peto.
70 588 652 628 Auroræ liceat carum ſetuare maritum
105 621 589 657 qualemq; Deis reddre cœlitibus:
70 655 633 690 At mihi cum paucos Attis ſeruiuerit annos,
107 688 611 715 Ad tenebras redeat flebilis vmbra tuas.
72 721 721 756 Nunc pia templa colens Diuis opretur, & omnes
105 755 575 790 Per populos ritus, & mea ſacra ferat.
15 789 715 824 Dulcia purpureæ nunc carpat dona iuuentæ,
107 822 648 849 Nunedecoret ſiluas candida forma moas.
70 854 713 890 An magnum eſt, animam ſi de tot millibus vnam
106 889 588 923 Des matr, vitam quæ dedit ipſa tibi?
73 921 668 957 Sic lacrimans ait: ille ſuis immanior vmbris,
104 958 552 989 Maternas durâ reſpuit aure preces.
70 988 654 1022 Vix licuit miſeræ manes deſcendere ad imos,
105 1021 599 1058 Atque vmbræ dulci baſia vana dare.
70 1054 570 1085 Crudelis Pluto, nimium crudelia fata,
107 1084 661 1124 Quæ vitæ nullas, heu, poſuere moras
72 1120 709 1156 Cum ſiluam glacialis hyems ſpoliauit honore
105 1154 558 1182 Vere nouo ſiluæ læta iuuenta redit
70 1185 646 1217 Occidit Oceani cum Sol demerſus in vndas,
103 1221 592 1257 Naſcitur adducto pulchrior ille die.
765 1250 862 1274 At no-
