881 1354
275 37 589 67 M.ANTONII
56 79 581 115 At nobis nec læta ſuo cum vere iuuentà,
92 114 557 154 Nec merſa immiti funere vita redit.
56 147 567 183 Vltima cum Parcæ legerunt fila ſeueræ,
89 181 576 221 Vrget perpetuus lumina clauſa ſopor.
58 210 692 255 Quem tamen æterno celebrarint carmine Muſæ,
89 248 539 286 Ille vel inuitâ morte ſuperſtes erit.
57 280 593 318 Sic viuis, viuesq; æternum pulcher Alexi,
91 317 550 349 Et tu cum Gallo nota, Lycori, tuo.
54 379 792 417 PAN, nemorum decus, & Satyri, Nymphæq; decentes,
91 417 643 455 Quæ blando agreſtes vritis igne Deos
58 447 610 485 Si formoſa pie coluit vos ſemper Hyella,
91 480 615 515 Si mea vos ſemper dulcis auena canit;
54 512 763 550 os facite, vt longum viuant mea carmina in æuum,
90 545 623 579 Et cum carminibus candida Hyella meis.
54 610 671 649 HASlacrimas, atque hæc imo ſuſpiria corde
90 646 661 686 Tracta gemens, libo candida Hyella tibi.
54 678 734 715 Hæc tibi nunc, mox vitam ipſam libabo, animamq;
91 713 585 756 Cumq; tuis miſcebo oſſibus oſſa mea.
55 747 655 790 Quosq; maritali non iunxit tædâ Hymenæus,
87 781 577 819 Funereâ iunget Mors violenta face.
55 812 655 857 Qud ſi nupta meum conſcendit Niſa cubile;
94 847 745 885 Non tamen vnquam animum ceperat illa meum;
55 883 543 922 Sed mea me pietas patri parëre coëgit
88 915 560 955 Impia; me durus perdidit ipſe pater.
56 946 647 983 Si fallo, haud ambo terrâ tumulemur in vna,
88 982 589 1015 Nec tuaſit felix manibus vmbra meis.
55 1047 673 1086 CVR, ah cur vllo placui tibi tempore? mortis
92 1086 566 1118 Si mea vita tibi cauſa futurus eram
55 1115 660 1153 Cur me tam pulchrum cari genuere parentes?
89 1148 604 1181 Cur calamos dono Pan dedit ipſe ſuos?
52 1181 623 1223 Queis ego formoſas poſſem mollire puellas
88 1215 593 1250 Cantando, & duris lenia corda dare
755 1240 833 1284 Qld
