966 1357
282 38 585 70 FLAMINII.
53 82 752 123 Quid formam queror, aut calamos nocuiſſe canoros?
87 120 487 156 Perfidiâ periit cara puella meâ.
33 151 657 187 Ahne meis potui thalamis admitttere Niſam?
87 186 641 222 Vimne preces duri tantam habuere patris?
53 219 665 255 Fug ſſem durumq; patrem, patriamq;; priusq;
34 254 733 289 Fudiſſem multo ſanguine dulcem animam.
56 286 733 328 Sed fundam, pœnasq; dabo tibi, candida Hyella;
91 320 529 354 O cari manes, precor eſte boni:
58 351 660 392 Vos puerum veſtrâ linqentem lumina cauſs
92 388 559 422 Optatum læti ſuſcipite in gremium.
57 420 634 455 Et qui me nimio ſponſum cupiiſtis amore
94 454 572 489 Iungite nunc dulcis gaudia coniugii.
58 486 639 522 Sancta veni, noſtrisq; faue Proſerpina tædis,
91 522 670 556 Fauſtaq; purpureus carmina cantet Hymen,
53 555 676 590 Quiq; olim validâ coniunxit vtrumque catenâ,
92 588 554 622 Viuat in Elyſiâ valle perennis amor.
34 652 691 692 PANpater, & veneranda Pales, Fauniq; valete,
92 688 651 723 Tuq; mihi quondam care Taburne vale;
58 722 618 754 Vos mihi vos miſero ſiluæ placuiſtis opacæ,
93 755 670 788 Dum niueum in vobis pauit Hyella gregem,
34 788 663 828 Et mecum tenerâ furtim ludebat in herbâ
93 822 624 857 Ludere cum magno digna puella Ioue.
58 855 635 888 Tunc mihi purpureo fulſerunt lumine ſoles,
93 889 628 915 Tunc fuit heu nimium candida vita mea.
56 921 727 952 Nunc nemora, & fontes, & cœli lumen, & vmbræ;
91 955 588 989 Nunc ingrata meis omnia ſunt oculis.
34 989 719 1027 Mors mihi ſola placet: mors o dulciſſima rerum
34 1022 661 1062 Huc ades, & vitam, mors bona, redde mihi.
34 1055 674 1095 Illa meam vitam rupes habet, illa ſepulcro
33 1091 513 1123 Seruat delicias terra beata meas.
33 1121 599 1158 Paſtores, illâ dominæ me iungite in vrnâ,
34 1156 569 1190 Taliaq; inſcriptis addite verba notis:
33 1186 682 1222 Formoſam tuus ardor Iola abſumpſit Hyellam;
87 1222 548 1259 Te miſerum letho perdidit illa ſuo.
775 1257 845 1283 IN-
