872 1352
285 39 597 76 M.ANTONII
1 90 727 131 INGRATESol ortum quid approperas tuum
63 127 546 164 Quo lux mihi, ſ luce non datur frui?
59 160 597 196 Redisne, grex vt redeat in ſiluam mem?
60 194 550 229 At hunc Hyellæ mors acerba perdidit.
60 225 617 263 Redis, magis, magisq; tabeſcam vt miſer?
60 261 554 296 Et te fatigem queſtibus ſemper nonis,
61 295 614 329 Dominæ reuiſens puluerem ſacrum meæ?
59 329 510 365 An tu quadrigas aureas tuas refers,
58 361 614 397 t luminibus aliquam afferas lucem meis?
96 395 554 427 At illa lacrimis, tenebrisq; horridis
60 428 528 457 Aſſueta lucem odere; nec radiis tuis
60 459 616 491 IHmbres ſuos ficcari amant, quibus genas
58 492 571 529 Rigant, & ora amoris vſta incendio.
60 525 540 561 Sed fulgeas licebit, & radiantibus
60 556 638 592 Terras, maia, cœlumq; luſtres ignibus;
59 591 621 621 Tamen omnia tenebris inhorreſcunt mihi
60 625 640 662 Ex quo meus Sol mihi ſuam lucem abſtulit,
59 659 525 696 Deisq; manibus occidens eam tulit.
60 727 686 760 FORMOSA myrte, roſido imminens antro;
60 760 655 795 Antrum, loquaci ſuaue murmurans fonte
58 793 564 829 Fons care, fletu facte amare de noſtro:
62 828 541 863 O quàm beate viximus, quoad vixit
60 861 547 896 Hyella veſtra, quoad puella formoſo
59 895 493 930 Mecum iacere iſtâ ſolebat in ripâ.
61 927 560 956 Hic illa cum meo in ſinurecumbebat
62 961 556 996 Mihiq; in aurem ludibunda cantabat.
60 994 642 1023 Tunc, tunc beatam viximus Deum vita,
61 1028 531 1061 Tunc inuidebat ipſe Iuppiter nobis.
62 1060 608 1098 Nunc quis miſerior Solis adſpicit lucem?
61 1094 590 1131 Quem ſæuiore Tartarus premit pœna ?
62 1127 573 1160 Sen veſtit alma luce Sol agros, ſeu nox.
61 1162 539 1195 Placida rigat gratis ſoporibus terras;
63 1194 667 1227 Numquam remittit anxius dolor, numquam
62 1227 506 1262 Meos ocellos reereat quies dulcis.
745 1256 870 1297 vepin-
