972 1361
320 65 585 91 FLAMINII.
57 106 609 144 Vt pinguem oliuam lentus ignis abſumit;
58 142 596 173 Sic cor miſellum eſt cura ſæua, mœrorq;.
59 175 579 213 Quo dulcis abiit hei mihi decor vultus?
58 209 551 245 Qup niueus ille purpurâ olor pictus?
58 243 531 278 Hyella quem ſuo anteire iurabat.
59 275 603 310 Iam lacrim exangues genas peredëre,.
61 310 498 345 Modis & ora pallor inficit miris;
48 343 530 377 Et illa pulchrior hyacinthino flore
61 372 672 412 meulta, ſquallens, hiſpidula coma horreſit
61 408 582 441 Miſer, ah miſer Iola tamen mori ceſſas?
62 443 582 476 Vitæ, ac dolori pone iam miſer finem
47 476 533 512 Et illa viſe regna, quæ colunt ſancti
62 512 452 544 Manes, vbi beata degitur vita,
62 543 570 578 Sub arborum ſemper virentium ramis,
62 578 553 613 Queis inſuſurrat dulce frigerans aura,
64 610 609 647 Quam Tethios circumfluæ parit lympha;
61 644 539 679 At ipſa paſſſm lucidos parit flores,
63 678 558 713 Quos lacte puro candidi educant riui.
62 712 524 747 Ilic puellæ dulcibus iocis noctem
48 745 567 781 Diemq;, cum ſuis amantibus ducunt,
48 779 555 813 Croceis amictæ carbaſis, pedes nudæ
63 814 512 846 Omnesq; ramis myrteis coronatæ.
63 845 554 879 Semper choreis, cantibusq; iucundis,
56 879 584 913 Semper cachinnis tinnulis ſonant ſiluæ.
64 912 622 947 Has nec proteruus Auſter imbribus fœtus,
63 946 617 978 Nec cana nix, nec æftus impotens tangit:
65 979 527 1012 Sed Ver beatas ſemper incolit ſedes
48 1011 620 1053 Blauas corellis mollibus comas cinctum,
48 1044 549 1080 Lætosq; Florà cum fuâ choros ducit,
65 1076 621 1114 Ningens roſarum ſuaue olentibus nims.
64 1112 510 1146 Huc te vocat puella maximis votis
64 1145 564 1181 Tuasq; lentas increpat moras ſæpe
48 1179 519 1214 Valete ſiluæ; tuq; fons mihi care
48 1208 653 1247 Vale; vale antrum; myrte floridula ſalue
64 1247 497 1280 Moritur Iolas ille notus in luis,
780 1271 857 1299 Ped
