873 1353
292 50 602 83 M.ANTONII
1 43 112 77 Io;
55 91 529 126 Peritus ore, fſtulaq; cantare;
52 124 568 158 Moritut; ſuoq; vos cruore reſpergit,
56 159 511 192 Qui lacteo vos ante rore ſpargebat,
54 192 525 224 Qui vos amœnis floribus coronabat
51 224 627 259 Docens Hyellam vos ſonare formoſam.
53 259 424 291 At tu puella luce carior cara,
53 291 611 325 Quà mortuà miſero mihi mori eſt dulce,
49 325 514 357 Ades; tuisq; manibus meos manes
51 359 580 392 Amoreiunge, Hyella candida, æterno.
52 424 763 469 HOScalamos, Pan ſiluipotens, tibi pulcher Iolas,
84 459 559 491 Sæpe quibus cecinit dulcia furta tua,
48 490 648 523 Dum Cytherea potens, & cara ſinebat Hyella,
81 524 563 557 Quæ poſtquam dira tabe pereſa iacet,
46 557 590 589 Pro dulci Musâ, pro carminibus iucundis,
80 590 643 624 Flebilibus complet vocibus ille nemus,
46 624 654 657 Et dominam cupiens imas inuiſere ad vmbras,
82 658 625 690 Non ſomnos oculis, non capit ore cibum.
49 691 593 724 At tu fortunam pueri miſeratus acerbam,
80 725 545 757 ternos pietas ſi mouet vlla Deos,
46 758 658 789 Aut miſero tantos aufer, bone Diue, dolores,
81 791 587 825 Aut illum ſiluas transfer in Elyſias.
47 825 665 858 Sed potius longum viuat formoſus in æuum;
81 858 571 892 Et cantet laudes, ſemper Hyella, tuas.
45 892 633 926 Dignior haud vllus talem celebrare puellam,
80 926 564 957 Vlla nec eſt tali dignior ore cani.
46 991 659 1022 HANClaurum, formoſa, tibi formoſus Iolas
78 1026 685 1060 Seuit, & hanc madidis irrigat vſque genis.
45 1059 680 1092 Seu tenebras Veſper, ſeu lucem portat Eous,
79 1094 655 1127 Et laurum lacrimis irrigat, & tumulum.
42 1127 669 1158 Hinc tumulus violas, & laurus protulit vmbras,
76 1159 674 1192 Vmbræ iiſdem creſcunt, & violæ lacrimis.
43 1190 680 1225 Cumq; vmbris, violisq; amor infelicis Iolæ
78 1224 603 1258 Creſcit, cumq; ipſo creſcit amore dolor.
775 1265 825 1293 Hie
