<?xml version="1.0" encoding="UTF-8" standalone="no"?><PcGts xmlns="http://schema.primaresearch.org/PAGE/gts/pagecontent/2019-07-15" xmlns:xsi="http://www.w3.org/2001/XMLSchema-instance" xsi:schemaLocation="http://schema.primaresearch.org/PAGE/gts/pagecontent/2019-07-15 http://schema.primaresearch.org/PAGE/gts/pagecontent/2019-07-15/pagecontent.xsd"><Metadata><Creator/><Created>2022-04-12T16:04:25</Created><LastChange>1970-01-01T00:00:00</LastChange><Comments/></Metadata><Page imageFilename="1108.png" imageHeight="1353" imageWidth="873"><TextRegion id="r1" orientation="0.0" type="paragraph"><Coords points="1,1 871,1 871,1351 1,1351"/><TextLine id="l1"><Coords points="292,50 292,83 602,83 602,50"/><TextEquiv><Unicode/></TextEquiv><TextEquiv index="1"><Unicode>M.ANTONII</Unicode></TextEquiv></TextLine><TextLine id="l2"><Coords points="529,122 529,98 522,94 490,93 488,91 55,91 56,122 213,125 346,124 424,126 518,126"/><TextEquiv><Unicode/></TextEquiv><TextEquiv index="1"><Unicode>Peritus ore, fſtulaq; cantare;</Unicode></TextEquiv></TextLine><TextLine id="l3"><Coords points="568,124 527,124 518,127 52,124 52,155 55,156 130,156 188,158 568,158"/><TextEquiv><Unicode/></TextEquiv><TextEquiv index="1"><Unicode>Moritut; ſuoq; vos cruore reſpergit,</Unicode></TextEquiv></TextLine><TextLine id="l4"><Coords points="56,159 56,192 511,192 511,159"/><TextEquiv><Unicode/></TextEquiv><TextEquiv index="1"><Unicode>Qui lacteo vos ante rore ſpargebat,</Unicode></TextEquiv></TextLine><TextLine id="l5"><Coords points="54,192 54,224 525,224 525,192"/><TextEquiv><Unicode/></TextEquiv><TextEquiv index="1"><Unicode>Qui vos amœnis floribus coronabat</Unicode></TextEquiv></TextLine><TextLine id="l6"><Coords points="627,224 581,224 565,226 252,226 220,224 51,224 51,256 323,259 627,259"/><TextEquiv><Unicode/></TextEquiv><TextEquiv index="1"><Unicode>Docens Hyellam vos ſonare formoſam.</Unicode></TextEquiv></TextLine><TextLine id="l7"><Coords points="424,260 53,259 53,289 115,291 424,291"/><TextEquiv><Unicode/></TextEquiv><TextEquiv index="1"><Unicode>At tu puella luce carior cara,</Unicode></TextEquiv></TextLine><TextLine id="l8"><Coords points="611,291 481,291 474,293 448,294 280,293 222,291 53,291 53,324 611,325"/><TextEquiv><Unicode/></TextEquiv><TextEquiv index="1"><Unicode>Quà mortuà miſero mihi mori eſt dulce,</Unicode></TextEquiv></TextLine><TextLine id="l9"><Coords points="514,327 49,325 49,357 514,357"/><TextEquiv><Unicode/></TextEquiv><TextEquiv index="1"><Unicode>Ades; tuisq; manibus meos manes</Unicode></TextEquiv></TextLine><TextLine id="l10"><Coords points="51,359 51,392 580,392 580,359"/><TextEquiv><Unicode/></TextEquiv><TextEquiv index="1"><Unicode>Amoreiunge, Hyella candida, æterno.</Unicode></TextEquiv></TextLine><TextLine id="l11"><Coords points="763,428 754,427 750,424 52,424 52,457 177,459 604,459 614,461 622,467 763,469"/><TextEquiv><Unicode/></TextEquiv><TextEquiv index="1"><Unicode>HOScalamos, Pan ſiluipotens, tibi pulcher Iolas,</Unicode></TextEquiv></TextLine><TextLine id="l12"><Coords points="559,490 559,460 84,459 84,490 319,491"/><TextEquiv><Unicode/></TextEquiv><TextEquiv index="1"><Unicode>Sæpe quibus cecinit dulcia furta tua,</Unicode></TextEquiv></TextLine><TextLine id="l13"><Coords points="648,490 319,492 147,492 48,490 48,523 648,523"/><TextEquiv><Unicode/></TextEquiv><TextEquiv index="1"><Unicode>Dum Cytherea potens, &amp; cara ſinebat Hyella,</Unicode></TextEquiv></TextLine><TextLine id="l14"><Coords points="563,524 81,524 81,557 563,557"/><TextEquiv><Unicode/></TextEquiv><TextEquiv index="1"><Unicode>Quæ poſtquam dira tabe pereſa iacet,</Unicode></TextEquiv></TextLine><TextLine id="l15"><Coords points="590,558 46,557 46,589 590,589"/><TextEquiv><Unicode/></TextEquiv><TextEquiv index="1"><Unicode>Pro dulci Musâ, pro carminibus iucundis,</Unicode></TextEquiv></TextLine><TextLine id="l16"><Coords points="80,590 80,624 643,624 643,590"/><TextEquiv><Unicode/></TextEquiv><TextEquiv index="1"><Unicode>Flebilibus complet vocibus ille nemus,</Unicode></TextEquiv></TextLine><TextLine id="l17"><Coords points="654,624 46,624 46,657 654,657"/><TextEquiv><Unicode/></TextEquiv><TextEquiv index="1"><Unicode>Et dominam cupiens imas inuiſere ad vmbras,</Unicode></TextEquiv></TextLine><TextLine id="l18"><Coords points="625,659 82,658 82,690 625,690"/><TextEquiv><Unicode/></TextEquiv><TextEquiv index="1"><Unicode>Non ſomnos oculis, non capit ore cibum.</Unicode></TextEquiv></TextLine><TextLine id="l19"><Coords points="593,692 99,691 49,692 49,724 593,724"/><TextEquiv><Unicode/></TextEquiv><TextEquiv index="1"><Unicode>At tu fortunam pueri miſeratus acerbam,</Unicode></TextEquiv></TextLine><TextLine id="l20"><Coords points="545,726 80,725 80,757 545,757"/><TextEquiv><Unicode/></TextEquiv><TextEquiv index="1"><Unicode>ternos pietas ſi mouet vlla Deos,</Unicode></TextEquiv></TextLine><TextLine id="l21"><Coords points="46,758 46,789 658,789 658,758"/><TextEquiv><Unicode/></TextEquiv><TextEquiv index="1"><Unicode>Aut miſero tantos aufer, bone Diue, dolores,</Unicode></TextEquiv></TextLine><TextLine id="l22"><Coords points="81,791 81,825 587,825 587,791"/><TextEquiv><Unicode/></TextEquiv><TextEquiv index="1"><Unicode>Aut illum ſiluas transfer in Elyſias.</Unicode></TextEquiv></TextLine><TextLine id="l23"><Coords points="47,825 47,858 665,858 665,825"/><TextEquiv><Unicode/></TextEquiv><TextEquiv index="1"><Unicode>Sed potius longum viuat formoſus in æuum;</Unicode></TextEquiv></TextLine><TextLine id="l24"><Coords points="81,858 81,892 571,892 571,858"/><TextEquiv><Unicode/></TextEquiv><TextEquiv index="1"><Unicode>Et cantet laudes, ſemper Hyella, tuas.</Unicode></TextEquiv></TextLine><TextLine id="l25"><Coords points="633,892 614,894 491,894 430,892 45,892 45,926 237,924 633,926"/><TextEquiv><Unicode/></TextEquiv><TextEquiv index="1"><Unicode>Dignior haud vllus talem celebrare puellam,</Unicode></TextEquiv></TextLine><TextLine id="l26"><Coords points="564,934 554,929 472,926 80,926 80,957 564,957"/><TextEquiv><Unicode/></TextEquiv><TextEquiv index="1"><Unicode>Vlla nec eſt tali dignior ore cani.</Unicode></TextEquiv></TextLine><TextLine id="l27"><Coords points="46,991 46,1022 659,1022 659,991"/><TextEquiv><Unicode/></TextEquiv><TextEquiv index="1"><Unicode>HANClaurum, formoſa, tibi formoſus Iolas</Unicode></TextEquiv></TextLine><TextLine id="l28"><Coords points="685,1056 685,1033 677,1028 453,1026 78,1027 78,1060 183,1058 368,1060 682,1060"/><TextEquiv><Unicode/></TextEquiv><TextEquiv index="1"><Unicode>Seuit, &amp; hanc madidis irrigat vſque genis.</Unicode></TextEquiv></TextLine><TextLine id="l29"><Coords points="680,1063 672,1064 658,1061 404,1060 368,1061 188,1059 45,1061 45,1092 680,1092"/><TextEquiv><Unicode/></TextEquiv><TextEquiv index="1"><Unicode>Seu tenebras Veſper, ſeu lucem portat Eous,</Unicode></TextEquiv></TextLine><TextLine id="l30"><Coords points="655,1099 640,1099 623,1096 558,1094 79,1094 79,1125 85,1126 283,1127 325,1125 655,1127"/><TextEquiv><Unicode/></TextEquiv><TextEquiv index="1"><Unicode>Et laurum lacrimis irrigat, &amp; tumulum.</Unicode></TextEquiv></TextLine><TextLine id="l31"><Coords points="669,1128 640,1129 570,1127 42,1127 42,1157 669,1158"/><TextEquiv><Unicode/></TextEquiv><TextEquiv index="1"><Unicode>Hinc tumulus violas, &amp; laurus protulit vmbras,</Unicode></TextEquiv></TextLine><TextLine id="l32"><Coords points="674,1163 437,1159 76,1159 76,1189 84,1190 219,1192 674,1192"/><TextEquiv><Unicode/></TextEquiv><TextEquiv index="1"><Unicode>Vmbræ iiſdem creſcunt, &amp; violæ lacrimis.</Unicode></TextEquiv></TextLine><TextLine id="l33"><Coords points="680,1194 420,1192 282,1194 43,1190 43,1222 109,1222 227,1225 680,1225"/><TextEquiv><Unicode/></TextEquiv><TextEquiv index="1"><Unicode>Cumq; vmbris, violisq; amor infelicis Iolæ</Unicode></TextEquiv></TextLine><TextLine id="l34"><Coords points="603,1227 394,1225 312,1227 170,1224 78,1224 78,1258 603,1258"/><TextEquiv><Unicode/></TextEquiv><TextEquiv index="1"><Unicode>Creſcit, cumq; ipſo creſcit amore dolor.</Unicode></TextEquiv></TextLine><TextLine id="l35"><Coords points="775,1265 775,1293 825,1293 825,1265"/><TextEquiv><Unicode/></TextEquiv><TextEquiv index="1"><Unicode>Hie</Unicode></TextEquiv></TextLine><TextEquiv><Unicode/></TextEquiv></TextRegion></Page></PcGts>