<PcGts xmlns="http://schema.primaresearch.org/PAGE/gts/pagecontent/2017-07-15" xmlns:xsi="http://www.w3.org/2001/XMLSchema-instance" xsi:schemaLocation="http://schema.primaresearch.org/PAGE/gts/pagecontent/2017-07-15 http://schema.primaresearch.org/PAGE/gts/pagecontent/2017-07-15/pagecontent.xsd"><Metadata><Creator>User123</Creator><Created>2020-04-25T21:20:17</Created><LastChange>2020-04-25T21:20:17</LastChange></Metadata><Page imageFilename="1109.png" imageHeight="1358" imageWidth="966"><TextRegion id="r0" type="paragraph"><Coords points="1,1 964,1 964,1356 1,1356"/><TextLine id="r0_l001"><Coords points="296,50 296,74 570,74 570,50"/><TextEquiv index="1"><Unicode>FLAMINII.</Unicode></TextEquiv></TextLine><TextLine id="r0_l002"><Coords points="771,57 771,86 829,86 829,57"/><TextEquiv index="1"><Unicode>Io</Unicode></TextEquiv></TextLine><TextLine id="r0_l003"><Coords points="752,92 25,92 25,128 171,128 383,125 752,128"/><TextEquiv index="1"><Unicode>Hic dolor, hen, miſerum letho dabit, hic bona Hyells</Unicode></TextEquiv></TextLine><TextLine id="r0_l004"><Coords points="309,159 574,159 574,127 383,126 93,129 93,161 197,161"/><TextEquiv index="1"><Unicode>Mox pueri apponet oſſibus oſſa tuis.</Unicode></TextEquiv></TextLine><TextLine id="r0_l005"><Coords points="631,159 309,160 198,161 159,163 96,163 59,161 59,195 141,195 220,193 606,193 614,195 631,195"/><TextEquiv index="1"><Unicode>Et quos felici conjunxit fœdere quondam;</Unicode></TextEquiv></TextLine><TextLine id="r0_l006"><Coords points="555,194 220,194 96,196 96,226 555,226"/><TextEquiv index="1"><Unicode>Nunc infelici funere iunget amor.</Unicode></TextEquiv></TextLine><TextLine id="r0_l007"><Coords points="61,259 61,290 509,290 509,259"/><TextEquiv index="1"><Unicode>HC, dulciſſime Turriane, luſi</Unicode></TextEquiv></TextLine><TextLine id="r0_l008"><Coords points="60,292 60,323 461,323 461,292"/><TextEquiv index="1"><Unicode>Molli carmine, nec laborioſo,</Unicode></TextEquiv></TextLine><TextLine id="r0_l009"><Coords points="56,326 56,360 543,360 543,326"/><TextEquiv index="1"><Unicode>Dum ver florida lætum agebat ætas,</Unicode></TextEquiv></TextLine><TextLine id="r0_l010"><Coords points="142,395 264,395 352,393 475,393 546,395 546,362 283,361 209,363 63,363 63,397 93,397"/><TextEquiv index="1"><Unicode>Quam iocus decet, ac Ieues cachinni.</Unicode></TextEquiv></TextLine><TextLine id="r0_l011"><Coords points="503,395 352,394 62,398 62,422 503,422"/><TextEquiv index="1"><Unicode>Nunc Muſas vocor ad ſeueriores,</Unicode></TextEquiv></TextLine><TextLine id="r0_l012"><Coords points="63,425 63,460 539,460 539,425"/><TextEquiv index="1"><Unicode>Nunc rerum iuuat explicare cauſſas;</Unicode></TextEquiv></TextLine><TextLine id="r0_l013"><Coords points="502,462 390,461 62,463 62,494 502,494"/><TextEquiv index="1"><Unicode>Et cœlum memorare, cælitesque,</Unicode></TextEquiv></TextLine><TextLine id="r0_l014"><Coords points="458,527 458,496 408,494 350,494 200,495 156,497 62,496 62,529 181,529"/><TextEquiv index="1"><Unicode>Et qui cælitibus præeſt beatis.</Unicode></TextEquiv></TextLine><TextLine id="r0_l015"><Coords points="475,528 182,529 113,531 63,530 63,561 475,561"/><TextEquiv index="1"><Unicode>Omolles elegi, lyræque dulces,</Unicode></TextEquiv></TextLine><TextLine id="r0_l016"><Coords points="459,594 459,562 330,561 282,563 75,562 64,563 64,595 385,595"/><TextEquiv index="1"><Unicode>O&amp; myrtea ſerta, fiſtulæque,</Unicode></TextEquiv></TextLine><TextLine id="r0_l017"><Coords points="519,595 184,596 158,598 74,597 48,595 1,596 1,627 6,628 239,629 320,627 423,627 470,629 519,629"/><TextEquiv index="1"><Unicode>Faunique, Dryadesque iam valete,</Unicode></TextEquiv></TextLine><TextLine id="r0_l018"><Coords points="489,630 423,628 323,628 125,631 65,630 65,662 489,662"/><TextEquiv index="1"><Unicode>Et cum frondiferis Hyella ſilvis.</Unicode></TextEquiv></TextLine><TextLine id="r0_l019"><Coords points="240,695 468,695 468,662 62,665 62,697 206,697"/><TextEquiv index="1"><Unicode>At tu progenies Iouis ſupremi,</Unicode></TextEquiv></TextLine><TextLine id="r0_l020"><Coords points="504,696 240,696 206,698 102,699 47,697 1,698 1,728 504,728"/><TextEquiv index="1"><Unicode>Patris deliciæ, Deûmque amores,</Unicode></TextEquiv></TextLine><TextLine id="r0_l021"><Coords points="550,730 371,729 138,732 54,731 54,762 60,763 430,762 469,764 550,764"/><TextEquiv index="1"><Unicode>Per quam magna canunt ſacri poetæ,</Unicode></TextEquiv></TextLine><TextLine id="r0_l022"><Coords points="417,763 63,764 63,795 417,795"/><TextEquiv index="1"><Unicode>Felix Vranie, mihi benigno</Unicode></TextEquiv></TextLine><TextLine id="r0_l023"><Coords points="507,795 61,799 61,829 507,829"/><TextEquiv index="1"><Unicode>Ades numine ſupplicemque tolle</Unicode></TextEquiv></TextLine><TextLine id="r0_l024"><Coords points="478,830 407,829 200,830 144,832 65,832 65,857 478,857"/><TextEquiv index="1"><Unicode>Me tuo rutilante curru ad aſtra.</Unicode></TextEquiv></TextLine><TextLine id="r0_l025"><Coords points="669,854 647,854 634,857 544,857 535,862 530,863 490,864 204,864 193,862 150,862 150,895 669,895"/><TextEquiv index="1"><Unicode>De liberalitate Alexandri Farneſii Card</Unicode></TextEquiv></TextLine><TextLine id="r0_l026"><Coords points="630,898 351,895 62,895 62,929 630,929"/><TextEquiv index="1"><Unicode>Dilectus Phœbo, &amp; Muſis, ſed pauper Iolas,</Unicode></TextEquiv></TextLine><TextLine id="r0_l027"><Coords points="338,962 599,963 599,931 98,930 99,964 268,964"/><TextEquiv index="1"><Unicode>Et ſemper domini paſcere ſuerus oues;</Unicode></TextEquiv></TextLine><TextLine id="r0_l028"><Coords points="641,965 638,964 338,963 268,965 99,965 65,963 1,963 1,997 40,997 75,995 295,997 641,997"/><TextEquiv index="1"><Unicode>Nunc diues pecoris, Farneſi munere factus;</Unicode></TextEquiv></TextLine><TextLine id="r0_l029"><Coords points="549,1030 549,998 96,997 96,1030 272,1031 360,1029 452,1029 532,1031"/><TextEquiv index="1"><Unicode>Factus &amp; illius munere diues agri:</Unicode></TextEquiv></TextLine><TextLine id="r0_l030"><Coords points="593,1029 532,1032 452,1030 360,1030 272,1032 119,1032 64,1029 1,1030 1,1063 593,1063"/><TextEquiv index="1"><Unicode>Diuino iuveni, meritis pro talibus, ipſam</Unicode></TextEquiv></TextLine><TextLine id="r0_l031"><Coords points="95,1064 95,1098 647,1098 647,1064"/><TextEquiv index="1"><Unicode>Et vocem, &amp; calamos, ingeniumque dicat.</Unicode></TextEquiv></TextLine><TextLine id="r0_l032"><Coords points="467,1099 244,1100 244,1129 467,1129"/><TextEquiv index="1"><Unicode>Ad Agellum ſuum</Unicode></TextEquiv></TextLine><TextLine id="r0_l033"><Coords points="600,1125 544,1124 535,1129 529,1130 387,1130 279,1132 194,1131 185,1129 177,1124 3,1124 3,1163 600,1163"/><TextEquiv index="1"><Unicode>Vmbriferæ platani, &amp; formoſæ cypariſſi,</Unicode></TextEquiv></TextLine><TextLine id="r0_l034"><Coords points="599,1166 265,1164 94,1166 94,1197 599,1197"/><TextEquiv index="1"><Unicode>Antraque muſcoſis roſida pumicibus,</Unicode></TextEquiv></TextLine><TextLine id="r0_l035"><Coords points="752,1194 667,1194 665,1196 657,1198 254,1197 191,1199 52,1198 38,1197 30,1194 1,1194 1,1232 232,1230 620,1230 682,1232 752,1232"/><TextEquiv index="1"><Unicode>Non mea vos Nymphas reſonare docebit auena</Unicode></TextEquiv></TextLine><TextLine id="r0_l036"><Coords points="94,1232 94,1266 638,1266 638,1232"/><TextEquiv index="1"><Unicode>Amplius; ad cantum me vocat alter amor.</Unicode></TextEquiv></TextLine><TextLine id="r0_l037"><Coords points="731,1261 731,1290 829,1290 829,1261"/><TextEquiv index="1"><Unicode>Farneſi</Unicode></TextEquiv></TextLine><TextLine id="r0_l038"><Coords points="934,1296 927,1295 927,1269 925,1265 917,1259 892,1259 892,1329 912,1329 921,1334 934,1334"/><TextEquiv index="1"><Unicode></Unicode></TextEquiv></TextLine><TextLine id="r0_l039"><Coords points="921,1335 912,1330 880,1331 880,1347 921,1347"/><TextEquiv index="1"><Unicode></Unicode></TextEquiv></TextLine></TextRegion></Page></PcGts>