966 1358
296 50 570 74 FLAMINII.
25 92 752 128 Hic dolor, hen, miſerum letho dabit, hic bona Hyells
93 126 574 161 Mox pueri apponet oſſibus oſſa tuis.
59 159 631 195 Et quos felici conjunxit fœdere quondam;
96 194 555 226 Nunc infelici funere iunget amor.
61 259 509 290 HC, dulciſſime Turriane, luſi
60 292 461 323 Molli carmine, nec laborioſo,
56 326 543 360 Dum ver florida lætum agebat ætas,
63 361 546 397 Quam iocus decet, ac Ieues cachinni.
62 394 503 422 Nunc Muſas vocor ad ſeueriores,
63 425 539 460 Nunc rerum iuuat explicare cauſſas;
62 461 502 494 Et cœlum memorare, cælitesque,
62 494 458 529 Et qui cælitibus præeſt beatis.
63 528 475 561 Omolles elegi, lyræque dulces,
64 561 459 595 O& myrtea ſerta, fiſtulæque,
49 595 519 629 Faunique, Dryadesque iam valete,
65 628 489 662 Et cum frondiferis Hyella ſilvis.
62 662 468 697 At tu progenies Iouis ſupremi,
49 696 504 728 Patris deliciæ, Deûmque amores,
54 729 550 764 Per quam magna canunt ſacri poetæ,
63 763 417 795 Felix Vranie, mihi benigno
61 795 507 829 Ades numine ſupplicemque tolle
65 829 478 857 Me tuo rutilante curru ad aſtra.
150 854 669 895 De liberalitate Alexandri Farneſii Card
62 895 630 929 Dilectus Phœbo, & Muſis, ſed pauper Iolas,
98 930 599 964 Et ſemper domini paſcere ſuerus oues;
49 963 641 997 Nunc diues pecoris, Farneſi munere factus;
96 997 549 1031 Factus & illius munere diues agri:
49 1029 593 1063 Diuino iuveni, meritis pro talibus, ipſam
95 1064 647 1098 Et vocem, & calamos, ingeniumque dicat.
244 1099 467 1129 Ad Agellum ſuum
49 1124 600 1163 Vmbriferæ platani, & formoſæ cypariſſi,
94 1164 599 1197 Antraque muſcoſis roſida pumicibus,
49 1194 752 1232 Non mea vos Nymphas reſonare docebit auena
94 1232 638 1266 Amplius; ad cantum me vocat alter amor.
731 1261 829 1290 Farneſi
