872 1353
274 35 598 75 M.ANTONII
47 42 101 66 t
45 75 749 114 Farneſi virtus mihi duleem in pectore flammam
79 114 635 148 Suſcitat, hunc ignem dulcis auena canet,
45 148 622 181 Vos nomen iuuenis diuini diſcite, laudes
80 181 656 214 Semper & illius, pulcheragelle, ſona.
205 237 552 268 Ad Alexandrum Farneiim.
40 274 741 313 FARNESI. nomenq; tuum, laudeſq; ſonablt
80 314 596 347 Hoc nemus, & culti vallis amœna ſoli;
8 345 696 382 Dum potero meminiſſe, tuo quod munere diues
78 381 518 420 Muſas, & Muſis ocia grata colo.
44 446 696 479 HAStibi odoratas Farneſi magne corollas,
79 479 614 511 Mittit ab Aonio candida Muſa iugo;
43 509 727 551 Qud carum Nymphis tua virtus ditat Iolam,
80 545 506 578 Reſtituens patrij dulcirura ſoli,
43 577 685 614 Hæc cape nunc, maiora dehinc habiturus, Iola;
77 612 603 648 Tu modo præſenti numine ſemper ades.
41 676 764 713 AVPERIES hominum fera petis, & ira Deorum
76 713 598 749 Excraciare malos nata, bonoſque fimul,
46 747 593 785 Quæte alias ſedes; nam te Farneius heros
80 780 604 815 Amplius in noſtrâ non ſinit eſſe domo.
43 813 694 847 Ecce venit properans pleno lætiſſima cornu
81 847 694 882 Copia, quem ſequitur dulcis & alma Quies,
48 881 663 911 Illa timere famem diram vetat; alteral mandat,
76 913 579 947 Vt Phœbo & Muſis ocia digna colam.
38 942 740 983 Magnus Alexander, magna hæc qui donat habere,
78 981 563 1013 Iure mihi magni numinis inſtar erit.
42 1045 713 1081 NE mea, Farneſi, properent ad carmina Nymphæ,
78 1084 555 1115 Neve meas curet Pan Tegeæus oues,
43 1115 630 1149 Si mea te præter cantabit fiſtula quemquam
74 1147 585 1182 Si mihi non magni numinis inftar etis.
39 1179 600 1212 Et merit, mihi ſotus enim facis ocia ſolus:
70 1212 564 1247 Triſtitiam longe pauperiemq; fugas.
726 1244 831 1272 Ad Dæ-
