958 1368
272 41 608 76 FLAMINII.
199 85 562 110 d Damianium.
52 117 529 148 VINVM tenue, aureum, ſuaue,
28 151 521 181 Iaſtar nectaris, & merum Deorum,
50 185 437 219 Vitæ præſidium meæ fugacis,
50 219 433 252 Cedant Pæonij tibi liquores,
52 252 467 287 Et quiequid remedi ſalubrioris
53 287 469 317 Oſtendit medicæ repertor artis.
47 319 478 346 Iacebant lateris dolore membra
55 352 454 382 Semimortua; febris æſtuabat
54 386 481 419 Vt fornacibus ignis, ipſe plantas
47 420 497 453 ethijlimina dura trans ferebam;
56 453 544 485 Cum tu languidulos fluens in artus
29 486 497 520 Cœleſtis liquor & leuas dolorem
55 520 500 552 Et vitam mihi reddis. ergo docte
29 554 518 588 Damiane tuum merum, tuamque
54 588 495 620 Vineam aureoli mei parentem
49 621 501 653 Dulci carmine concinam, recepta
57 654 501 689 Vita dum ſuperat mihi; & rogabo
52 686 476 721 Votis aſſiduis Deum quotannis,
59 720 500 755 Ne venti, pluuiæve, ſiccitſve
56 755 514 788 Aut vis grandinis, improbive fures
28 788 486 823 Lædunt aureoli mei parentem.
295 824 455 853 Ad Somnum.
29 848 726 890 HVCades O bone ſomne, veni dulciſfime Somne
91 889 603 926 Et mea furtiuâ luminaclaude manu.
49 922 743 957 Somne veni, en volutres tibi dulcia carmina dicunt,
92 955 596 992 Inuitat placido te vaga lympha ſono;
29 983 629 1028 Te violæ, telilia pulchra, tuumq; papaues,
91 1023 616 1055 Teque vocant plenis Creſſia vina cadis,
29 1055 709 1096 Nectamen ipſe venis: quid nam mitiſſime rerum
94 1088 608 1123 Iam ſurdum precibus te facit eſſe meis?
54 1117 696 1154 Non ego vel fœdo maculaui cimine vitam,
91 1155 599 1191 Vel populi mores, & malefacta ſequor.
50 1186 674 1224 Si neſcis, ego ſum Muurum, Somne, ſacerdos
94 1222 568 1257 Nutriit in tenero me gia Huſa ſinu,
753 1256 829 1282 Et ci-
