876 1356
267 49 584 76 M.ANTONII
45 61 106 83 I40
45 93 715 123 Et citharam dedit: hos dulces tibi condere verſs
81 128 666 162 Iam meditor. propere tu modo, Somne, veni,
46 162 638 195 Ni properas, lethi ſopor ingruit, & mea ſæuus
82 196 604 228 Lumina perpetuâ fundere nocte parat.
47 229 710 263 Ergo age, Somne, gradum celera, ne fama vagetut
84 263 538 295 Immeritum culpâ me periiſſe tuâ:
50 296 574 328 Nam ſi nulla meæ tangit te cura ſalutis;
82 329 503 364 At pareas famæ, ſi ſapis, ipſe tuæ.
49 395 476 428 IAM luculentâ Marce pecuni
101 427 562 461 Tumultuoſum per mare curſitans
116 461 545 496 Quam comparaſti, diſce tamdem
117 494 450 528 Diice precor ſapienter vti.
49 525 494 561 Nam congerendis divitiis modus
115 559 533 595 Hic eſſe debet, pauperiem vt tibi
117 594 496 628 Tuis que liberis repellens,
113 627 509 662 Lætus agas ſupereſt quod æui.
48 662 442 697 Ergo relictis nauibus & mari
115 695 471 727 Ad tuta ruris te refer ocia;
63 729 426 762 Inſanientis & procellæ
120 762 502 796 Dirum alii paueant furorem.
52 796 485 833 Quis non benignæ culta nitentis
95 827 513 863 Terræ minaci præferat Adriæ?
118 865 489 898 Quis candido gregi cateruas
117 883 601 931 Comparet horribiles natantum?
52 928 472 966 Quod ſi lucellum te eapit: & ſua
136 960 570 999 Sunt lucra gnauis agricolis, pecus
118 997 490 1031 Saltusque, & arua diligenti
116 1031 503 1058 Sunt domino bene fructuoſa,
50 1064 508 1098 Nam terra mater reddere diligit
118 1098 535 1132 Mago colenti ſemina fænore,
112 1132 452 1165 Ni tu recuſas illam aratro
117 1163 458 1197 Aſſiduisque iuuare raſtris.
52 1195 515 1229 Eſt hic agelluas, villaque collibus
109 1225 671 1261 Fundata amœnis, quam liquidi ambiunt
102 1261 556 1294 Fontes, & arcens vmbra opacd
666 1262 811 1293 Silua
