962 1367
292 64 585 91 F LAMIN.II.
144 109 571 136 Mente ſacrum venerare numen.
81 142 539 177 Ninc hauries veram & ſapientiam,
145 173 662 209 Verumque honorem, & diuitias; ferus
145 208 594 245 Quas nec tyrannus, nec ttemendi
145 242 506 277 Vis rapiat truculenta belli.
25 274 575 319 Quicquid bonorum cernitur vſpiam
145 306 678 343 Hoc fonte manat: quo ſine. quis, Iicet
144 342 550 376 Terraſque; cælitumque regna
143 376 519 408 Poſſideat, miſer vſque viuet.
302 421 540 445 De Iouiano Pontano.
78 453 620 491 Qui cecinit claro fulgentia lumina cœlo
115 488 528 516 Pontani doctis verſibus Vrania;
76 518 792 556 Phœbe tuis magnam lucem addidit ignibus, vtque-
110 554 649 582 Nunc melius niteant ſidera cuncta, facit.
305 599 507 624 De Iohanne Cott.
81 630 623 666 Sifas cuique ſui ſenſus expromere cordis,
112 667 631 699 Hoc equidem dicam, pace, Catulle, tua:
77 698 692 732 Eſt tua Muſa quidem dulciſſima; Muſa videtur
111 733 585 766 Ipſa tamen Cottæ dulcior eſſe mihi.
239 779 579 810 Ad Baſarem Caſtalionem.
80 811 699 845 Si truculenta ferox irrumpis in agmina Marte;
113 845 536 871 Diceris inuicto Caſtalione ſatus.
76 872 651 909 At molli citharâ ſi condis amabile carmen;
114 911 530 945 Caſtaliâ natus diceris eſſe Deâ.
332 948 486 980 Adeundem.
77 979 669 1007 Horrida terribilis cum tractas atma, Maronis
56 1012 569 1046 Caſtalione tui carmine digna facis.
6 1046 691 1080 Idem cum molli vacuus requieſcis in vmbrâ
113 1079 622 1112 Caſtaliæ, æterno digna Marone canis.
267 1115 618 1147 Ad Andr. Naugerium.
76 1147 625 1180 Naugeri, ne quis tibi certet neve laboret
108 1180 592 1214 Incaſſum, laudes æquiparare tuas;
75 1210 728 1247 Siue Epigramma facis iuncto pede; ſiue ſoluto
108 1246 702 1282 Deles agnanium unera acerba virum.
723 1277 847 1315 ua d en-
