865 1347
276 34 601 60 M.ANTONII
303 78 454 101 Ad eundem.
40 110 511 145 Quot Bruma ereat albicans pruinas,
41 144 536 180 Quot tellus Lephyro ſoluta flores,
40 177 487 212 Quot ſpicæ Libycis calent in agris,
42 211 494 245 Quot vindemia porrigit racemos,
42 244 532 279 Qt vaſtis mare fluctuat procellis,
42 278 558 311 Cum naſcens pluuias reportat hœdus,
42 312 533 345 Quot Ceraunia frondibus teguntur.
42 345 534 379 Quot cœlum facibus micat ſerenum;
42 378 485 413 Quot ſunt millia multa baſiorum
41 411 459 446 Quæ dari ſibi poſtulat Catullus,
42 444 445 478 Quotq; ſunt atomi Lucretianæ
38 476 559 509 Tot menſes, bone Nangeri, tot annos
40 508 436 539 Viuent aureoli tui libelli.
251 550 581 578 Ad Actium Sannaxarim.
40 595 579 635 Quantum Virgilio debebat ſilua Maroni,
74 629 558 666 Et paſtor, donec Muſa Maronis erit;
39 663 594 699 Tantum pene tibi debent piſcator & acta,
76 698 488 732 Acti, diuino proxime Virgilio.
269 740 562 774 Tumlus Auguſt. Niphi.
40 771 643 811 Qui docuit rerum Niphus cognoſcere cauſſas,
73 808 608 837 Non rerum oblitus, hoc iacet in tumulo;
39 841 612 875 Sed cœlo meliore ſui cum parte receptus.
74 875 625 910 Nunc gaudet melius diſcere quàm docuit.
310 910 507 939 Caſp. Contareno.
41 941 575 975 Contarene, tuo docuiſti magne libello.
76 975 555 1010 Extinctis animas viuere corporibus.
40 1008 586 1045 Ergo iure tui viuumtmonumenta laboris,
75 1042 517 1070 Et viuent ſaclis innumerabilibus.
256 1076 536 1106 Ad Maium Molſam.
40 1108 633 1139 Potera dum numeros dulces mirabitur ætas,
76 1141 596 1170 Siue Tibulle tuos, ſiue Perrarcha tuos:
40 1173 720 1208 Tu quoque, Molſa, pari ſemper celebrabere fam
75 1208 554 1241 Vel potius titulo duplice maior eris.
682 1242 835 1285 cqid
