941 1367
314 44 592 69 FLAMINII.
71 87 722 123 Quicquid enim laudis dedit inclita Muſa duobus
108 122 586 149 Vatibus; hoc vni donat habere tibi.
149 159 772 205 ToT
335 218 584 241 CASTORII
100 249 736 285 Syphilidis, ſiue morbi Ad Petrum embum.
212 286 645 317 LIBERPRIMVS.
57 322 711 393 Vcaſus rerum varij, quæ ſemina morbum
129 357 682 391 Inſuetum, nec longa vlli per ſæcula viſum
69 391 676 425 Attalerint: noſtra qui tempeſtate per omnem
68 424 689 457 Europam, partimque Aſiæ, Libiæque per vrbes
72 458 572 491 Sæniit: in Latium vero per triſtia bella
73 491 672 523 Gallorum irrupit, nomenqueà gente recepit:
68 522 727 559 Nec non & quæ cura, & opus, quid comperit vſus,
67 558 710 591 Magnaque in anguftis hominum ſollertia rebus,
56 591 705 618 Et monftrata Deum auxilia, & data munera cœli
68 622 684 658 Hinc canere, & longe ſecretas quærere cauſſas
56 658 671 692 Aëra per liquidum, & vaſti per ſidera Olympi.
67 692 603 725 Incipiam; dulci quando nouitatis amore
69 724 628 759 Correptum, placidi Naturæ ſuauibus horti
68 759 663 791 Floribus inuitant, & amantes mira Camenæ.
70 791 657 817 Bembe decus clarum Auſoniæ, ſi forte vacare
69 824 642 858 Conſultis Leo te à magnis pauliſper, & alta
66 858 676 892 Rerum mole ſinit, totum qua ſuſtinet orbem:
55 891 634 924 Et iuuat ad dulces paulum ſeced ere Muſas:
67 924 732 957 Ne noſtros contemne orſus, medicumq; laborem.
56 955 822 992 Quicquid id eſt: Deus hæc quondam dignatus Apollo et
56 992 692 1026 Et paruis quoque rebus ineſt ſua ſæpe voluptas.
67 1025 745 1059 Scilicet hac tenui rerum ſub imagine multum
56 1058 593 1092 Naturæ, fatique ſubeſt, & grandis origo.
56 1088 690 1125 Tu mihi, quæ rerum cauſſas, quæ ſidera noſcis,
56 1124 581 1157 Et cœli effectus varios, atque aëris oras,
56 1157 600 1192 Vranie, ſic dum puro ſpatiaris Olympo,
56 1188 580 1225 Metiriſq; vagi lucentes ætheris ignes,
56 1222 638 1260 Concentu tibi diuino citaſidera plaudant
725 1251 850 1288 Ipſa ade
