864 1336
239 17 566 44 HIERONYMI
28 21 91 47 N4 6
20 54 761 93 Ipſa cdes, & mecum placidas, Dea, lude per vmbras;
28 94 606 129 Dum tenues auræ, dum myrtea ſilua canenti
29 128 624 161 Adſpirat, reſonatque cauis Benacus ab antris.
28 160 595 193 Dic Dea, quæ cauſſæ nobis poſt ſæcula tanta
28 194 648 227 Inſolitam peperere luem? num tempore ab ills
27 227 661 260 Vecta mari occiduo noſtrum peruenit in orbem,
29 259 611 295 Ex quo lecta manus ſoluens delittore Ibero,
24 293 667 328 Auſa fretum tentare, vagique incognita ponti et
25 327 627 361 Lquora, & orbe alio poſitas perquirere terras?
24 361 594 395 Illic nanque ferunt æternâ labe per omnes
25 395 584 427 Id morbi regnare vrbes, paſſimque vagari
26 427 610 459 Perpetuo cœli vitio, atque ignoſcere paucis.
25 458 685 492 Commercine igitur cauſsâ acceſſiſſe putandum et
24 492 680 524 Delatam contagem ad nos, quæ parua ſub ipſis
22 525 545 558 Principiis, mox & vires & pabula ſenſim
17 558 579 592 Suſcipiens. ſeſe in terras diffuderit omnes?
22 592 588 626 Vt ſæpein ſtipulas cecidit cum fort fauilla
21 626 684 659 De face, neglectam paſtor quam liquit in aruo,
18 660 642 694 Illa quidem tenuis primum, ſimiliſque moranti
20 694 583 726 Incedit: mox, vt paulatim increuit eundo,
21 725 631 760 Tollitur, & victrix meſſemepopulatur & agros
19 759 725 793 Vicinumque nemus, flammaſq; ſubæthera iactat.
19 792 605 827 Dat ſonitum longe crepitans Iouis auia ſilua,
15 827 576 859 Et cœlum late circum, campique relucent.
17 860 573 892 Mt vero, ſi rite fidem obſeruata merentur.
17 891 646 925 Nonita cenſendum: nec certe credere par eſt
16 926 629 960 Eſſe peregrinam ndis, tranſq; æquora vectam
16 960 686 994 Contagem: quoniam mprimis oſtendere multos
14 992 651 1028 Poſſumus, attactu qui nullius hanc tamen ipſam
14 1027 580 1060 Sponte ſua ſenſere luem, primique tulere
14 1062 609 1094 Præterea & tantum terrarum tempore paru
12 1093 568 1127 Contages non vna ſimul potuiſſet obire.
10 1126 667 1160 Adſpice per Latij populos, quique herbida Sagræ
9 1157 578 1190 Paſcua, & Auſonios ſaltus, & Iapygis oræ
6 1191 642 1228 Arua colunt; ſpecta, Tiberis qua labitur, & quâ
691 1227 862 1261 Erida-
