882 1360
212 40 612 66 ERACASFORII.
753 41 819 68 o4
28 84 644 115 Eidanus centum fluuiis comitatus in æquor,
33 115 667 150 Centum vrbes rigat, & placidis interfluit vndis:
38 150 630 183 Vno nonne vides vt tempore peſtis in mnes
34 184 621 216 Sæuiit? vt ſortem pariter tranſegimus vnam?
34 213 694 252 Quinetigm externos eadem pertempora primùm
35 250 600 284 Excepiſſe ferunt; nec eam cognouit Ibera
36 282 718 318 Gens prius, ignotum quæ ſcindere puppibus æquor
49 317 656 351 Auſa fuit, quam quos diſterminat alta Pyrene,
36 347 772 385 Atque freta atque Alpes cingunt, Rhenuſque bicornis;
42 381 728 419 Qum reliqui, quos lata tenet gelida ora ſub Arcto.
47 416 613 451 Tempore non alio Pœni ſenſiſtis, &omnes
46 448 682 487 Qui lætam f gyptum meritis fecundaque Nilo
39 484 613 520 Arua, & palmiferæ ſſluas tondetis ldumes.
40 515 609 553 Quæ cùm ſic habeant ſeſe, nempe altius iſti
38 551 609 585 Principium labi. rerumque latentior ordo,
50 584 644 619 Ni fallorgrauiorque ſubeſt, & maior origo.
43 615 757 652 Principio quæque in terris, quæque æthere in alto
42 652 656 686 Atque mari in magno Natura educit in auras,
44 681 692 719 Cuncta quidem nec ſorte vnâ, nec legibus iiſdem
48 715 716 753 Proueniunt: ſedenim, quorum primoidia conſtant
47 752 682 786 E paueis, crebro ac paſſim pars magna creantur;
47 784 673 818 Rarius aſt alia apparent, & non niſi certis
44 818 739 852 Temporibus ve, locisve, quibus violentior ortus.
48 850 685 886 Et longe ſita principia:ac nonnulla prius quàm
51 884 630 919 Erumpant tenebris & opaco carcere noctis,
61 916 735 954 Mille trahunt annos, ſpacioſsaque ſæcula poſcunt:
55 952 625 986 Tauta vi coëunt genitalia ſemina in vnum
50 985 691 1020 Ergo & morborum quoniam non omnibus vna
51 1018 670 1052 Naſcendi eſt ratio, facilis pars maxima viſu eſt,
52 1051 622 1087 Et faciles ortus habet, & primordia præſto.
63 1085 649 1120 Rarius emergunt alii, & poſt tempore longo
52 1118 644 1154 Difficiles cauſſas, & inextricabile fatum,
64 1151 626 1187 Et ſerO potere altas ſuperare tenebras.
53 1183 657 1220 Sicelephas ſacer Auſoniis incognitus oris,
68 1217 598 1253 Sic lichen latuere diu, quibus incola Nili
771 1246 846 1275 Gs
524 1252 643 1278 uu4
