864 1357
271 35 587 61 HIERONYMI
31 37 90 63 Io4
36 78 640 113 Gens tantum, regioque omnis vicina laborat.
36 113 646 147 De genere hoc eſt dita lues, quæ nuper in auras
36 145 514 179 Ext, & tandem ſeſe caligine ab atrâ
35 180 567 213 Exemit, duroſque ortus, & vincula rupit.
36 213 711 247 Quam tamenæternum quoniam dilabitur æuum
36 246 580 279 Non ſemel in terris viſam, ſed ſæpe fuiſſe
33 279 694 313 Ducendum eſt, quanquam nobis nec nomine nota
36 313 638 346 Hactenus illa fuit: quoniam longæua vetuſtas
36 346 645 376 Cuncta ſitu inuoluens, & res, & nomina delet;
37 380 625 413 Nec monumenta patrum ſeri videri nepotes.
38 414 606 446 Oceano tamen in magno, ſub ſole cadente,
37 446 682 479 Quà miſera inuentum nuper gens accolit orbem,
37 479 712 511 Paſſim oritur, nulliſque locis non cognita vulgo eſt.
40 510 640 545 Vſque adeo rerum cauſſæ, atque exordia prima
34 543 587 578 Et cœlo variare, & longo tempore poſſunt.
34 578 638 611 Quodque illic fert ſponte aër, & idonea tellus,
35 611 666 646 Huc tandem annorum nobis longa attulit ætas.
36 644 565 679 Cuius forte ſuo ſi cunctas ordine cauſſas
34 677 656 713 Noſſe cupis; magni primùm circumſpice mundi
33 713 681 747 Quantum hoc infecit vitium, quot adiuerit vrbes.
36 747 649 778 Cumque animaduertas tam vaſtæ ſemina labis
36 778 631 814 Eſſe nec in terræ gremio, nec in æquore poſſe,
34 813 686 848 Haud dubiè tecum ſtatuas reputeſque neceſſe et,
34 847 636 882 Principium ſedemque mali conſiſtere in ipſo
32 880 588 912 Aëre, qui terras circum diffunditur omnes,
34 912 609 948 Qui nobis ſeſe inſinuat per corpora vbique,
33 947 677 981 Suetus & has generi viuentum immittere peſtes.
29 980 631 1015 Aër quippe pater rerum eſt, & originis auctor.
29 1013 613 1047 Idem ſæpe graues morbos mort. libus affert,
30 1047 594 1080 Multimode natus tabeſcere corpore molli,
30 1079 650 1114 Et facile affectus capere atque inferre receptos.
29 1114 644 1148 Nunc vero, quonam ille modo contagia traxit,
28 1147 599 1179 Accipe: quid mutare queant labentia ſæcla,
27 1179 594 1213 In primis tum Sol rutilus, tum ſidera cuncta
24 1210 680 1248 Tellurem, liquidasque auras, atque æquora ponti
703 1252 808 1279 Immu-
