879 1360
194 45 613 82 FRACASTORIL
31 88 628 123 Immutant, agitantque: vtq; ipſo ſidera cœlo
32 123 597 157 Mutauere vicem, & ſedes liquere priores,
35 157 626 189 Sic elementa modis variis ſe grandia vertunt.
34 187 681 225 Adſpice, vt hibernus rapidos vbi flexit in Auſtrum
35 221 736 258 Phœbus equos noſtrumque videt depreſſior orbem
10 255 645 291 Bruma riget, duratque gelu, ſpargitque pruin
33 288 627 325 Tellurem, & gelidâ glacie vaga flumina ſiſtit:
34 321 678 357 Idem, vbi nos Cancro propior ſpectauit ab alto,
41 357 601 394 Vrit agros, arent nemora, & ſitientia prata,
36 390 607 426 Siccaque puluereis æſtas ſqualeſcit in aruis.
37 425 652 459 Nec dubium, quin & noctis nitor, aurea Luna,
37 455 739 489 Cui maria alta, omnis cui rerum obtemperat humor,
37 490 596 527 Quin & Saturni graue ſidus, & æquior orbi
36 522 714 560 Stella Iouis, quin pulera Venuſque & Martius ignis,
35 556 757 594 Ac reliqua aftra etiam mutent elementa, trahantque
38 591 688 628 Perpetuum, & late magnos dent ndique motus
37 626 615 660 Præcipuè ſedem ſi quando plurima in vnam
38 658 582 695 Conuenere, ſuo vel multum deuia curſu
38 691 621 728 Long alias tenuere vias hæc ſcilicet annis
35 724 624 760 Pluribus, & rapidi poſt multa volumina cœli
36 757 664 796 Eueniunt; Diis fata modis voluentibus iſtis.
12 790 699 825 Vt vero eueniſſe datum eſt, numerumquediesque
34 826 556 863 Exegere ſuos. præfixaque tempora fatis,
35 861 656 896 Pro quanta aërios tractus, ſalſa æquora quanta,
39 892 648 929 Telluremque manentlalibi quippe omnia late
37 926 697 963 Cogentur ſpatia in nubes, cœlum imbribus omne
36 960 653 995 Soluetur, ſummisque voluti montibus amnes
34 994 599 1028 Præcipites ſecum ſiluas, ſecum aſpera ſaxa,
36 1027 742 1059 Secum armenta trahent: medius pater impete magno
34 1059 800 1094 Aut Padus, aut Ganges luper & nemora alta, domosque
35 1093 620 1130 Turbidus, æquabit pelago freta lata ſonante.
30 1127 569 1162 Hſtates alibi magnæ condentur, & ipſæ
32 1159 614 1195 Flumina ſpeluncis flebunt arentia nymphæ.
33 1192 618 1222 Aut venti cuncta inuertent, aut obiice clauſi
32 1223 693 1259 Excutient tellurem imam, & cum turribus vrbes.
743 1254 823 1281 For-
