868 1351
235 23 609 53 IERNNII
7 62 636 99 Forſitan & tempus venietpoſcentibus olim
63 97 729 132 Naturâ. fatisque Deûmcm non mod tellus
63 131 712 167 Nunc culta, aut obducta mari, aut deſerta iacebit;
61 163 713 203 Verum etiam Sol ipſe nouumſquis credere poſſit
63 196 682 234 Curret iter, ſua nec per tempora diffluet annus.
62 228 630 267 Aſt inſueti æſtus, inſuetaque frigora mundo
61 262 555 298 Inſurgent, & certa dies animalia terris
59 296 732 338 Monſtrabit noua:naſcentur pecudcſqu, feræque
61 329 770 369 Sponte ſu, primaque animas ab origine ſument.
61 362 642 401 Forſitan & maiora audens prodncere tellus,
63 398 831 439 Cœumque, Enceladumque feret, magnumque Typhoa,
58 428 624 467 Auſuros patrio Superos detrudere cœlo.
62 462 760 502 Conuulſumque Oſſan nemoroſo imponere Olympo.
56 495 732 533 Quæ cum perſpicias; nihil eſt, cur tempore certo
58 529 647 561 Admirere nouis magnum matceſcere morbis
57 562 653 601 Aëra, contageſque nouas viuentibus ægris
59 594 633 635 Sidere ſub certfieri, & per ſæculalonga.
56 629 703 667 Bis centum fluxere anni, cum flammea Marte
55 663 716 701 Lumina Saturno triſti immiſcente, per omnes
54 698 676 737 Auroræ populos per quæ rigat æquora Ganges,
46 728 598 766 Inſolita exarſit febris, quæpectore anhelo
56 764 716 802 Sanguineum ſputum exagitansmiſerabile viſu
45 797 638 834 Quartâ luce frequens fato perdebat acerbo.
44 829 642 871 Illa eadem Aſſyriæ gentes, & Perſidos, & quæ
46 862 734 903 Euphratem. Tigrimque bibunt, poſt tempore paruo
47 897 725 937 Corripuit, diteſque Arabas, mollemque Canopum:
59 929 718 970 Inde Phrygas inde & miſerum trans æquora vecta
46 962 607 1001 Infecit Latium, atque Europâ ſæuiit omni
56 997 700 1034 Ergo age iam mecum, ſemper ſeſe ætheta citcum
54 1029 726 1071 Voluentem, Superumque domos, ardentiaque aſtia
53 1065 784 1106 Contemplare, animumq; agitans per cuncta; requiteA,
54 1096 630 1135 Quis ſtatus illorum fuerit, quæ ſigna dedere
48 1129 653 1167 Sidera, quid noſtris cœlum portenderit annis.
50 1162 620 1205 Hinc etenim tibi forte nouæ contagis origo
46 1192 624 1236 Omnis, & euentus tanti via prima pateſcet.
709 1241 835 1279 Adſpice,
