872 1363
207 30 594 58 PRACASTORII.
15 72 633 110 Adſpice, eandentes magni quà Cancer Olympi
7 109 607 142 Excubat ante fores, & brachia pandit aperta.
10 142 568 175 Hinc diræ facies, hinc ſe diuerſa malorum
7 174 639 206 Oſtendent portenta: vn hac ſub parte videbis
7 208 592 242 Magna coiſſe ſimul radiis ardentibus aſtra,
23 242 561 275 Et coniuratas ſparſiſſe per aëra flammas:
15 274 605 308 PFlammas, quas longe tumulo Sirenis ab alto
10 309 613 342 Proſpiciens ſenior vates, quem dia per omnes
7 340 651 374 Cælicolumque domes duxit, docuitque futura
16 375 537 409 Vranie:miſeros inquit. defendite terras
12 408 568 441 OSuperi, inſolitam video per inania ferri
1 442 604 474 Illuuiem, & magnos cœli tabeſcere tractus.
10 474 659 507 Bella etiam Europæ miſeræ, bella impia, & agros
22 509 591 541 Auſoniæ paſſim currentes ſanguine cerno:
13 542 611 572 Dixit, & illa etiam ſcriptis ventura notauit.
3 575 682 610 Mos Superûm eſt, vbi ſæcla vagus Sol certa peregit,
2 609 671 643 Ab Ioue decerni fata, & cuncta ordine pandi,
27 641 713 676 Quæcunque euentura manent terraſque, polumque.
28 675 674 708 Quod tempus cùm iam noſtris venientibus aunis
28 709 623 742 Inſtaret, rerum ſummus ſator, & ſuperum rex
27 743 535 777 Iupiter acciri ſocios in rebus agendis
23 777 657 810 Saturnum, Martemque iubet:bipatentia Cancer
18 809 644 842 Limina portarum reſerat, Diiſque atria pandit.
30 843 652 877 Conueniunt, quibus eſt fatorum cura gerenda.
26 876 650 909 Impiger ante alios flammis ferroque coruſcans
14 911 640 944 Bellipotens Mauors, animis cui prælia & arma,
1 943 653 976 Vindictæq; manent, & ouantes ſanguine cædes.
1 974 626 1009 Poſt placidus curru inuectus rex lupiter aures
1 1008 676 1046 Inſequiturni fata obſtentpater omnibus æquus.
27 1043 593 1077 Poſtremus, longaque viâ tardatus & annis
14 1075 637 1110 Falcifer accedit ſenior, qui haud immemor iræ
30 1109 618 1143 In gnatum veteris, gnato & parere recuſans,
20 1143 554 1177 Sæpe etiam ceſ. retro, & veſtigia torſit,
29 1175 746 1210 Multa minans, ultumque animo indignatus iniquo.
27 1208 548 1244 Iupiter at ſolio ex alto, quo ſe ſolet vno
666 1240 803 1267 Tollere
