878 1360
297 48 616 73 HIERONIMI
62 54 116 75 Ios2
65 90 620 124 Tollere, pereenſet fata, & ventura reſoluit;
65 124 671 157 Multum infelicis miſerans incommoda terræ,
65 157 681 189 Bellaque, fortunaſque virûm, caſuraque rerum
64 191 664 224 Imperia, & prædas, adapertaque limina morti:
65 224 568 256 In primis ignota noui contagia morbi:
64 256 664 290 Morbi, qui humanæ nulla manſueſcat opis vi.
64 290 613 324 Adſenſere Dei reliqui: concuſſus Olympus
65 324 653 357 Intremuit, tactuſque nouis defluxibus æther.
68 359 535 391 Paulatim aërii tractus, & inania lata
63 390 635 423 Accepere luem, vacuaſque inſuetus in auras
65 425 669 457 Marcor iit, cœlumque tulit contagia in omne:
65 457 636 489 Siue quod ardenti tot concurrentibus aſtris
65 489 656 521 Cum Sole, è pelago multos terraque vapores
65 522 612 556 Traxerit ignea vis, qui miſti tenuibus auris
64 555 573 588 Correptique nono vitio, contagia viſu
63 588 632 623 Perrara attulerint: aliud ſiue æthere ab alto
63 621 553 655 Demiſſum late aërias corruperit oras.
65 656 842 691 Quanqu animi haud fallor, quid agat, quve ordine cœl
63 690 655 724 Dicere, & in cunctis certas perquirere cauſſas
63 722 685 757 Difficile eſſetadeo interdum per tempora longa
64 754 665 791 Effectus trahet, interdumquod fallere poſſit
63 789 602 824 Miſcentur fors, & varii per ſingula caſus.
64 824 667 858 Nunc age,non id te lateat, ſuper omnia miram
65 856 626 890 Naturam, & longè variam contagibus eſſe.
65 891 596 924 Solis nam ſæpe arboribus fit noxius aër,
65 924 722 959 Et tenerum germen, florumque infecit honorem:
64 957 687 992 Interdum ſegetem, & ſata læta, annique labores
66 990 638 1024 Corripuit, ſcabraque vſſit rubigine culmos,
65 1023 658 1056 Et vitiata parens produxit ſemina tellus.
63 1058 618 1091 Interdum pœnas animalia ſola dedere,
65 1091 756 1125 Aut multa, aut certa ex ipſis. memini ipſe malignam
65 1124 661 1157 Luxuriem vidiſſe anni, multoque madentem
63 1158 723 1191 Autumnum perflatum Auſtro, quo perditus omne
64 1191 703 1224 Caprigenum genus cunctis animantibus vnum
65 1223 591 1257 Corruit.à ſtabulis lætas ad pabula paſtor
757 1259 850 1292 Duco-
