864 1357
184 45 800 82 FACASTORII. os
25 86 569 122 Ducebat: tum fortè, altâ ſecurus in vmbrâ
27 121 665 155 Dum caneret, tenuique gregem mulceret auenà,
28 154 628 188 Ecce aliquam tuſſis ſubito irrequieta tenebat;
29 187 708 221 Nec longe mora mortis erat:nanque acta repente
32 221 677 254 Circum præcipiti lapſu, reuomenſque ſupremam
30 255 629 284 Ore animam ſocias inter moribunda cadebat.
30 288 673 322 Vere autemdictu mirum atque æſtate ſequenti
28 322 655 355 Infirmas pecudes, balantumque horrida vulgus
31 355 656 389 Peſtis febre maâ miſerum pæne abſtulit omne
29 388 575 423 Vſque adeo vria affecti ſunt ſemina cœli,
29 422 581 455 Et variæ rerum ſpecies, numeruſq; viciſim
33 455 610 488 Intermotaſubeſt, interq; mouentia certus.
30 487 699 522 Nonne vides, quamis oculi ſint pectore anhelo
24 522 604 555 Expoſiti molleſq; magis, non attamen ipſos
26 553 714 587 Carpere tabem oculos, ſed ſeſe immergere in imum
31 589 668 622 Pulmonem?& pomis quanquam ſit mollior vua,
34 621 601 655 Non tamen iis vitiatur. at ipsâ liuet ab vuà.
33 655 583 689 Nempe alibivires, alibi ſua pabula deſunt:
34 688 653 722 Aſt alibi mo certa;nec ipſa foramina multum
35 721 683 756 Non faciunt, hinc denſa nimis nimis inde ſoluta.
32 756 602 789 Ergo contagum qumiam natura, genuſq;
34 787 723 817 Tam varium eſt, &multa modis ſunt ſemina miris,
37 821 652 854 Contemplator & hanc, cuius cœleſtis origo eſt:
34 854 602 891 Quæ, ſicut deſueta, ita mira erupit in auras.
33 887 735 923 Illa quidem non muta maris, turbamque natantum,
36 921 620 949 Non volucres, non brutæ altis errantia ſiluis,
34 955 757 990 Non armenta boum, pecudesve, armentave equorum
35 987 647 1022 Infecit, ſed menteingens ex omnibus vnum
34 1022 663 1056 Humanum genus, & noſtros eſt paſta ſub artus.
34 1053 726 1089 Porro homine e toto, quod in ipſoſanguine craſſum
35 1088 636 1121 Et ſordens lentore foret, fœdiſſima primùm
37 1121 544 1157 Corripuit, ſeſe paſcens vligine pingui
35 1155 618 1189 Tali ſe morbus ratione & ſanguis habebant.
35 1187 631 1221 Nunc ego te affectus omnes, & ſigna docebo
34 1221 699 1258 Contagis miſeræ: atque vtinam concedere tantum
740 1247 813 1276 Mus
813 1304 862 1335 a
