864 1357
258 69 648 93 HIERONIMI
67 75 124 98 Io4
72 109 722 145 Muſa quet, tantumque velit defendere Apollo.
75 145 734 178 Tempor2 qui lo aga euoluit, cui carmina curæ,
75 176 732 209 Hæc multas monumenta dies vt noſtra ſuperfint.
74 210 633 243 Forte etenim noftros olim legiſſe nepotes,
75 243 605 279 Et ſigna, & faciem peſtis nouiſſe iuuabit.
77 276 773 312 Nanque iterum, cum fata dabunt, labentibus annis-
74 310 634 344 Tenpus erit, cum nocle atrâ ſopita iacebit
77 344 658 376 Interitu data: mox iterum poſt ſæcula longa
78 375 739 410 Illa eadem exſurget, cœlumque, aurasque reuiſet,
77 410 692 444 Atque iterum ventura illam mirabitur ætas.
76 442 705 477 In primis mirum illud erat, quod labe recept,
78 473 763 509 Sæpe tamen quater ipſa ſuum compleuerat orbem
74 506 750 541 Luna prius quam ſigna ſatis manifeſta darentur.
76 540 612 573 Seilicet extemplo non ſeſe prodit aperte
75 573 722 607 Vt ſemel eſt excepta intus, ſed tempore certo
75 607 620 641 Delitet, & ſenſim vires per pabula captat.
77 641 609 673 Interea tamen inſolito torpore grauati,
77 672 751 709 Spontequelanguentes animis & munera obibant
74 708 632 743 grius, & toto ſegnes ſe corpore agebant.
75 741 629 774 Ille etiam ſuus ex oculis vigor, & ſuus ore
76 774 669 802 Deiectus color haud læta de fronte cadebat:
75 808 578 843 Paulatim caries fœdis enata pudendis,
75 839 744 876 Hinc atque hinc inuicta locos, aut inguen edebatc.
75 875 644 908 Tum manifeſta magis vitii ſe prodere ſigna.
77 908 688 940 Nam, ſimul ac puræ fugiens lux alma diei
77 941 640 977 Ceſſerat, & noctis triftes induxerat vmbras,
74 974 658 1008 Innatuſque calor noctupetere intima ſuetus
76 1005 724 1043 Liquerat extremum corpus, nec membra fouebat
76 1042 702 1076 Obſita mole pigra humorum; tum vellier artus
72 1074 698 1109 Mrachiaque, ſcapulæque, graui, ſuræque dolore.
75 1109 707 1143 Quippe vbi, per cunctas ierant contagia vena,
73 1141 637 1175 Humoresque ipſos, & nutrimenta futura
71 1174 630 1204 Polluerant, Natura malum ſecernere fueta
68 1207 652 1240 Infectam partem pellebat corpore ab omni
65 1240 628 1277 xterius: verum craſſo quia corpoa tarda
703 1276 856 1312 Hæc ei
