864 1356
205 55 589 92 FRACASTORII.
24 108 653 138 æc erat, & lentore tenax, multa inter eundum
34 141 643 175 Hærebat membris exſanguibus, atque lacertis.
35 175 611 208 Inde graues dabat articulis extenta dolores.
35 209 646 241 Parte tamen leuiore, magiſque erumpere nata,
38 240 731 275 Summa cutis pulſa, & membrorum extrema petebat.
34 274 636 307 Protinus informes totum per corpus achores
35 307 740 342 Rumpebant, faciemque horrendam, & pectorafœde
38 341 670 373 Turpabant:ſpecies morbi noua; puſtula ſummæ
39 373 643 408 Glandis ad effigiem, & pituita marcida pingui;
37 407 706 444 Tempore quæ multo non poſt adaperta dehiſcens,
42 440 564 473 Mucosâ multum ſanie, taboque fluebat.
40 473 673 516 Quinetiam erodens alte, & ſe funditus abdens
40 506 635 543 Coroa paſcebat miſere:nam ſæpius ipſi
39 539 617 575 Carne fua exutos artus, ſqualentiaque oſſa
38 572 612 605 Vidimus, & fœdo roſa ora dehiſcere hiatu,
40 607 597 640 Ora, atque exiles reddentia guttura voces.
40 639 673 673 Tum ſæpe aut cerais, aut Phyllidis arbore triſti
40 672 593 708 Vidiſti pinguem ex vdis manare liquorem
41 706 642 743 Corticibus, mox in lentum dureſcere gummi:
41 738 691 775 Haud ſecus hac ſub labe ſolet per corpora mucor
38 771 767 809 Diffluere: ninc demum in turpem concreſcere callum,
39 804 676 841 Vnde aliquis ver ætatis, pulcramque iuuentam.
41 837 624 873 Suſpirans, & membra oculis deformia toruis
35 870 657 911 Proſpiciens, fœdoſque artus, turgentiaque ora;
40 904 599 943 Sæpe Deos, ſæpe aſtra miler crudelia dixit.
37 937 614 976 Interea dulces ſomnos, noctiſque ſoporem
40 972 618 1003 Omnia per terras animalia feſſa trahebant:
35 1003 652 1040 Illis nulla quies aderat, ſopor omnis in auras
38 1038 607 1074 Fugerat; iis oriens ingrata Aurora rubebat;
33 1071 609 1110 s inimica dies, inimicaque noctis imago
37 1105 609 1135 Nulla Ceres illos, Bacchinon vlla iuuabant
35 1138 651 1175 Munera; non dulces epulæ, non copia rerum:.
35 1170 634 1209 Non vrbis, non rursopes, non vlla voluptas,
36 1204 717 1246 Quamuis ſæpe amnes nitidos, iucundaque Tempe,
32 1237 715 1283 placidas ſummis quiſeut ontiu uras.
702 1274 807 1314 Ds e
