868 1343
254 21 735 47 HIERONYMI
59 27 113 51 o;t
59 59 568 95 Et turpes ighominias, & barbara iuſſa?
59 93 682 127 Abde caput Benace, tuo & te conde ſub amne,
59 127 623 154 Victrices nec iam Deus interlabere lauros,
59 161 639 194 En etiam, ceu nos agerent crudelia nulla,
61 195 720 227 Nec lacrymæ, planctusve forent;en dura tot int,
59 227 632 261 Spes Latii; ſpes & ſtudiorum, & Palladis illa
60 261 643 293 Oc: idit: ereptum Muſarum è dulcibus vlnis,
60 295 662 323 Te miſerum ante diem crudeli funere, Marce
60 328 595 361 Antoni, ætatis primo ſub flore cadentem
58 361 615 395 V.dimus exiremâ poſitum Benacide rip,
58 395 762 428 Quam media inter ſaxa ſonans ſacra abluit vnd
56 427 601 461 Te rip ſeere Atheſis, te voce vocare
56 459 667 494 Audtæ per noctem vmbræ, Maneſque Catulli,
56 492 600 527 Et patrios mulcere noua dulcedine lucos.
93 524 734 559 Tempeſtate illa Auſoniam Rex Gallus opimam
55 559 659 591 Vertebat bello, & Ligurem ditione premebat.
56 592 596 627 Parte aliâ, Cæſar ferroſuperabat & igni
56 627 771 660 Eganeos, plaeidumque Silim Carnumque rebellem:
56 660 662 693 Et totum luctus Latium, mœrorque tenebat.
265 696 681 726 LIIR SBCVNDSS
57 734 656 769 Nunc age, quæ vitæ ratio,quæ cura adhibenda
54 767 722 801 Perniciem aduerſus tantam, quid tempore quoque
57 802 632 835 Conueniatnoſtri quæ pars eſt altera cœpti
53 832 736 868 Expediam, & miranda hominum comperta docebo.
53 867 784 906 Quippe noua cum re attoniti, multa irrita primum
55 901 620 933 Tentaſſent;tamen anguſtis ſollertia maior
53 934 632 966 In rebus, creſcenſque vſu eperientia longo
50 967 659 1000 Euicere: datumque homini protendere long
52 1001 645 1033 Auxilia, & certis peſtem compeſcere vincis.
54 1034 583 1061 Victorem & ſeſe claras attollere in auras.
54 1064 691 1102 Credo equidem &quædam nobis diuinitus eſe
53 1101 565 1134 Inuenta.ignaros ftis ducentibus ipſis.
52 1132 735 1168 Nam, quanquam fera tempeſtas, & iniqua fuexut
50 1167 654 1202 Sidera. nou tamen omnino præſontia Diuûm
49 1199 598 1235 Abfuit à nobis placidi & cemmtit cœlt
707 1236 866 1266 S or-
