871 1353
199 26 824 61 FRACASTORIL
41 67 621 97 Smorbum inſolitum, ſi dura & triſtia bella
45 101 665 136 Vidimus, & ſparſos dominorum cæde penates,
46 133 794 175 Oppidaque, inenſaſque vrbes, ſuburſaque regna
49 168 599 201 Et templa, & raptis temerata altaria ſacris:
47 201 566 235 Flumina deiectas ſi perrumpentia ripas
47 234 659 267 Euertere ſata, & mediis nemora eruta in vndis,
48 268 682 302 Et pecora, & domini, correptaque rura natarunt:
45 301 629 334 Obſeditque inimica ipſas penuria terras:
47 334 695 368 Hæc eadem tamen, hæc atas quod fata negarunt
47 368 590 401 Antiquis)totum potuit ſulcare carinis
41 400 670 436 Id pelagi,immenſum quod circuit Amphitrite.
48 435 637 468 Nec viſum ſatis extremo ex Atlante repoſtos
49 467 736 501 Heſperidum penetrare ſinus, Praſſumque ſub Arcto
46 502 607 535 Inſpectare aliâ,præruptaque litoia Rhapti,
47 535 793 569 Atque Arabo aduehere, & Carmano ex æquore merces;
48 568 675 601 Auroræ ſed itum in populos Titanid:s vſque eſt
50 602 741 635 Supra IndumGangemque ſupra, qua terminus olim
47 635 621 668 Catygare noti orbis erat; ſuperata Cyambe,
47 668 560 701 Et dites ebeno, & felices macere ſiluæ.
48 701 670 736 Denique & à noſtro diuerſum gentibus orbem,
49 735 619 766 Diuerſum cœlo, & clarum maioribus aſtris
49 769 656 802 Remigio audaci attigimus ducentibus & Diis.
49 802 684 836 Vidimus & vatem egregium cui pulhra canenti
49 835 688 868 Parthenope, placiduſque cauo Sebethus ab antro
48 868 669 902 Plauſerunt, vmbræque ſacri manesq; Maronis;
53 902 688 935 Qui magnos ſtellarum orbes cantauit, & hortos
50 936 627 969 Heſperidum, cœlique omnes variabilis oras.
48 969 692 1000 Te verò vt taceam, atque alios, quos fama futura
48 1001 616 1035 Poſt mutos cineres, quos & venientia ſæcla
50 1035 644 1069 Antiquis conferre volent; at Bembe tacendus
49 1068 672 1101 Inter dona Deûm nobis data, non erit vnquam
51 1103 722 1135 Magnanimus L, quo Latium, quo maxima Roma
50 1134 635 1167 Attollit caput alta, paterque ex aggereTibris
49 1167 651 1201 Adſurgit, Romæque fremens gratatur ouanti:
51 1200 685 1235 Cius ab auſpicis iam nunc mala ſidera mundo
721 1229 830 1267 Ceſere
476 1235 590 1261 x a
