882 1357
260 38 638 64 HIERONIMI
70 79 615 115 Ceſſere, & læto regnat iam Iupiter orbe,
68 114 641 149 Puraque pacatum diffundit lumina cmlum.
69 148 692 182 Vnus, qui ærumnas poſt tot, longosque labores
69 181 674 216 Dulcia iam profugas reuocauit ad otia Muſas,
66 216 664 248 Et leges Latio antiquas, rectumque, prumque
70 248 652 282 Reſtituit: qui iuſta animo iam concipit arma
72 283 607 316 Pro re Romana, pro relligione Deorum.
73 316 672 348 Vnde etiam Euphrates, etiam latè oſtia Nili,
72 348 664 378 Et tantum Euxini nomen tremit vnda refufi,
71 383 657 416 Atque Egæa ſuos conſugit Doris in Iſtmos.
74 416 695 448 Ergo, alii dum tanta canent, dumque illius acta
73 449 759 481 Inclita cmponent, dum fortè accingeris & tu
73 481 683 509 Conder& æternis victurum intexere chartis,
77 513 749 547 Nos, quos fata vocant haud tanta ad munera, luſus
74 547 703 580 nceptos, quantum tenuis fert Muſa, ſequamur.
72 580 666 614 Principio, quoniam affecti non ſanguinis vna
72 613 614 648 Eſt ratio, tibi ſit morbo ſpes maior in illo,
73 648 671 682 Sanguine qui inſedit puro:verùm, quibus atra
73 681 709 716 Bile tument, ſpiſſoque reſultant ſanguine venæ,
72 715 707 749 Maior in iis labor eſt, petisque tenacius hæret.
74 750 716 783 Quare operæpretium eſt validis, atque acribus vti
74 782 740 816 Omnibus hos contra, miſeris nec parcere membris.
74 816 637 849 Quinetiam meliora ſibi promittere cuncta
72 849 610 882 Ille poteſt, qui principiis nouiſſe ſub ipſis
75 883 632 915 Serpentem tacitè valuit per viſcera labem.
74 915 666 950 Namque, vbpaſta diu, vires per pabula longa
74 949 624 978 Auxerit, & iam ſe vitium firmauerit intra;
74 982 661 1017 Heu, quæto tibi libertas ſperanda labore eſt.
71 1016 759 1051 Ergo omnem impendes operam te opponere paruis
72 1050 767 1085 Principiis, memorique animo hæc præcepta reconde.
72 1083 630 1117 m primis ego non omni te aſſueſcere cœlo
69 1117 748 1151 Exhorter: fuge, perpetuo quod flatur ab Auſtro,
70 1149 793 1192 Quod cœno, immundæque graue eſt ſudore paludis.
70 1183 622 1217 Protenti potiis campi mihi, liber & agri
57 1213 661 1257 ractus, & apricis placeaſf collibus auræ
736 1254 856 1289 Et mol.
