867 1358
223 47 620 88 FRACASTOR.
37 99 653 133 Et molles Cephyri,pulſuſque Aquilonibuaër.
41 132 651 167 Heiciubeotibi nulla quies, nulla otia ſunto.
37 167 620 201 Rumpe moras, agita aſſiduis venatibus apros
39 201 581 236 Impiger, aſſiduis agita venaibus vrſos.
40 234 598 261 Nec tibi ſit labor aërii curſu ardua montis
39 268 649 301 Vincenti, rapidum in valles deflectere ceruum
37 301 550 336 Et longâ luſtrare altos indagine ſaltus.
37 333 651 370 Vidi ego ſæpe, malumqui iam ſudoribus omne
35 368 556 403 Finiſſet. ſiluisque luem liquiſſet in altis.
36 402 656 435 Sed nec turpe puta dtextram ſummittere aratro.
38 435 670 470 Et longum trahere incuruo ſub vomere ſulcum:
39 469 696 504 Neve bidente ſolum, & duras proſcindere glebas
37 503 635 536 Et validâ aëriam quercum exturbare bipenni,
37 537 643 570 Atque imis altam eruere ab radicibus ornum.
36 569 674 604 Quinetiam, exercere domi quo te quoque poſſis,
37 603 658 636 Paruam mane pilam verſa mihi, Veſpere verſa:
37 637 598 670 Et ſaltu, & durâ potes exudare palæſtrâ.
37 671 605 705 Vince malum:nec te fallat, quod deſidis oti
38 703 538 739 Aſldue deſiderium, lectique ſequetur.
37 738 561 771 Tu lecto ne crede, graui ne crede ſopori:
38 771 643 805 His alitur vitium, & placidæ ſub imagine pacis
36 806 585 838 Decidit, e dulcique trahit fomenta quiete
38 838 646 873 Necnon interea effugito, quæ triſtia mentem
36 872 682 906 Sollicitant: procul eſſe iube curasque, metumque
34 904 653 939 Pallentem, vltriceſq; iras, omnemque Mineruæ
34 939 641 974 Addictum ſtudiis animum; ſed carmina, ſed te
33 972 667 1008 Delectent iuuenumque chori, miſtæque puellæ.
32 1005 678 1040 Parce tamen Veneri, mollesque ante omnitvita
35 1041 673 1075 Concubitus: nihil eſt nocuum magis:odit & ipſa
33 1075 635 1108 Pulcra enus, teneræ contagem odere puellæ.
35 1105 734 1142 Quod ſequitur. victus ratio tibimaxima habenda eſt,
34 1142 577 1175 Nec ſit cura tibi, neve obſeruantia maior.
33 1172 746 1209 Principio, quoſcunque amnes, quaſcunque paludes,
34 1205 777 1242 Quos que lacus liquidi paſcunt, quoſque aquora, pifees,
31 1240 716 1277 Omne genus procul amoueo, ſunt quos tamen vſus
736 1269 811 1300 Lbe-
