864 1367
277 56 598 90 HIERONIMI
41 66 100 89 Hc
46 103 587 140 Liberius, cum res cogit, concedere poſit.
51 140 665 174 Omnibus his eſt alba caro. non dua, tenxque,
48 173 730 207 Quos petræ & fluuiorum aduerſa mariſque fatigant.
48 207 681 241 Tale: nant pelago phy ides, rutilæque per vndas
49 240 600 273 Auratæ, gobiique & amantes ſaxea percæ.
46 273 598 299 Talis dulcifluum fluuiorum ſcarus ad ora
48 306 584 339 Solus ſaxa inter depaſtas ruminat herbas.
49 340 738 374 Sed neque, quæ ftagnis volueres, quæq; amnibus altis
47 374 740 407 Degere amant, liquidiſq; cibum perquirere in vndis
45 408 643 441 Laudarim: tibi pinguis anas, tibi crudior anſer
48 439 548 474 Vitetut, poriuſq; vigil Capi oli ſeruet:
49 471 564 505 Viteturque grau coturnix tarda ſagina.
50 505 704 538 Tum teneros lactes, tum pandæ abdcmina porcæ,
47 538 721 571 Porcæ, heu terga fuge, & lumbis ne veſe re aprini,
48 572 589 605 Venatu quamuis toties confeceris apros.
45 605 728 640 Quin neque te crudus cucumis, non tubera captent.
47 638 650 670 Neve famem cinarâ bulbiſe ſalacibus exple.
48 671 651 705 Non placeat mihi lactis amor, non vſus aceti,
46 705 651 740 Non fumoſa mero ſumantia pocula Baccho,
48 740 571 774 Qualia Cyinæi colles, campique Falerni,
47 773 613 806 Et Pucinus ager mittunt: aut qualia noſtris
47 806 615 838 Rhætica dat paruo de collibus vua racemo.
47 839 677 873 Nempe Sabina magis pla ceant, dilutaque tellus
48 873 669 905 Quæ tulit, & multo domuerunt Naiades amne.
46 905 639 940 At, tibi ſi ex horto victus, menſæque Deorum
47 940 816 973 Sunt animo, atque olerum fimplex & inempta voluptas
48 974 664 1008 Non mentæ vir des nn læra ſiſymbria deſunt;
47 1006 612 1042 Intubaque, & toto florente f: igore ſonchi,
47 1039 556 1074 Et ſia fontanis ſemper gaudentia ruis,
46 1073 692 1109 Et thymbtæ ſuaues & odor feræ calaminthæ:
46 1107 627 1143 Læta meliphylla, & riguo bugloſſus ab horts
47 1141 610 1173 Cat pantur, pleniſque feia erucula palm s
46 1174 708 1207 Atque olus. atque rumex, & falſi gramina crithmt
46 1205 661 1241 Ipſa lupum dumeta fetent: hinc collge primos
45 1237 627 1273 Aſparagos, albæ aſparagos hinc collige vitis.
753 1276 826 1305 Cam
