862 1349
283 35 600 69 HIERONYMI
46 78 517 112 His actis, ſi fortè tibi frigentia corda
46 112 630 146 Et molles animi fuerint, nec acerba placebit
42 146 668 180 In primis tntare, breuique extinguere peſtem,
47 180 650 213 Sed placidis agere, & per tempora lenibus vti;
45 213 776 246 Tum ſupereſt tibi cura animum ad fomenta relicta
40 247 644 281 ertere, contagisq; ad tenuia ſemina cæcæ;
42 280 660 314 Illa quidem conſueta modis inſerpere miris.
42 313 692 353 Profuerint igitur, quæque exſiccantia, quæq;
40 346 557 379 Marcori reſinoſa ſolent obſiſtere putri:
41 379 647 415 Tales ſunt myrrhæ lacrymæ, ſunt talia tuta.
41 412 745 456 Cedruſque, aſpalatuſque. immortaliſq; cupreſſus,
40 446 660 478 Et bene cum calamo ſpirans redolente cyperus.
39 478 593 513 Ergo nec deſint caſiæ, nec deſit amomum,
39 511 721 551 Macerve, agalocumve tibi, nec cinnama odora.
40 544 653 577 Eſt etiam in pratis illud,iuxtaque paludes
34 576 756 617 Scordion, omnigenis quod tantum obſtare eneni,
37 611 605 644 Contagiisque ſolet, paruo quærenda labore
37 645 653 678 Herba tſbi: viret ipſa comis imitata chamedryn.,
34 678 681 711 Flore rubens, referensque alli cum voce faporem.
35 712 721 746 Aurorâ naſcente huius frondemque comantem
35 746 663 779 Radiceſque coque, atque hauſtu te proluë largo.
36 778 727 812 Sed neque carminibus neglecta ſilebere noſtrt
34 812 681 855 Heſperidum decus, & Medarum gloria, citre,
34 845 594 878 Siluarum; ſi fortè ſacris cantata poëtis
34 873 751 912 Parte quoque hac medicam non dedignabere Muſam.
33 912 623 946 Sic tibi ſit ſemper viridis coma,ſemper opaca.
34 945 646 978 Semper flore nono redolens. ſis ſemper onuſta
32 979 644 1011 Per viridem pomis ſiluam pendentibus aureis.
32 1012 742 1047 Ergo, vbi nitendum eſt cæcis te opponere morbi
35 1046 603 1078 Seminibus, vimirâ arbor Cithereia præſtat.
35 1078 731 1113 Quippe illam Citherea, ſuum dum plorat Adonim.
30 1113 598 1143 Munere donauit multo, & virtutibus auxit.
30 1140 730 1178 Quorundam inuentum eſt, vitrei intra concaua vaſis,
28 1178 732 1213 Cui collum oblongum eſt venter turgeſcit in orbem,
26 1211 609 1245 Aut hederæ folia, aut Idâ mittente maniplos
682 1241 812 1279 Dictami.
