876 1359
190 49 818 85 FRACASTORII.1os:
39 89 680 128 Dictami, Illyricimve irim, rhamniv nigrantem
47 128 676 159 Radicem, aut inulas coquere:in ſublime ſolutus
44 160 664 194 Effertur vapor, & tenuis vacua omnia complet:
44 195 561 228 Aſt, vbi frigenti occurſauit ab aëre, vitro
47 226 661 262 Cogitur, & rorem liquidus denſatur in vdum,
39 262 594 295 Decuritque vagis per aperta canalia riuis.
42 294 658 328 Deſtillantis aquæ cyathum ſub lumina prima
43 328 567 361 Luciferi potare iubent, ſtratiſque parare
44 362 583 391 Sudorem: nec certe ab re; vis vtilis olli eſt
43 395 630 428 Relliquias morbi tenues diſpergere in auras.
41 429 688 462 Interea, ſi membra dolor conuulſa malignus
42 461 591 496 Torqueat, œ ſypo propera lenire dolorem,
41 496 734 530 Maſtichinoque oleo: lentum quibus anſeris vnguen,
39 528 660 563 Emulſumque potes lini de ſemine mucum,
40 560 764 600 Narciſſumque, inulamque, liquentiaque addere mella,
39 596 781 628 Coryciumque crocum & vilem componere amurcam
39 629 631 662 At, fauces atque ora malus ſi eroſerit herpes,
39 662 669 696 Tange nitro, & viridi medicatâ ærugine lymphâ
40 696 696 729 Semina inure mala, & ſerpentem interficepeſtem.
39 727 642 763 Verùm ipſos ope non alia conſumere achores,
39 763 662 796 Vrentum quam vi, poteris; quibus addere debes
38 796 694 830 Pingue aliquid. quod ſecum intus ſiccantia portet.
38 828 692 863 Hæc eadem, & miſeros artus ſi qua vlcera paſcunt,
38 862 701 896 Tollere, concretoſque valebunt ſoluere callos.
36 895 638 930 Si verò aut hæc nequidquam tentaſſe videbis,
32 930 629 965 Aut vires, animique valent ad fortia quæque
36 960 701 1003 Nec differre cupis, quin te committere acerbis
31 994 646 1032 Feſtines, diramque breui conſumere peſtem;
35 1029 658 1065 Hinc alia inuenta expediam, quæ triſtia quant
34 1062 577 1096 Sunt magis, hoc tanto citius finire labores
35 1094 671 1131 Erumnaſque mali poterunt: quippe effera labes
32 1129 568 1160 Inter prima tenax, & multo fomite viuax
33 1160 652 1195 Nedum ſe haud vinci placidis & mitibus, at nec
30 1194 622 1232 Tractari ſinit, & manſueſcere dura repugnat.
31 1228 722 1266 Sunt igitur ſtyracem in primis qui, cinnabarimque,
505 1264 811 1308 x5 Et ni-
820 1308 874 1340 i
