872 1357
202 66 583 94 FRACASTOII.
750 69 809 97 oc
36 104 716 145 Hanc dabitis, quæ me aflictat nocteſque, dieſque
38 142 594 179 Ipſe ego purpureas, ipſe albas veris, & horti
39 176 533 210 Primitias, vobis violas, ego lilia vobis
39 206 717 249 Alba legam, primas que roſas, primoſq; hyacintho
41 242 595 277 Veſtraque odoratis onerabo altaria ſertis.
18 274 625 304 Gramen erat iuxtà viridans, ſic fatus, vt æſtu
36 309 585 342 Feſſus erat, viridi deſedit graminis herba.
39 342 557 376 Hic Dea, vicino quæ ſeſe fonte lauabat,
38 372 638 410 Callirhoë liquido ex antro per lubrica muſco
38 409 597 442 Saxa fluens, iuueni dulci blandita ſuſurro,
38 442 640 475 Lethæum immiſit ſomnum, ſparſitque ſopore
41 476 705 509 Gramineâ tn ripâ, & ſalicum nemus inter opacu:
39 510 571 545 Atque illi viſa eſt ſacro ſe flumine tollens
35 543 609 575 In ſomnis coràm eſſe, piâ & ſic voce locuta.
40 576 626 605 Ilceu in extremo Diis tandem audite labore
41 608 673 643 Cura mei, tibi nulla ſalus, quacunque videt Sol,
42 642 713 677 Speranda eſt terram magnam ſuper: hoc tibipœnæ
41 676 665 710 Dat Triuia, & precibus Triuiæ exoratus Apolo,
42 709 683 744 Ob ſacrum iaculo percuſſum ad flumina ceruum,
40 744 604 777 Et noſtris affixa tibi capita horrida truncis.
41 773 775 812 Nam. poſtquam illa feram exanimem per gramina vit
41 812 590 845 Abſciſſo capite, & ſacro ſparſa arua cruore,
43 841 708 880 Omnibus ingemuit ſiluis, dirumque precata et
42 878 498 905 Auctori. oranti Latous tanta ſorori
40 910 637 944 Adfuit, & peſtem miſeio immiſere nefandam
40 943 691 979 Durus vterque tibi:quin &, quacunque videt Sol
36 979 555 1012 Interdixit opem:quare tellure ſubimâ,
38 1010 683 1045 Si qua ſalus ſupereſt, c ca ſub nocte petenda et.
39 1040 779 1079 Eſt ſpecus abo ibus tectum, atque horrore verendu
38 1079 567 1112 Vicinâ ſub rupe, louis quà plurima ſilua
39 1113 703 1146 Accubat, & raucum reddit coma cedrina murmu.
40 1144 602 1178 Hnc, vbi ſe primis Aurora emittet ab vndis
38 1179 645 1212 Ire para, & nigrantem ipſis in faucibus agnam
36 1207 714 1246 Mactatoſpplex, atque Ops tibi maxima dic, hane,
34 1240 729 1280 Dc, ferio nigram tum Noctem, Vmbrasque ſilentes,
712 1269 815 1297 Vmbm-
