873 1355
280 27 595 54 HIERONTMI
40 36 115 61 o
57 70 668 104 Læua hæe abtruſum per iter via ducit ad illos:
56 104 625 132 Dextera ſed ſacri fluuii te ſiſtet ad vndam
57 137 643 172 Argento fluitantem vndam, vitoq; metallo,
56 170 699 204 Vnde ſalus ſperanda. & iam aureatecta ſubibant
55 204 610 239 Rorantesq; domos ſpodiis, fuligineq; atrâ
56 237 632 273 Speluncas variè obductas, & ſulfure glauco.
55 272 653 306 Iamq; lacus late vndantes, liquidoq; fluentes
55 304 685 340 Argento iuxta adſtabant, ripasq; tenebant.
56 338 663 372 Hic tibi tantorum requies inuenta laborum,
57 371 700 406 Subſequitur Lipare poſtquam ter flumine vis
56 404 645 436 Perfufus, ſacrâ vitium omne reliqueris vndâ.
57 437 574 470 Sic fatur, ſimul argenti ter fonte ſalubri
56 470 616 502 Perfundit, ter virgineis dat flumina palmis
58 500 687 537 Membra ſuper, iuuenem toto ter corpore luſtrat
56 536 670 567 Mirantem exuuias turpes & labe malignâ
56 569 640 605 Exutos artus, peſtemq; ſub amne relictam.
55 603 593 640 Ergo age, cum primum cœli te purior aër
56 636 637 672 Accipiet, nitidamq; diem, Solemq; videbis,
59 670 682 705 Sacra para, & caftam ſupplex venerare Dianam,
58 704 650 739 Indigenasq; Deos, & Numina fontis amici.
58 740 668 772 Sic virgo, & iuuenem tanto pro munere grates
62 772 622 805 Soluentem e nocte ætherias educit in oras,
60 801 728 839 Dimittitq; alacrem, atque optata in lumina reddi.
60 838 687 871 Accepit noua fama fidem, populosq; per omnes
60 870 721 903 Prodiit haud fallax medicamen; cœptaq; primum
62 904 585 937 Miſceri argento luitanti axungia porcæ.
62 935 695 971 Mox etiam Oriciæ ſimul adiuncta eſt terebinthi,
64 969 716 1006 Et laricis reſina aëriæ, ſunt, qui vnguen equinum
66 1004 705 1037 Vrſinumve adhibent, bdelæ, cedriq; liquorem
64 1038 632 1071 Nonnulli & myrrhæ guttas, & maſcula tura
64 1070 655 1105 Adiiciunt, miniumq; rubens, & ſulfura viua.
64 1103 688 1136 Haud vero mihi diſpliceat, componere ſi quem
63 1136 713 1171 Trita melampodia, atque arentem iuuerit irim,
64 1168 722 1202 Galbanaq;, & laſſer graue olens, oleumq; ſalubre
45 1202 765 1237 Lentiſci, atque oleum haud experti ſulfuris igne.
806 1233 871 1264 Hs
