859 1340
229 23 625 54 FRACASTORII.
762 37 815 62 tos
35 71 621 106 Hanc gens illa colit, tudioq; educere multo
37 106 590 139 Nititur; hac late colles campiq; patentes,
37 140 626 173 Hac omnis veſtitur ager; nec ſanctius illis
36 172 724 208 Eſt quidquam, aut potiorevſu: quippe omnis in illa
38 206 660 240 Spes iacet hanc contra peſtem, quæ cœlitus illic
37 240 605 273 Perpetua eſt. validos abiecto cortice ramos
35 273 602 307 Multa vi tundunt, aut i ſegmenta minuta
35 307 607 340 Elimant, puroq; ſcobes in fonte reponunt,
33 341 699 374 Dum bibulas noctemq;, diemq; emaceret humor.
36 374 609 407 Indecoquunt: nec non illos ea cura fatigat,
34 407 619 440 Volcano ne fortè furens erumpat aquæ vis,
37 440 653 474 Et ſuperundantem ſpumam proiectet in ignes.
38 474 704 509 Spumâ quippe linunt, ſi quidquam e corpore toto
37 508 653 541 Abſcedit, ſi quidquam ægros depaſcitur artus:
37 540 730 575 Dimidiâ abſumpta, ſupereſt quodcunque, reponunt
36 574 552 607 Diuini laticis. quin & ſegmentarelicta
38 607 759 642 Rurſus, vt ante, coquunt, addentes ſuaue liquens me.
38 641 637 673 Scilicet hunc vnum menſis accedere potum
38 674 612 708 Et lex ipſa iubet gentis, mandatq; ſacerdos.
38 708 632 742 Seruatum at laticem, & decocti pocula primi
37 741 648 774 Bina die quaque aſſumunt, cum ſurgit ab ortu
37 774 657 808 Lucifer, & ſero egreditur cum Veſper Olympo.
37 807 688 840 Nec prius abſiſtunt potu, quàm menſtrua curſum
36 840 701 875 Luna ſuum, & totum peragrans perfecerit orbem
36 875 631 908 Fraternasq; iterum conuenerit æmula bigas.
35 908 555 939 Interea cæcis ſeſe penetralibus abdunt,
38 941 621 975 Quo neque vis venti, non halitus aëris vllus
36 974 559 1008 Inſinuet ſeſe, & gelidis afflatibus obſit.
35 1008 784 1042 Quid mirandum æque memorem ſuper omnia victum
37 1042 706 1076 Quàm tenuem, quam magna ſibi ieiunia poſcant?
37 1075 691 1110 Quippe ſolet ſatis eſſe, ipſum dum corpus alatur:
36 1109 714 1140 Dum ſuperet vita, & tantum ne membra fatiſcant.
37 1141 680 1176 Ne tamen, ah, ne tanta time, facer ilicet hauſtus
35 1174 623 1209 Ille modo ambroſiæ, vires reficitq; fouetq;,
35 1208 632 1243 Iq; occulta gerit ieiunis pabula mmbris.
732 1241 825 1272 Ne-
