861 1352
270 46 605 71 HIERONVMAI.
46 86 627 121 Nectare ab epoto binas, non amplius, horas
48 121 607 155 Imponunt ſeſe ſtratis, medicamen vt intro
47 155 640 187 Large eat, & calido ſudorem e corpore ducat.
48 188 548 219 Interea vacuas peſtis vaneſcit in auras:
48 221 657 255 Et dictu mirum apparet iam puſtula nulla:
47 255 658 288 Iamq; nomæ ceſſere omnes, iam fortia liquit
50 288 717 320 Membra dolor, primoq; redit cum flore iuuenta:
49 320 723 345 Et iam Luna ſuum remeans noua circuit orbem
50 354 655 388 Quis Deus hos illis populis monſtiauerit vſus;
50 387 621 421 Qudemum & nobis caſus, aut fata tulere
50 421 587 453 Hos ips; vnde & ſacræ data copia ſiluæ,
48 453 727 485 Nunc referam. Miſſæ quæſitum abſcondita Nerei
49 485 656 520 quora,in occaſum, Solisq; cubilia, pinus
49 518 567 552 Litoribus longe patriis, Calpeq; relictis
47 550 687 586 Ibant Oceano in magno, pontumq; ſecabant,
50 585 550 619 Ignaræq; viæ, & longis erroribus actæ.
50 619 766 654 Quas circum innumræ properantes gurgite ab om
51 652 648 686 Ignoti noua monſtra maris Nereides vdæ
52 686 640 718 Adnabant, celſas miratæ currere puppes,
53 720 589 753 Salſa ſuper pictis volitantes æquora velis.
52 753 670 787 Nox erat & pu o fulgebat ab æthere Luna,
49 785 706 820 Lumina diffundens tremuli per marmora ponti,
52 820 680 852 Magnanimus cum tanta heros ad munera fatis
53 853 587 885 Delectus, dux errantis per cærula claſſis;
53 886 715 919 Luna, ait, o pelagi cui regna hæc humida parent,
54 919 618 954 Quæ bis ab auratâ curuaſti cornua fronte
55 953 656 986 Curua bis expleſti, nobis errantibus, ex quo
54 986 595 1018 Non vlla apparet tellus, da litora tandem
53 1018 669 1053 Adſpicere, & dudum ſperatos tangere portus,
56 1053 604 1086 Noctis honos, cœliq; decus Latonia virgo.
57 1086 603 1119 Audiit orantem Phœbe, delapſaq; abalto
52 1119 602 1153 .there, ſe in faciem mutat, Nereia quali
58 1153 670 1184 Cymothoë, Clotoq; natant, iuxtaq; carinam
56 1184 676 1217 Adſtitit, & ſummo pariter nans æquore fatur.
57 1217 623 1245 Ne noſtræ dubitate rates, lux craſtima terras
746 1252 841 1287 Ote-
