862 1348
52 20 112 53 d
276 23 596 51 IEROIMI
53 64 602 99 Aſſiduè vohtabat auis, qu picta nitentes
53 99 564 132 Cæruleo pennas, roſtro variatarubenti
52 132 472 166 Ibat natino ſecura per auia luco.
53 166 668 200 Has iuuenum manus vt ſiluas videre per altas
53 200 612 228 Continuò caua terrificis horrentia bombis
35 233 717 262 Ara, & flammiferum tormenta imitantia fulmen
51 267 712 300 Corripiunt, Volcanetuum, dum Teutonas arms,
50 301 642 329 Inuentum, dum tela Iouis mortalibus affers.
51 333 722 369 Nec mora ſignantes certam ſibi quiſque volucrem,
49 366 658 401 Incluſam, ſalicum cineres, ſulfurq;, nitrumq;,
48 400 628 433 Mate m accendunt ſeruata in reſte fauillâ.
47 433 642 466 Fomite correpto diffuſa repente furit vis
46 466 624 499 Ngnea circumſepta, ſimulq; cita obiice rupto
46 499 665 532 Intruſam impellit glandem: volat illa per auras
47 532 669 565 Striduha: & exanimes paffm per prataiacebant
45 566 620 600 Deiectæ volucres: magno micat ignibus aër
44 599 658 633 Cum tonitru, quo ſilua omnis, ripæq; recuruæ
42 633 592 666 Et percuſſa imo ſonuerunt æquora fundo.
42 667 686 701 Pars auium nemus in denſum conterrita, & altos
43 700 657 733 Se recipit fcopulos; quorum de vertice ſummo
41 734 662 767 Horrendum vna canit dictu mirabile & aures
41 767 552 800 Terrificis implet dictis, ac talibus infit:
40 800 581 834 Qui Solis violatis aues, ſacrasq; volantes,
39 835 667 867 Heſperii, nunc vos, quæ magnus cantat Apollo,
37 868 610 902 Accipite, & noſtro vobis quæ nuntiat ore.
38 900 682 935 Vos quanquam ignari, longum quæſita, ſecundis
39 934 631 968 Tandem parta Ophyræ tetigiſtis litora ventis.
39 967 656 1000 Sed non antenouas dabitur ſummittere teras,
39 1001 536 1036 Et longa populos in libertate quietos,
37 1035 572 1068 Moliriq; vrbes. ritusq; ac ſacra nouare,
37 1068 667 1102 Quàm vos infandos pelagi, terræq; labores
37 1102 626 1134 Perpeſſi, diuerſa hominum poſt prælia, multi
36 1135 602 1167 Mortua in externâ tumuletis corpora terr.
35 1167 575 1200 Nauibus amiſſis pauci patria arua peetis.
35 1200 588 1235 Fuſtra aliiſocio quæretis magna remenſi
678 1240 823 1278 qu
