<?xml version="1.0" encoding="UTF-8" standalone="no"?><PcGts xmlns="http://schema.primaresearch.org/PAGE/gts/pagecontent/2019-07-15" xmlns:xsi="http://www.w3.org/2001/XMLSchema-instance" xsi:schemaLocation="http://schema.primaresearch.org/PAGE/gts/pagecontent/2019-07-15 http://schema.primaresearch.org/PAGE/gts/pagecontent/2019-07-15/pagecontent.xsd"><Metadata><Creator/><Created>2022-04-12T16:21:31</Created><LastChange>1970-01-01T00:00:00</LastChange><Comments/></Metadata><Page imageFilename="1149.png" imageHeight="1358" imageWidth="878"><TextRegion id="r1" orientation="0.0" type="paragraph"><Coords points="1,1 876,1 876,1356 1,1356"/><TextLine id="l1"><Coords points="232,42 232,74 632,74 632,42"/><TextEquiv><Unicode/></TextEquiv><TextEquiv index="1"><Unicode>PRACASTORII.</Unicode></TextEquiv></TextLine><TextLine id="l2"><Coords points="730,89 41,89 41,129 115,129 224,125 335,124 620,124 627,129 730,129"/><TextEquiv><Unicode/></TextEquiv><TextEquiv index="1"><Unicode>qnora: nec noſtro deerunt Cyclopes in orbe.</Unicode></TextEquiv></TextLine><TextLine id="l3"><Coords points="212,159 553,157 553,125 224,126 115,130 42,130 42,162 130,162"/><TextEquiv><Unicode/></TextEquiv><TextEquiv index="1"><Unicode>Ipſa inter ſeſe veſtras Diſcordia puppes</Unicode></TextEquiv></TextLine><TextLine id="l4"><Coords points="677,157 212,160 130,163 42,163 42,192 381,192 618,189 668,190 672,192 677,192"/><TextEquiv><Unicode/></TextEquiv><TextEquiv index="1"><Unicode>In rabiem, ferrumq; trahet: nec ſera manet vos</Unicode></TextEquiv></TextLine><TextLine id="l5"><Coords points="603,191 382,192 320,194 214,194 167,196 40,195 40,227 261,227 465,224 540,224 545,227 603,227"/><TextEquiv><Unicode/></TextEquiv><TextEquiv index="1"><Unicode>lla dies, fœdi ignoto cum corpora morbo</Unicode></TextEquiv></TextLine><TextLine id="l6"><Coords points="539,225 334,226 30,231 30,258 539,258"/><TextEquiv><Unicode/></TextEquiv><TextEquiv index="1"><Unicode>Auxilium ſiluâ miſeri poſcetis ab iſta,</Unicode></TextEquiv></TextLine><TextLine id="l7"><Coords points="624,289 624,255 602,255 593,258 552,259 245,260 131,263 40,262 40,293 238,293"/><TextEquiv><Unicode/></TextEquiv><TextEquiv index="1"><Unicode>Donec pœniteat ſcelerum. nec pluta locuta</Unicode></TextEquiv></TextLine><TextLine id="l8"><Coords points="674,289 522,292 239,293 146,296 42,295 42,324 674,324"/><TextEquiv><Unicode/></TextEquiv><TextEquiv index="1"><Unicode>Horrendum ſtridens denſis ſeſe abdidit vmbrs.</Unicode></TextEquiv></TextLine><TextLine id="l9"><Coords points="602,357 602,325 416,325 181,329 44,328 44,360 251,360"/><TextEquiv><Unicode/></TextEquiv><TextEquiv index="1"><Unicode>Ollis oſſa rigor ſubitus percurrit, &amp; omnis</Unicode></TextEquiv></TextLine><TextLine id="l10"><Coords points="267,393 347,393 377,391 648,390 648,358 252,360 232,362 177,363 100,363 72,361 41,361 41,394 201,395"/><TextEquiv><Unicode/></TextEquiv><TextEquiv index="1"><Unicode>Palluit, ac gelidâ fugit formidine ſanguis.</Unicode></TextEquiv></TextLine><TextLine id="l11"><Coords points="489,425 563,423 648,424 648,391 377,392 347,394 267,394 201,396 44,395 44,426 284,426"/><TextEquiv><Unicode/></TextEquiv><TextEquiv index="1"><Unicode>Tum vero ſacras volucres, Diuosq; precati,</Unicode></TextEquiv></TextLine><TextLine id="l12"><Coords points="641,455 641,425 563,424 489,426 285,426 237,428 76,430 45,429 45,461 226,461"/><TextEquiv><Unicode/></TextEquiv><TextEquiv index="1"><Unicode>In primis Solem, &amp; ſanctum ſeruantia lucum</Unicode></TextEquiv></TextLine><TextLine id="l13"><Coords points="337,493 357,491 608,490 712,487 715,486 715,457 540,457 411,460 227,461 176,463 48,462 48,494 264,494"/><TextEquiv><Unicode/></TextEquiv><TextEquiv index="1"><Unicode>Numina ſupplicibus venerantur agreſtia votis:</Unicode></TextEquiv></TextLine><TextLine id="l14"><Coords points="758,488 692,488 608,491 510,492 357,492 337,494 265,494 217,496 45,495 45,529 154,529 193,527 392,527 488,524 616,524 641,527 680,527 685,529 758,529"/><TextEquiv><Unicode/></TextEquiv><TextEquiv index="1"><Unicode>Pacem orant, rurſumq; Ophyren, fluuiumq; ſalutant.</Unicode></TextEquiv></TextLine><TextLine id="l15"><Coords points="491,557 637,558 637,527 616,525 488,525 392,528 193,528 154,530 44,530 44,559 431,559"/><TextEquiv><Unicode/></TextEquiv><TextEquiv index="1"><Unicode>Interea e ſiluis nigrum genus ora, comasq;,</Unicode></TextEquiv></TextLine><TextLine id="l16"><Coords points="407,591 537,591 613,589 662,590 662,559 432,559 201,563 40,564 40,594 292,594"/><TextEquiv><Unicode/></TextEquiv><TextEquiv index="1"><Unicode>Ad naues noua turba virûm concurrit inermis,</Unicode></TextEquiv></TextLine><TextLine id="l17"><Coords points="660,591 407,592 368,594 210,596 46,595 46,627 264,628 349,625 629,624 637,628 660,628"/><TextEquiv><Unicode/></TextEquiv><TextEquiv index="1"><Unicode>Pectota nudi omnes, euincti frondibus omnes</Unicode></TextEquiv></TextLine><TextLine id="l18"><Coords points="331,659 494,659 563,657 563,625 349,626 264,629 46,628 46,661 282,661"/><TextEquiv><Unicode/></TextEquiv><TextEquiv index="1"><Unicode>Paciferis; tantâ qui celſas mole carinas</Unicode></TextEquiv></TextLine><TextLine id="l19"><Coords points="588,690 590,689 590,659 331,660 282,662 164,663 48,662 48,694 287,694"/><TextEquiv><Unicode/></TextEquiv><TextEquiv index="1"><Unicode>Mirati, veſtesq; virûm, fulgentiaq; arma</Unicode></TextEquiv></TextLine><TextLine id="l20"><Coords points="547,723 671,724 671,684 639,684 635,686 617,687 610,690 548,692 288,694 203,696 45,695 45,727 328,727"/><TextEquiv><Unicode/></TextEquiv><TextEquiv index="1"><Unicode>Vix ſatis expleri poſſunt: &amp; ab æthere miſſi</Unicode></TextEquiv></TextLine><TextLine id="l21"><Coords points="598,756 688,756 688,726 410,726 255,729 48,728 48,759 530,759"/><TextEquiv><Unicode/></TextEquiv><TextEquiv index="1"><Unicode>Siue homines, ſiue heroës ſint, ſiue Deorum</Unicode></TextEquiv></TextLine><TextLine id="l22"><Coords points="669,758 572,758 530,760 238,761 187,763 48,761 48,793 450,793 533,791 640,791 647,793 669,793"/><TextEquiv><Unicode/></TextEquiv><TextEquiv index="1"><Unicode>Numina, adorantum ritu, precibusq; ſalutant:</Unicode></TextEquiv></TextLine><TextLine id="l23"><Coords points="485,825 609,825 609,793 40,796 40,827 382,827"/><TextEquiv><Unicode/></TextEquiv><TextEquiv index="1"><Unicode>Ante alios ipſum Regem, cui munera læta,</Unicode></TextEquiv></TextLine><TextLine id="l24"><Coords points="523,858 597,858 597,826 383,827 307,829 45,828 45,860 451,860"/><TextEquiv><Unicode/></TextEquiv><TextEquiv index="1"><Unicode>Eripis collectum aurum, &amp; cerealia dona,</Unicode></TextEquiv></TextLine><TextLine id="l25"><Coords points="327,893 519,893 571,891 646,891 646,860 266,861 141,863 45,862 45,894 244,895"/><TextEquiv><Unicode/></TextEquiv><TextEquiv index="1"><Unicode>Et patrios fructus, &amp; mella liquentia portant.</Unicode></TextEquiv></TextLine><TextLine id="l26"><Coords points="504,927 545,925 639,924 639,892 571,892 519,894 327,894 244,896 49,895 49,926 73,928 300,928"/><TextEquiv><Unicode/></TextEquiv><TextEquiv index="1"><Unicode>Veſtibus ipſi etiam noſtris, &amp; munere multo</Unicode></TextEquiv></TextLine><TextLine id="l27"><Coords points="653,957 653,925 545,926 504,928 300,929 73,929 47,927 47,961 453,961"/><TextEquiv><Unicode/></TextEquiv><TextEquiv index="1"><Unicode>Donati, exceptiq; mero noua gaudia miſcent.</Unicode></TextEquiv></TextLine><TextLine id="l28"><Coords points="698,960 537,960 453,962 331,961 263,963 51,962 51,994 136,996 228,996 331,993 496,994 550,992 690,992 698,996"/><TextEquiv><Unicode/></TextEquiv><TextEquiv index="1"><Unicode>Non aliter, quàm ſi menſis, dapibusq; Deorum</Unicode></TextEquiv></TextLine><TextLine id="l29"><Coords points="625,1025 625,994 331,994 228,997 136,997 47,995 47,1028 315,1028"/><TextEquiv><Unicode/></TextEquiv><TextEquiv index="1"><Unicode>Mortalis quiſquam adſcitus, felixq; futurus</Unicode></TextEquiv></TextLine><TextLine id="l30"><Coords points="603,1058 603,1027 47,1029 47,1060 436,1060"/><TextEquiv><Unicode/></TextEquiv><TextEquiv index="1"><Unicode>Hauriat æternum, cœleſtia pocula, nectar.</Unicode></TextEquiv></TextLine><TextLine id="l31"><Coords points="497,1091 664,1091 664,1060 437,1060 382,1062 265,1063 49,1062 49,1094 370,1094"/><TextEquiv><Unicode/></TextEquiv><TextEquiv index="1"><Unicode>Ergo, vbi amicitiæ ſecuros, fœdere vtrinque</Unicode></TextEquiv></TextLine><TextLine id="l32"><Coords points="688,1092 497,1092 448,1094 113,1097 53,1096 53,1127 688,1127"/><TextEquiv><Unicode/></TextEquiv><TextEquiv index="1"><Unicode>Firmauere animos, habita &amp; commercia gentis</Unicode></TextEquiv></TextLine><TextLine id="l33"><Coords points="476,1159 476,1127 370,1127 318,1129 50,1128 50,1160 401,1160"/><TextEquiv><Unicode/></TextEquiv><TextEquiv index="1"><Unicode>Ipſi inter ſeſe Reges in litore læti</Unicode></TextEquiv></TextLine><TextLine id="l34"><Coords points="709,1156 533,1156 529,1158 491,1160 333,1161 297,1163 28,1161 28,1193 343,1194 575,1191 585,1192 588,1194 709,1194"/><TextEquiv><Unicode/></TextEquiv><TextEquiv index="1"><Unicode>Complexu iungunt dextras, &amp; fœdera firmant.</Unicode></TextEquiv></TextLine><TextLine id="l35"><Coords points="544,1225 544,1193 439,1193 251,1196 51,1194 51,1226 57,1227 436,1227"/><TextEquiv><Unicode/></TextEquiv><TextEquiv index="1"><Unicode>Ater goſſipio tenui pectusq; femurq;</Unicode></TextEquiv></TextLine><TextLine id="l36"><Coords points="438,1268 446,1265 457,1265 462,1260 467,1258 479,1257 578,1257 666,1259 675,1260 683,1264 707,1265 712,1260 712,1222 589,1222 585,1224 571,1226 312,1229 79,1229 47,1227 47,1269 364,1269"/><TextEquiv><Unicode/></TextEquiv><TextEquiv index="1"><Unicode>Præcinctus, viridi limbum pingente ſmaragdo,</Unicode></TextEquiv></TextLine><TextLine id="l37"><Coords points="782,1255 782,1278 838,1278 838,1255"/><TextEquiv><Unicode/></TextEquiv><TextEquiv index="1"><Unicode>Orn</Unicode></TextEquiv></TextLine><TextEquiv><Unicode/></TextEquiv></TextRegion></Page></PcGts>