868 1351
257 35 598 68 HIERONIMI
39 30 135 67 1oys
52 78 635 114 Ora niger; iaculo armatur cui dextera acuto,
51 110 611 145 Squamoſi ſpolium ſuſtentat læua draconis.
51 145 589 180 Alter at intexto lænam circundatus auro,
45 172 707 213 Quam ſubter rutila arma micant, capiti ærea caſs
32 211 594 245 Inſidet, & pictæ volitant in vertice criſtæ;
50 243 605 279 Fulgenti ex auro torques cui candida colla
51 276 639 313 Cingunt, atque enſis lateri dependet Iberus,
50 310 624 346 Et iam commiſti populi, hoſpitioq; recepti
49 344 588 380 Hi tectis domibusq;, altis in nauibus illi,
48 379 579 412 Lætitia ludisq; dies per pocula ducunt.
50 409 607 442 Forre loco lux feſta aderat, Soliq; parabant
49 444 569 479 Vltoti facere vmbroſo ſacra annua luco:
48 474 701 511 Heſperiæq;, Ophyræq; manus conuenerat omnis.
49 508 632 540 Hic conualle caua, ripæ viridant;s in herba,
51 541 647 575 Selectorum ingens numerus, matresq;, viriq;
49 575 623 610 Confuſi, plebs atque patres, pueriq; ſenesq;
48 608 601 642 Adſtabant, animis triſtes, & corpora fœdi,
50 642 615 679 Squalentes cruſtis omnes, taboq; fluentes:
48 675 597 712 Quos circunfuſos albenti in veſte ſacerdos
48 708 631 744 Pura luſtrat aquâ, & ramo frondentis Hyaci.
49 743 713 776 Tum niueum ante aras cædit de more iuuencu
48 776 580 812 Et iuxta poſitum paſtorem ſanguine cæſi
30 810 576 844 Reſpergit, pateraq; rigat; Soliq; potenti
48 843 611 876 Ad numeros pæana canit: nec cetera turba
49 870 743 912 Non ſequitur, mactantq; ſues, mactantq; bidentes
48 910 610 944 Viſceribusq; veru toſtis epulantur in herba.
49 943 590 978 Obſtupuit gens Europæ ritusq; ſacrorum,
50 975 679 1010 Contagemq; alio non vſquam temporeviſam.
48 1009 693 1041 At dux multa animo tæcitus ſecum ipſe volutans,
47 1042 691 1074 Hic erat ille, inquit, morbus, Dii auertite caſum
49 1075 653 1109 Ignotum interpres Phœbi quem dita canebat.
47 1107 718 1143 Tum Regem indigenam vt ſermo fandiq; facultas
45 1142 674 1173 Iam communis etat cui ſint ſolennia Dium,
42 1175 643 1208 Scitatur: quid tanta adſtet conualle ſub altâ
43 1205 734 1241 Languentum miſeranda manus? quid paſtor ad afas
751 1241 824 1266 Sacra
