<PcGts xmlns="http://schema.primaresearch.org/PAGE/gts/pagecontent/2017-07-15" xmlns:xsi="http://www.w3.org/2001/XMLSchema-instance" xsi:schemaLocation="http://schema.primaresearch.org/PAGE/gts/pagecontent/2017-07-15 http://schema.primaresearch.org/PAGE/gts/pagecontent/2017-07-15/pagecontent.xsd"><Metadata><Creator>User123</Creator><Created>2020-04-25T21:20:14</Created><LastChange>2020-04-25T21:20:14</LastChange></Metadata><Page imageFilename="1152.png" imageHeight="1361" imageWidth="866"><TextRegion id="r0" type="paragraph"><Coords points="1,1 864,1 864,1359 1,1359"/><TextLine id="r0_l001"><Coords points="272,37 272,63 594,63 594,37"/><TextEquiv index="1"><Unicode>IERONYMI</Unicode></TextEquiv></TextLine><TextLine id="r0_l002"><Coords points="48,39 48,60 107,60 107,39"/><TextEquiv index="1"><Unicode>Iao</Unicode></TextEquiv></TextLine><TextLine id="r0_l003"><Coords points="675,78 51,78 51,111 109,113 675,113"/><TextEquiv index="1"><Unicode>Vrebat nemora; &amp; nullas paſtoribus vmbras</Unicode></TextEquiv></TextLine><TextLine id="r0_l004"><Coords points="735,113 729,113 720,116 208,115 51,113 51,142 735,142"/><TextEquiv index="1"><Unicode>Præbebant ſiluæ; nullum dabat aura leuamen.</Unicode></TextEquiv></TextLine><TextLine id="r0_l005"><Coords points="661,150 654,149 323,148 236,149 51,146 51,178 69,178 84,180 661,180"/><TextEquiv index="1"><Unicode>Ille gregem miſeratus, &amp; acri concitus æſtu,</Unicode></TextEquiv></TextLine><TextLine id="r0_l006"><Coords points="706,215 710,213 710,185 705,182 698,184 651,184 605,182 111,182 83,180 51,180 51,212 58,213 591,216"/><TextEquiv index="1"><Unicode>Sublimem in Solem vultus &amp; lumita tollens,</Unicode></TextEquiv></TextLine><TextLine id="r0_l007"><Coords points="792,216 50,216 50,245 54,246 119,248 242,247 270,249 792,249"/><TextEquiv index="1"><Unicode>Nam quid Sol teinquit, rerum patremque Deumque</Unicode></TextEquiv></TextLine><TextLine id="r0_l008"><Coords points="684,251 52,249 52,279 156,282 684,283"/><TextEquiv index="1"><Unicode>Dicimus, &amp; ſacras vulgus rude ponimus aras,</Unicode></TextEquiv></TextLine><TextLine id="r0_l009"><Coords points="702,285 580,283 354,284 51,282 51,314 67,315 702,315"/><TextEquiv index="1"><Unicode>Mactatoqua boue, &amp; pingui veneramur acerr;</Unicode></TextEquiv></TextLine><TextLine id="r0_l010"><Coords points="636,318 634,317 342,318 57,315 57,348 189,348 262,350 636,350"/><TextEquiv index="1"><Unicode>Si noſtri nec cura tibi eſt, nec regia tangunt</Unicode></TextEquiv></TextLine><TextLine id="r0_l011"><Coords points="706,350 54,350 54,381 706,382"/><TextEquiv index="1"><Unicode>Armenta? an potiùs Superos vos arbitrer vri</Unicode></TextEquiv></TextLine><TextLine id="r0_l012"><Coords points="622,384 344,385 237,383 53,383 53,413 100,413 114,415 622,415"/><TextEquiv index="1"><Unicode>Inuidia? mihi mille niuis candore iuuencæ,</Unicode></TextEquiv></TextLine><TextLine id="r0_l013"><Coords points="671,418 552,415 433,417 215,417 57,415 57,447 671,448"/><TextEquiv index="1"><Unicode>Mille mihi paſcuntur oues: vix eſt tibi Tauru</Unicode></TextEquiv></TextLine><TextLine id="r0_l014"><Coords points="55,449 55,480 573,480 573,449"/><TextEquiv index="1"><Unicode>Vnus, vi Aries cœlo ſi vera feruntur</Unicode></TextEquiv></TextLine><TextLine id="r0_l015"><Coords points="601,483 595,482 57,481 57,512 60,513 601,513"/><TextEquiv index="1"><Unicode>Vnus &amp; armenti cuſtos Canis arida tanti.</Unicode></TextEquiv></TextLine><TextLine id="r0_l016"><Coords points="594,515 298,514 77,515 51,513 51,547 594,547"/><TextEquiv index="1"><Unicode>Demens quin potis Regi diuina faceſſo,</Unicode></TextEquiv></TextLine><TextLine id="r0_l017"><Coords points="675,547 442,549 56,548 56,580 675,580"/><TextEquiv index="1"><Unicode>Cui tot agri, tot ſunt populi, cui lata miniſtrant</Unicode></TextEquiv></TextLine><TextLine id="r0_l018"><Coords points="683,583 222,581 194,583 152,583 54,581 54,613 64,614 683,614"/><TextEquiv index="1"><Unicode>quora, &amp; eſt Superis, ac Sole potentia maior?</Unicode></TextEquiv></TextLine><TextLine id="r0_l019"><Coords points="710,617 694,616 240,615 223,616 55,614 55,646 64,647 257,649 710,649"/><TextEquiv index="1"><Unicode>Ille dabit facileſque auras, friguſque virentum</Unicode></TextEquiv></TextLine><TextLine id="r0_l020"><Coords points="710,650 278,649 257,650 56,648 56,681 710,681"/><TextEquiv index="1"><Unicode>Dulce feret nemorum armentis, æſtumq; leuabit.</Unicode></TextEquiv></TextLine><TextLine id="r0_l021"><Coords points="667,684 59,682 59,712 667,712"/><TextEquiv index="1"><Unicode>Sic fatus, mora nulla, ſacras in montibus aras</Unicode></TextEquiv></TextLine><TextLine id="r0_l022"><Coords points="583,716 136,717 57,715 57,747 72,748 583,749"/><TextEquiv index="1"><Unicode>Inſtituit regi Alcithoo, &amp; diuina faceſſit.</Unicode></TextEquiv></TextLine><TextLine id="r0_l023"><Coords points="706,747 642,747 633,750 474,749 389,751 253,750 164,751 55,748 55,781 63,782 706,784"/><TextEquiv index="1"><Unicode>Hoc manus agreſtum, hoc paſtorum cetera turba</Unicode></TextEquiv></TextLine><TextLine id="r0_l024"><Coords points="636,785 191,784 53,782 53,816 636,816"/><TextEquiv index="1"><Unicode>Exequitur: dant tura focis incenſa, litantque</Unicode></TextEquiv></TextLine><TextLine id="r0_l025"><Coords points="767,815 703,815 699,817 642,818 60,817 60,849 767,850"/><TextEquiv index="1"><Unicode>Sanguine taurorum, &amp; fumantia viſcera torrent.</Unicode></TextEquiv></TextLine><TextLine id="r0_l026"><Coords points="679,851 61,850 61,883 679,883"/><TextEquiv index="1"><Unicode>Quæ poſtquam Rex, in ſolio dum forte ſederet</Unicode></TextEquiv></TextLine><TextLine id="r0_l027"><Coords points="723,884 295,885 122,883 57,884 57,916 232,915 250,917 723,917"/><TextEquiv index="1"><Unicode>Subiectos inter populos, turbamque frequentem,</Unicode></TextEquiv></TextLine><TextLine id="r0_l028"><Coords points="613,919 603,918 56,917 56,949 613,949"/><TextEquiv index="1"><Unicode>Agnouit; Diuûm exhibito gauiſus honore</Unicode></TextEquiv></TextLine><TextLine id="r0_l029"><Coords points="583,952 51,950 51,980 583,980"/><TextEquiv index="1"><Unicode>Non vllum tellure coli ſe vindice numen</Unicode></TextEquiv></TextLine><TextLine id="r0_l030"><Coords points="595,985 459,986 376,984 54,984 54,1016 595,1017"/><TextEquiv index="1"><Unicode>Imperat, eſſe nihil terrâ ſe maius in ips:</Unicode></TextEquiv></TextLine><TextLine id="r0_l031"><Coords points="792,1016 644,1016 637,1018 519,1019 59,1017 59,1049 218,1051 792,1051"/><TextEquiv index="1"><Unicode>Cœlo habitare Deos, nec eorum hoc eſſe, quod infra qt.</Unicode></TextEquiv></TextLine><TextLine id="r0_l032"><Coords points="701,1053 686,1052 58,1051 58,1082 65,1083 211,1085 701,1085"/><TextEquiv index="1"><Unicode>Viderat hæc, qui cuncta videt, quiſingula luſtrat,</Unicode></TextEquiv></TextLine><TextLine id="r0_l033"><Coords points="714,1087 701,1086 333,1085 211,1086 57,1084 57,1117 714,1118"/><TextEquiv index="1"><Unicode>Sol pater, atque animo ſecum indignatus, iniquos</Unicode></TextEquiv></TextLine><TextLine id="r0_l034"><Coords points="565,1119 56,1118 56,1150 565,1151"/><TextEquiv index="1"><Unicode>Intorſit radios, &amp; lumine fult acerbo.</Unicode></TextEquiv></TextLine><TextLine id="r0_l035"><Coords points="648,1149 629,1149 620,1152 54,1151 54,1183 648,1185"/><TextEquiv index="1"><Unicode>Adſpectu quo Terra parens, correptaq; ponti</Unicode></TextEquiv></TextLine><TextLine id="r0_l036"><Coords points="597,1186 54,1184 54,1216 597,1217"/><TextEquiv index="1"><Unicode>Aquora, quo tactus viro ſubcanduit aër.</Unicode></TextEquiv></TextLine><TextLine id="r0_l037"><Coords points="647,1244 647,1221 642,1219 317,1217 216,1219 55,1217 55,1250 641,1250"/><TextEquiv index="1"><Unicode>Piotinus illuuies tertis ignota profanis</Unicode></TextEquiv></TextLine><TextLine id="r0_l038"><Coords points="710,1250 710,1278 830,1278 830,1250"/><TextEquiv index="1"><Unicode>Exoritut</Unicode></TextEquiv></TextLine><TextLine id="r0_l039"><Coords points="44,1296 44,1320 94,1320 94,1296"/><TextEquiv index="1"><Unicode></Unicode></TextEquiv></TextLine></TextRegion></Page></PcGts>