1042 1366
218 39 607 65 FRACASTORII.
38 81 584 116 Exoritur. primm, Regi qui ſanguine fuſo
15 117 626 148 Inſtituit diuina, ſacraſque in montibus ars
1 150 625 184 Syphilus, oſtendit turpes per corpus achores.
17 184 649 217 Inſomnes primus noctes, conuulſaq; membra
35 217 627 250 Senſit, & à primo traxit cognomina morbus,
38 251 613 285 Syphilidemque ab eo labem dixere coloni,
37 283 666 317 Et mala iam vulgo cunctas diffuſa per vrbes
37 317 580 350 Peſtis erat, Regi nec ſæua pepercerat ipſi.
30 350 708 385 Itur ad Ammericen ſiluarin Cartheſide Nympham,
40 386 745 418 Cultricem nemorum Ammericen, quæ maxima lueo
38 418 609 452 Interpres Diuûm reſponſa canebat ab alto.
42 450 669 486 Scitantur, quæ cauſſa mali, quæ cura ſuperfit?
40 486 596 518 Illa refert: ſpreti vos ò, vos numim Solis
40 518 588 552 Exercent; nulli fas eſt ſe æquare Deorum
41 552 644 581 Mortalem: date tura Deo, & ſua ducite ſacra,
1 586 603 619 Et numen placate, iras non proferet vltra.
41 618 742 656 Quam tulit, ætena est, nec iam reuocabilis vnquam
41 653 603 686 Peſtis erit: quicunque ſolo naſcetur in iſto,
44 687 622 720 Sentiet; ille lacus Stygios. fatumq; ſeuerum
38 720 611 750 Iurauit, fedenim, ſi iam medicamina certa
41 754 670 787 Expetitis, niueam magnæ mactate iuuencam
12 787 620 821 Iunoni, magnæ nigrantem occidite vaccam
43 820 574 854 Telluri: illa dabit felicia ſemina ab alto:
42 853 642 888 Hæc viridem educet felici e ſemine ſiluam:
41 887 715 921 Vnde ſalus: fimul obticuit; ſpecus intus & omne
41 921 693 955 Excufſum nemus, & circum ſtetit horror vbique.
39 954 574 989 Hli obeunt mandata; ſua ipſi altaria Soli
41 989 677 1022 Inftituunt: niueam Iuno tibi magna iuuencam,
1 1022 684 1055 Nigrantem Tellus mactant tibi maxima vaccam.
43 1054 810 1089 Mira edam at Diuos iuro, & monumenta parentum
44 1088 763 1122 Hæc ſacra, quam nemore hoc toto vos cernltis, arbos,
43 1121 667 1156 Ante ſolo nunquam fuerat quæ cognita in iſto.
43 1156 632 1181 Protinus terravirides emittere frondes
43 1188 597 1222 Incipit, & magnâ campis pubeſcere ſilu.
41 1222 573 1253 Annua confeſtim Solifacienda ſacerdos
739 1251 823 1280 vltos
