867 1349
282 29 635 55 HIERONYMI
65 70 575 105 Vltori noua ſacra canit. deducitur ipſe
68 105 688 139 Sorte datâ, qui pro cunctis cadat vnus ad aram,
68 138 705 172 Syphilus: & iam farre ſacro, v. ttiſque paratis
65 171 629 204 Purpureo ſtabat tincturus ſanguine cultros:
66 206 623 239 Tutatrix vetuit Iuno, & iam mitis Apollo,
63 239 745 273 Qui meliorem animam miſeri pro morte iuuencum
64 271 672 305 Suppoſuere, feroque ſolum lauere cruore.
62 305 729 339 Ergo eius facti æternùm vt monumenta manerent,
63 338 710 372 Hinc morem antiqui primum ſlatuere quotannis
65 373 667 405 Sacrorum; ille tuum teſtatur Syphile crimen,
61 405 637 439 Victima vana, ſacras deductus paſtor ad aras,
60 438 719 471 Illa omnis, quam cernis, inops miſerandaq; turba
64 471 726 503 Tacta Deo eſt, veterumq; luit commiſſa parentum.
61 502 684 536 Cui votis, precibuſque piis, numeriſq; ſacerdos
61 536 597 569 Corciliat vates Diuos, & Apollinis iras.
61 568 606 601 Luſtrati ingentes ramos, & robora ſanctæ
60 602 598 632 Arboris aduectant tectis: libamine cuius
60 636 577 671 Vi mira infandæ labis contagia pellunt.
66 671 682 709 alibus, atq; aliis tempus per multa trahebant
62 703 636 739 Diuerſis populi commiſti e partibus orbis.
59 738 646 772 Interea, Europæ fuerant quæ ad cara remiſſæ
59 770 651 806 Littora, iam rurſus puppes freta lata remenſe
59 803 668 838 Mira ferunt; late pro fata occulta Deorum?
58 839 657 870 Contagem Europæ cœlo crebreſcere eandem,
59 870 613 904 Attonitaſque vrbes nullis agitare medelis.
59 903 656 936 Quin etiam grauior naues it rumor in omnes,
56 937 651 973 Illo eodem claſſem morbo, iuuenumq; teneri
59 969 794 1007 Haud numerum exiguum, & totis tabeſcere membris.
60 1004 698 1036 Ergo haud immemores, diras ceciniſſa volucies
58 1037 659 1074 Affore, cùm ſilu auxilium poſcatur ab illâ,
58 1069 673 1106 Continuo faciles Nymphas, Solemque precati,
64 1105 599 1131 Intacti nemoris ramos, & robora ab alto
57 1137 649 1172 Conuectare parant luco, medicataq; ſumunt
55 1169 643 1203 Pocula, pro ritu gentis; quo munere tandem
57 1202 690 1238 Contagem pepulere ſeram. quin dona Deorum,
758 1243 836 1270 Haud
