1032 1345
201 29 615 54 FRACASTORII.
8 69 652 105 Haud patriæ obliti, & felicem ad litora luam
21 105 565 133 Noſtra iubent ferri, cœlo ſi forſitan iſto
39 138 618 171 Aſſimilem pellant labem; nec fata ſecundos
20 171 725 206 Ipſa negant Cephyros, faciliſq; adſpirat Apollo.
6 205 596 237 Munera vos Diuûm primi accepiſtis Iberi,
17 238 661 272 Præſens mirati auxilum; nunc cognita Gallis,
38 272 686 305 Germaniſque, Scythiſque orbe & gauiſa Latino
36 304 696 338 Iam nunc Europam vecta eſt Huyacus in omnem.
37 338 668 372 Slue magna Deûm manibus ſata ſemine ſacro,
18 372 641 406 Palcra comis ſpectata nouis virtutibus arbos;
37 403 741 438 Spes hominum, externi decus, & noua gloria mundit
38 438 593 472 Fortunata nimis, natam ſi numina tantum
43 471 679 505 Orbe ſub hoc, homines inter gentemq; Deorum
24 504 583 539 Perpetuâ ſacram voluiſſent creſcere ſilu.
1 538 609 572 Ipſa tamen, ſi quâ noſtro te carmine Muſæ
19 572 710 606 Ferre per ora virim poterunt, hac tu quoque parte
40 605 611 639 Noſeeris, cœloque etiam cantabere noſtro.
19 638 617 673 Si non te Bactra, & tellus extrema ſub Aicto,
20 670 740 705 Non Meroe, Libyciſque Ammon combuſtus arenis,
22 705 606 737 At Latium, at viridis Benaci ad flumina ripa
36 738 594 767 Audiet, & molles Atheſi labente receſſus.
37 772 623 805 Et ſat erit, ſi te Tiberini ad luminis vndam
21 805 649 841 Interdum leget, & referet tua nomina Bembus.
148 860 608 893 Alcon, iue de cura canum enatieorum.
9 902 556 936 Adſiduis nuper feſſus venatibus Alcon,
17 936 502 968 Falleret æſtiui vt faſtidia longa diei,
36 968 583 1002 Coruini quà ſe nemora excelfiſſima cœlo
20 1000 645 1034 Extollunt, viridi dum captat frigus in vmbrà;
34 1036 625 1069 Dicitur ad iuuenem ſenior ſic fatus Acaſtum.
30 1068 542 1101 Me ſegnes artus, defectaq; viribus ætas
33 1101 597 1134 Et ſuperareiuga, & latis diſcurrere campis.
29 1135 629 1169 Et torquere leues haſtas, & ferre pharetram,
38 1167 662 1202 Nate, vetant, denſaque indagine cingere ſiluas:
1 1201 644 1239 Sed te puluereum curſu tranſmittere campum
739 1231 810 1264 Ferre
