871 1358
272 40 590 77 HIERSNYMI
48 92 665 128 Ferreæſtum friguſque, leues agitare Moloſſos
51 128 618 161 Et pinguem ſiluis ad tecta auertere prædam
50 162 728 195 Nunc decet, ac validam pro me exercere iuuentam
51 195 740 227 En arcum, pharetramq; tibi, iaculumq; relinquo:
55 228 663 262 Ne tamen vſque adeo plenæ confide pharetræ,
53 262 653 295 Vt poſtrema canum interea tibi cura putetur:
54 296 737 328 Quorum ope veloces poteris præuertere ceruos,
53 328 738 361 Aut aprum ingentem, autfuluum ſuperare leonem
53 361 708 396 Ergo age, & hæc tecum ſemper mandata reſerua.
52 395 709 428 Principio vt generoſa canum tibi copia numquam
53 427 665 461 Deſit, quæ certam valeat promittere prædam;
54 460 608 493 Elige degeneri nequaquam ſemine natos,
55 493 553 525 Sed quos aſſidue ſiluis exercuit altis
54 525 676 560 Et labor indomitus, ſæuarum & præda ferarum.
57 559 706 593 Nec vero parui formamque, genuſque putaris:
56 592 780 627 Nam neque ſunt animi, neque mores omnibus iidem
35 625 699 660 Et variæ diuerſa canum dant ſemina gentes.
35 660 596 694 Nam rabidas ſi forte feras te cura tenebit
55 693 597 727 Venari, & variis caput obiectare periclis;
55 725 652 759 Spartanâ de ſtirpe tibi, de ſtirpe Moloſsâ
56 760 682 794 Quære canes; Lybicos illis, acreſque Britannos
55 794 678 826 Pannonioſque truces, & amantes prælia Celtas
55 828 660 861 Adde; nec Hircanos, nec Seras ſperne feroces.
58 861 612 894 Si vero paruos lepores, capreaſque fugaces
56 893 645 926 Malueris, timidoſque ſequi per deuia ceruos,
56 927 677 960 Delige Pæonios agiles, volucreſque Sicambros.
60 959 695 995 Quod tibi ſi latebras, abſtruſaque luſtra fertarum
58 994 622 1026 Rimari certa catulorum indagine cordi eſt,
58 1027 657 1060 Hunc vſum implebit Perſes, & Saxogelonus.
58 1060 664 1094 At genere ex omni præſertim delige, quæ nec
60 1094 627 1126 Corpore ſit gracili, nec denſis aſpera villis;
60 1126 687 1158 Sed ſublime caput, viuacia lumina, & amplam
61 1159 677 1192 Oſtentet frontem, atque ingentes oris hiatus;
59 1192 610 1225 Cui rectæ ſurgant aures cui pinguia terga
59 1225 682 1258 Diuidat in caudam deſcendens ſpina refexams
780 1260 847 1288 int
