1038 1353
220 31 614 61 FRACASTORII
761 37 815 64 toss
34 73 571 108 nt armi lati, ſint æquè pectoralata:
35 107 648 142 Lata aluus, quæ ſic coſtis adiungitur imis.
37 140 658 179 Vt tamen in ſpatium ſenſim ſe colligat arctum:
34 175 534 202 t caua diductis ſuecedant ilia coſtis,
34 204 628 242 xcipiant ſiccis quas fortia crura lacertis.
38 242 598 277 Ima pedum paruâ ſignent veſtigia plantâ.
37 274 694 308 Huic ſimilem coniunge marem, cum ver tepenti
40 308 808 346 Tangit amor genus omne auium, genus omne ferarum
33 343 624 376 Biſquinos tamen ante dies accenſus vterque
32 376 670 409 In Venerem, Venere abſtineant: ſic plena libido
40 410 651 443 Acrius exſtimulat, vireſque ad ſemina pr;bet:
41 443 658 476 Hinc maior ſoboles, atque inde valentior exit.
41 476 598 510 Quæ ſimul ac ſeſe numeroſo protulit ortu,
40 510 636 544 Selige de multis quos iam præſtare videbis
42 542 673 575 Pondere; vel ſtipulæ flammis include ſonoris
3 576 636 610 Ingentem turbam: prolis nam mota periclo,
40 609 663 642 Egregiam ſobolem, melioraque pignora mate
42 643 579 677 Ocyus eripiet lammis, & inertia linquet.
41 676 581 709 Ili igitur plenis vbi nondum viribus ætas
42 710 631 743 Acceſſit, paruum curſu conſcendere collem,
37 743 574 769 Et molli aſſueſcant ſeſe dimittere cliuo.
33 777 815 810 Hinc tenerum leporem, vel crurainfirma trahentem
47 810 685 844 Sectari capream, & facilem percurrere campum
2 842 627 876 Incipiat, verbiſque viri parëre vocantis.
38 873 696 908 Nulla mora eſt, ipſis creſcant cum viribus anni,
36 909 631 943 am potes hos tuto denſis committere ſiluis;
41 943 673 980 Perque altos montes per luſtra agitareferarum.
43 977 664 1010 Nec minus aut apro, aut fuluo obioctare lconi;
36 1010 644 1044 Si modo vel capreas, vel dedignabere ceruos.
37 1044 652 1076 Immodicis tum parce cibis, tum curbus illos
42 1077 582 1108 Exece aſſiduis; ac mux ad tecta reuerti,
39 1109 673 1144 Vincla pati diſcant: ita demum libera colla,
45 1140 713 1177 Càm s ipſa, vſuſqueocat, maiore feruntur
37 1177 680 1212 Hapete, nec curſum moratur pigra ſagina.
37 1211 605 1247 Hactenus iſis tuls eduximus altis:
689 1237 825 1268 Nunc
