<?xml version="1.0" encoding="UTF-8" standalone="no"?><PcGts xmlns="http://schema.primaresearch.org/PAGE/gts/pagecontent/2019-07-15" xmlns:xsi="http://www.w3.org/2001/XMLSchema-instance" xsi:schemaLocation="http://schema.primaresearch.org/PAGE/gts/pagecontent/2019-07-15 http://schema.primaresearch.org/PAGE/gts/pagecontent/2019-07-15/pagecontent.xsd"><Metadata><Creator/><Created>2022-04-12T16:24:56</Created><LastChange>1970-01-01T00:00:00</LastChange><Comments/></Metadata><Page imageFilename="1157.png" imageHeight="1353" imageWidth="1038"><TextRegion id="r1" orientation="0.0" type="paragraph"><Coords points="1,1 1036,1 1036,1351 1,1351"/><TextLine id="l1"><Coords points="220,31 220,61 614,61 614,31"/><TextEquiv><Unicode/></TextEquiv><TextEquiv index="1"><Unicode>FRACASTORII</Unicode></TextEquiv></TextLine><TextLine id="l2"><Coords points="571,73 34,73 34,108 571,108"/><TextEquiv><Unicode/></TextEquiv><TextEquiv index="1"><Unicode>nt armi lati, ſint æquè pectoralata:</Unicode></TextEquiv></TextLine><TextLine id="l3"><Coords points="648,141 648,107 578,107 571,109 304,108 144,110 35,109 35,142 562,142"/><TextEquiv><Unicode/></TextEquiv><TextEquiv index="1"><Unicode>Lata aluus, quæ ſic coſtis adiungitur imis.</Unicode></TextEquiv></TextLine><TextLine id="l4"><Coords points="658,140 651,142 562,143 219,142 147,144 37,143 37,174 48,175 520,175 583,179 658,179"/><TextEquiv><Unicode/></TextEquiv><TextEquiv index="1"><Unicode>Vt tamen in ſpatium ſenſim ſe colligat arctum:</Unicode></TextEquiv></TextLine><TextLine id="l5"><Coords points="534,177 520,176 199,175 162,177 66,177 34,175 34,202 534,202"/><TextEquiv><Unicode/></TextEquiv><TextEquiv index="1"><Unicode>t caua diductis ſuecedant ilia coſtis,</Unicode></TextEquiv></TextLine><TextLine id="l6"><Coords points="628,241 628,204 605,204 595,210 181,209 93,211 34,209 34,242 607,242"/><TextEquiv><Unicode/></TextEquiv><TextEquiv index="1"><Unicode>xcipiant ſiccis quas fortia crura lacertis.</Unicode></TextEquiv></TextLine><TextLine id="l7"><Coords points="598,276 598,243 504,244 444,242 313,242 156,243 94,245 38,244 38,276 421,275 465,277 516,277"/><TextEquiv><Unicode/></TextEquiv><TextEquiv index="1"><Unicode>Ima pedum paruâ ſignent veſtigia plantâ.</Unicode></TextEquiv></TextLine><TextLine id="l8"><Coords points="694,274 650,274 641,277 516,278 465,278 421,276 37,277 37,308 694,308"/><TextEquiv><Unicode/></TextEquiv><TextEquiv index="1"><Unicode>Huic ſimilem coniunge marem, cum ver tepenti</Unicode></TextEquiv></TextLine><TextLine id="l9"><Coords points="808,308 696,310 242,309 141,311 95,310 79,311 40,309 40,342 54,343 137,344 264,342 625,342 683,343 689,346 808,346"/><TextEquiv><Unicode/></TextEquiv><TextEquiv index="1"><Unicode>Tangit amor genus omne auium, genus omne ferarum</Unicode></TextEquiv></TextLine><TextLine id="l10"><Coords points="624,343 264,343 137,345 82,345 33,343 33,375 624,376"/><TextEquiv><Unicode/></TextEquiv><TextEquiv index="1"><Unicode>Biſquinos tamen ante dies accenſus vterque</Unicode></TextEquiv></TextLine><TextLine id="l11"><Coords points="670,376 32,376 32,409 670,409"/><TextEquiv><Unicode/></TextEquiv><TextEquiv index="1"><Unicode>In Venerem, Venere abſtineant: ſic plena libido</Unicode></TextEquiv></TextLine><TextLine id="l12"><Coords points="651,410 40,411 40,442 651,443"/><TextEquiv><Unicode/></TextEquiv><TextEquiv index="1"><Unicode>Acrius exſtimulat, vireſque ad ſemina pr;bet:</Unicode></TextEquiv></TextLine><TextLine id="l13"><Coords points="658,444 527,445 329,443 41,443 41,475 658,476"/><TextEquiv><Unicode/></TextEquiv><TextEquiv index="1"><Unicode>Hinc maior ſoboles, atque inde valentior exit.</Unicode></TextEquiv></TextLine><TextLine id="l14"><Coords points="598,477 41,476 41,510 598,510"/><TextEquiv><Unicode/></TextEquiv><TextEquiv index="1"><Unicode>Quæ ſimul ac ſeſe numeroſo protulit ortu,</Unicode></TextEquiv></TextLine><TextLine id="l15"><Coords points="636,513 624,512 447,510 137,510 62,512 56,514 40,514 40,542 394,542 636,544"/><TextEquiv><Unicode/></TextEquiv><TextEquiv index="1"><Unicode>Selige de multis quos iam præſtare videbis</Unicode></TextEquiv></TextLine><TextLine id="l16"><Coords points="673,542 667,542 658,545 394,543 42,543 42,575 673,575"/><TextEquiv><Unicode/></TextEquiv><TextEquiv index="1"><Unicode>Pondere; vel ſtipulæ flammis include ſonoris</Unicode></TextEquiv></TextLine><TextLine id="l17"><Coords points="636,578 22,576 22,607 26,607 46,609 636,610"/><TextEquiv><Unicode/></TextEquiv><TextEquiv index="1"><Unicode>Ingentem turbam: prolis nam mota periclo,</Unicode></TextEquiv></TextLine><TextLine id="l18"><Coords points="663,611 634,612 40,609 40,642 663,642"/><TextEquiv><Unicode/></TextEquiv><TextEquiv index="1"><Unicode>Egregiam ſobolem, melioraque pignora mate</Unicode></TextEquiv></TextLine><TextLine id="l19"><Coords points="579,676 579,644 487,645 398,643 156,643 107,645 42,644 42,673 58,673 69,675 492,677"/><TextEquiv><Unicode/></TextEquiv><TextEquiv index="1"><Unicode>Ocyus eripiet lammis, &amp; inertia linquet.</Unicode></TextEquiv></TextLine><TextLine id="l20"><Coords points="581,677 483,678 41,676 41,709 581,709"/><TextEquiv><Unicode/></TextEquiv><TextEquiv index="1"><Unicode>Ili igitur plenis vbi nondum viribus ætas</Unicode></TextEquiv></TextLine><TextLine id="l21"><Coords points="631,710 42,710 43,741 150,743 631,743"/><TextEquiv><Unicode/></TextEquiv><TextEquiv index="1"><Unicode>Acceſſit, paruum curſu conſcendere collem,</Unicode></TextEquiv></TextLine><TextLine id="l22"><Coords points="574,745 451,745 346,743 37,743 37,769 574,769"/><TextEquiv><Unicode/></TextEquiv><TextEquiv index="1"><Unicode>Et molli aſſueſcant ſeſe dimittere cliuo.</Unicode></TextEquiv></TextLine><TextLine id="l23"><Coords points="33,777 33,810 789,810 789,776"/><TextEquiv><Unicode/></TextEquiv><TextEquiv index="1"><Unicode>Hinc tenerum leporem, vel crurainfirma trahentem</Unicode></TextEquiv></TextLine><TextLine id="l24"><Coords points="685,812 47,810 47,842 355,844 685,844"/><TextEquiv><Unicode/></TextEquiv><TextEquiv index="1"><Unicode>Sectari capream, &amp; facilem percurrere campum</Unicode></TextEquiv></TextLine><TextLine id="l25"><Coords points="627,848 607,846 22,842 22,873 134,876 626,876"/><TextEquiv><Unicode/></TextEquiv><TextEquiv index="1"><Unicode>Incipiat, verbiſque viri parëre vocantis.</Unicode></TextEquiv></TextLine><TextLine id="l26"><Coords points="696,875 681,873 633,873 623,878 613,879 478,879 385,877 134,877 38,875 38,907 40,908 696,908"/><TextEquiv><Unicode/></TextEquiv><TextEquiv index="1"><Unicode>Nulla mora eſt, ipſis creſcant cum viribus anni,</Unicode></TextEquiv></TextLine><TextLine id="l27"><Coords points="631,913 510,911 240,911 36,909 36,942 631,943"/><TextEquiv><Unicode/></TextEquiv><TextEquiv index="1"><Unicode>am potes hos tuto denſis committere ſiluis;</Unicode></TextEquiv></TextLine><TextLine id="l28"><Coords points="673,947 447,944 41,943 41,975 53,976 441,977 673,980"/><TextEquiv><Unicode/></TextEquiv><TextEquiv index="1"><Unicode>Perque altos montes per luſtra agitareferarum.</Unicode></TextEquiv></TextLine><TextLine id="l29"><Coords points="664,981 441,978 43,977 43,1008 46,1009 664,1010"/><TextEquiv><Unicode/></TextEquiv><TextEquiv index="1"><Unicode>Nec minus aut apro, aut fuluo obioctare lconi;</Unicode></TextEquiv></TextLine><TextLine id="l30"><Coords points="644,1014 452,1011 36,1010 36,1042 42,1043 644,1044"/><TextEquiv><Unicode/></TextEquiv><TextEquiv index="1"><Unicode>Si modo vel capreas, vel dedignabere ceruos.</Unicode></TextEquiv></TextLine><TextLine id="l31"><Coords points="652,1046 37,1044 37,1075 48,1076 652,1076"/><TextEquiv><Unicode/></TextEquiv><TextEquiv index="1"><Unicode>Immodicis tum parce cibis, tum curbus illos</Unicode></TextEquiv></TextLine><TextLine id="l32"><Coords points="42,1077 42,1108 582,1108 582,1077"/><TextEquiv><Unicode/></TextEquiv><TextEquiv index="1"><Unicode>Exece aſſiduis; ac mux ad tecta reuerti,</Unicode></TextEquiv></TextLine><TextLine id="l33"><Coords points="647,1109 644,1109 637,1112 597,1113 338,1111 100,1112 39,1110 39,1143 673,1144 673,1123 647,1123"/><TextEquiv><Unicode/></TextEquiv><TextEquiv index="1"><Unicode>Vincla pati diſcant: ita demum libera colla,</Unicode></TextEquiv></TextLine><TextLine id="l34"><Coords points="673,1145 627,1146 533,1145 306,1146 242,1144 45,1144 45,1177 673,1177"/><TextEquiv><Unicode/></TextEquiv><TextEquiv index="1"><Unicode>Càm s ipſa, vſuſqueocat, maiore feruntur</Unicode></TextEquiv></TextLine><TextLine id="l35"><Coords points="672,1179 672,1179 462,1178 305,1179 269,1177 37,1178 37,1212 155,1210 254,1210 284,1212 673,1212"/><TextEquiv><Unicode/></TextEquiv><TextEquiv index="1"><Unicode>Hapete, nec curſum moratur pigra ſagina.</Unicode></TextEquiv></TextLine><TextLine id="l36"><Coords points="605,1212 284,1213 254,1211 155,1211 37,1213 37,1247 605,1247"/><TextEquiv><Unicode/></TextEquiv><TextEquiv index="1"><Unicode>Hactenus iſis tuls eduximus altis:</Unicode></TextEquiv></TextLine><TextLine id="l37"><Coords points="736,1268 825,1268 825,1237 736,1237"/><TextEquiv><Unicode/></TextEquiv><TextEquiv index="1"><Unicode>Nunc</Unicode></TextEquiv></TextLine><TextEquiv><Unicode/></TextEquiv></TextRegion></Page></PcGts>