1530 1436
936 27 1257 53 IERONYMI
720 68 1372 104 Nune quæ morboſis ſit cura adhibenda, docebo.
719 103 1278 135 Inſomnes cum foite canes occulta fatigat.
722 136 1381 170 Vimque adimit, febris, putrem tunc ore cruorem
723 169 1350 203 Ferro emitte leui: dein Bacchica dona roſarum
723 202 1448 237 Miſce oleo, & rapidis ſimul omnia concoque flammis
724 237 1292 269 Terq; die inſerto demitte in guttura cornu.
725 270 1255 303 Si vero nimio venandi langueat æſtu,
723 302 1238 336 Butyro lapathi ſuccos. Siculique Lyæi
722 335 1352 370 Pocula, contuſumq; piper ſimulomnia miſcens
723 369 1320 403 Proſubige; vt certi ſimul ac commixa liquoris
724 403 1392 435 Prætulerint fpeciem, cupido canis hauriat ore.
725 435 1364 460 Immodicam ſed forte ſitim dum ſubleuat atro
724 467 1337 500 Fonte canis, lymphæ mala ſi ſucceſſit hirudo,
725 500 1205 534 Cimiceo ſuffire canem nidore licebit:
723 533 1341 567 Aut oleo ptiſanam & ſpumanti melle ſubactam
723 568 1377 601 Incoquere, offenſoque cane præbere vorandam
725 601 1296 633 Aut cum tetra lues clauos dixere palatum
722 634 1273 665 Afficiet miſerè, ſilueſtria ſeſama, nec non
722 668 1407 702 Bacchi acidos latices, & chartam ſume peruſtam,
720 702 1408 736 Atque Ammoniaci fruſtum; dein ſingula in vnum
721 735 1320 768 Confundens, tetræ cauſſam ſuperilline peſtis.
720 769 1287 802 Tum vero, ardentes oculos inimica perurit
721 802 1354 835 Cum tabes, crebræque fluunt à lumine guttæ,
718 834 1274 869 Iam frondes ſacræ myrti ſilueſtris & vuæ
718 868 1301 901 Arenteſque roſas diluto concoque Baccho,
716 902 1301 935 Hiſq; affecta leui citus ablue lumina dextrâ.
715 935 1388 970 Inde oleum, atque oui niueos immitte liquores.
696 968 1234 1001 Quod ſi natiuo ſtimulatur coxa dolore,
714 1001 1340 1033 Lemiulum lapidem, Meditem nomine dicunt,
712 1033 1319 1069 Vrinâ ſemel atque iterum demerge reeenti:
713 1067 1368 1103 Cui Bacchi dulces, acidoſque adiunge liquores,
711 1100 1317 1134 Quaque latet peſtis ſumptâ circumline pennâà.
711 1134 1297 1169 At vbi rupta nouo manabit fanguine vena,
709 1168 1445 1200 Tum mrem geminum, ac telam pendentis Arachnes
707 1196 1296 1238 Ve foceccmeremq; vndanti impone cruori:
1363 1237 1505 1267 Proderit
