1531 1424
952 14 1327 48 HIERONYMI
713 26 777 53 1s
720 62 1342 98 Latrantum, & fæde miſerabile corpus adurit,
721 98 1396 132 Ceruſam, abdomenque bouis, teſinamq; tenacem,
723 131 1369 173 Butyrumq; recens viridantibus incoque ſenſim
722 165 1368 198 Lentiſci foliis, infectaque membra perunge.
724 196 1357 230 Sed tunc præcipuè ſolerti mente cauendum eſt,
720 230 1378 264 Cum rabie accenſus nunc hos nunc impetit illos,
722 263 1402 297 Ipſi infenſus hero, datque inſanabile vulnus,
722 298 1296 331 Ergo illum primo validâ compeſce catena;
719 331 1273 363 Inde roſæ agreſtis radicem pondere ſaxi
722 363 1352 407 Contuſam viui fontis conſpergeliquore,
721 398 1209 429 Vt potus ſpeciem lino colata nigranti
724 430 1455 463 Præferat: hac ſumpta, reuocati ad priſtina tradut
726 462 1331 496 Senſa canem, ac poſitâ rabie miteſcero rurſum
723 496 1320 528 Sunt qui ſilueſtres ficus adipemque vetuſtum
724 529 1311 562 Contundaut: hederas alii feruentibus vndis
723 562 1258 596 Emollire iubent, doneo pars vna ſuperſit
721 595 1328 630 Etribus, atque ipſis foliis, tepidoque liquore
721 628 1378 664 Paſcere quadrupedem, Aurorâ ſurgente furentem.
723 662 1379 698 Nil tandem vſq; adeo prodeſt, ac prima ſub ipſum
722 696 1289 732 Principium morbi reſcindes ſemina ferro.
722 730 1294 766 Nam qua parte imo congi ingua palato
724 764 1282 798 Cernitur, & fauces, natiuo concolor auro
725 794 1383 831 Occupat, in rabiemque feros agit vſque Moloſſos
724 830 1317 863 Vulnificus vermis, ſuffunditque ora veneno.
725 864 1328 898 Quem ſi quis potuit ferroreſecare, potentem
721 897 1383 931 Is tanti abſtulerit cauſſam, ſtimulumque furoris.
721 931 1459 964 Quæ ſuperant, olim: nunc prædam ad tecta iacentem
721 965 1351 997 Ferre monet præſens fugientis temporis hora:
721 998 1457 1031 Quandoquidem calamos poſuit Coridallus acutos,
717 1031 1273 1062 Et iam ſubluſtres inuectat Luna tenebras.
836 1066 1364 1099 In obitu M Aneonij Turrij Terenenſis, ad lo.
971 1101 1246 1131 Rapt Turrium fratrem.
719 1130 1231 1163 Et ſi egomet tanti caſu perculſus amici,
753 1163 1306 1197 Solamen noſtis diſcuperem lacrymis;
715 1197 1275 1229 Ne mea perpetuo manarent lumina fletu,
1380 1234 1498 1266 Pergeret
