1048 1349
199 34 597 61 ERACASTORI.
760 34 828 61 os
80 79 581 114 Pergeretaut tantus vrere corda dolor:
9 114 693 146 Attamen, vt mi animi valuit concedere amar
83 147 621 180 Iſthæc mœſta tibi carmina perſolui;
48 180 595 219 Qu fortaſſe meis conſolarere Camenis,
80 213 635 248 Si miſeros quidquam Muſa leuare poteſt
45 248 636 281 Ac ne tu inlacrymas paulatim totus abires,
76 283 578 316 Liquitur vt pluuio tacta pruina Noto.
45 312 663 351 Quandoquidem cari fato te fratris acerbo eſt
77 349 535 384 Rumor in extremâ viuere triſtitiâ,
44 379 725 417 Nec iam poſietis habere, aut commoda ſomn-
78 416 603 451 Sed cedetie, ſed redeunte queri;
46 448 718 484 Mærentemque, vagumque, & turpem fletibus ora,
79 485 518 517 Amiſſum totis quærere litoribus;
42 516 620 550 Fertur vt Eridaniripas erraſſe per omnes,
77 552 528 584 Anxia fraterno funere Lampetie;
4 579 774 619 Septem quam perhibent ſomni ſine munere noctes,
77 619 529 652 Ieiunam ſeptem continuaſſe dies;
43 653 603 687 Et, quoties, longo defeſſa errore viarum,
76 687 518 720 Vmbroſi in ripâ concidit Eridani,
1 714 735 752 Reddite vos Phaëthonta mihi clamabat ad vndas
75 751 749 788 O quæcunque ſub hoc flumine Nympha latet.
1 782 712 821 Tetamen, vllius ſi cuiquam morte dolendum eſts
76 819 656 855 Iuſta quidem tanti cauſfa doloris habet.
41 849 722 891 Quandoquidem tibi morteimmatura omnia frater
54 887 693 922 Commc da, teque ipſum perdidit, atque tuos:
32 921 638 950 Perdidit hei miſero carus tibi frater ademtus.
72 956 538 990 Quo tibi non vllus carior alter erat.
1 989 609 1023 Ie amor, ille tuæſolamen dulce iuuentæ,
20 1022 620 1055 Ille tuæ fuerat ſpes, columenque domus:
41 1055 656 1090 Quicum verſari ſemper, quicum eſſe ſolebas,
71 1090 550 1123 Atque animi arcana dicere conſilia:
40 1117 709 1155 Vnum mirari, atque vnum præponere cunctis.
2 1156 554 1190 Ambroſiæ e cuius effluere ore leposs
1 1185 632 1223 Omimium mlſeri nos, & genus ærumnoſum,
44 1222 587 1261 Deterius quorum eſt conditione nhi.
485 1256 577 1282 -
