1534 1443
956 22 1322 67 HIERNIMI
724 71 1344 106 Iu nos ſæuitum eſtbello, quo durius vnquam
761 105 1261 136 Vidit nlla ætas, necferet vlla dies,
726 139 1307 171 Seruitium tulimus crudele, & barbara iuſſa,
762 173 1331 207 Parfque domos caras liquimus, & patrim.
724 207 1330 241 Relliquias, miſeroſque abſumpſit tabida cius
761 240 1280 272 Peſtis, & hucilluc ſæuit Erinns adhus.
727 274 1265 308 Nec ſat erattmiſeri crudelia funera Cotta
760 308 1319 341 Fleuimus; indigna Cotta peremte nece,
729 341 1267 374 O Cotta infelix, quæ tefata impia nobis
760 375 1271 409 Tam ſubit ante tuos abripuere dies?
725 408 1338 441 Iam neque finierant gemitus, & lumina feis
761 439 1246 472 Non bene ceſarant triſtia flere genis,
726 469 1378 501 Cum tu Marce cadis, cum nos tot triftibus actos
760 506 1220 541 Deſeris, heu, falſos credulitate tui.
726 539 1342 573 Non hoc iuida nos tua iam ſperare iuuenta,
761 573 1316 603 Hoctua non virtus, non benefacta dabant,
724 607 1440 643 Exanimem vt nos te iuuenem, nec iam vlla loquente
759 641 1244 674 Externâ miſeri contegeremus humo,
722 674 1332 709 Sed fore, quem famâ virtusæquaret Olympo,
759 709 1240 743 Vnus qui multos inſtrueres populos:
724 742 1287 778 Qualis ab aërio decurens monte iugi foms
756 776 1262 809 Communes multis ſufficit vnus aquas.
722 809 1492 842 Nam quid ego aut laudes memorem aut tua maima lau-
1410 847 1494 881 dum
754 843 1299 877 Præmia? quàm humano profueris generi:
718 876 1348 910 Aut quàm ſæpeanimas poſitas iam ſedibus Orci
751 909 1282 943 Ad ſua Apollineâ membra vocaris ope?
715 942 1253 975 Vos teſtes Ticine, & qui inter paſcua læta
749 975 1230 1008 Medoace antiquos abluis Euganeos:
696 1007 1295 1042 Ilo quos fama eſt naturæ arcana docente
748 1041 1257 1074 Sæpe inter Nymphas obſtupuiſſe ſuas:
692 1074 1238 1108 At nunc amiſſo turbatis fleſſe ſub vndis,
726 1108 1241 1139 Inq; mare aſſuetas non habuiſſe vias.
693 1139 1384 1174 Non tamen aut ſoli, nec vos magis omnibusamns
742 1173 1178 1203 Iadoluiſtis acerbo illius interitu.
694 1201 1324 1243 Hlum etim Graiæ, & Nmphi leueroLatint,
1400 1242 1492 1277 lum
