1051 1350
213 38 610 78 FRACASTORII.
758 61 817 84 Fot
74 88 612 125 lum etiam Tuſcis Calliopea modis.
41 122 738 157 Quin etiam ſiluæ, & montes gemuiſe feruntur,
74 157 573 190 Et vos extremi fleſtis Hyperborei.
37 188 601 225 Sed mage Benacuſq; ſenex, & Sarca, ſepulti
71 225 633 257 Qi prope vicinum prætereunt tumulum.
37 257 719 291 Sed magis ipſe Atheſis, olim qui corpus humandum
70 291 637 326 Condendum caram perforet in patiiam,
35 324 642 366 Ne extra cognatos cineres, Turrenſiaq; oſſa
68 359 518 393 Illum perpetuo terra aliena tegat.
33 392 605 425 Tunc vos o patrioprognatæ Naiades amne,
64 425 623 458 Spargite odoratis plena ſepulcra roſis.
38 458 639 492 Tempus erit, cum poſteritas mirata nepotum;
64 492 553 526 Quantum iſti, dicent attribuëre Dei.
31 525 731 559 Atque aliquis monumenta legens, & ſcripta iacentis,
64 559 552 593 Deuota ad mutos ſerta feret cineres.
32 593 643 626 Interea o vos Benaco centum patre Nymphæ,
64 626 545 659 Sarcaque ab Alpinis edite verticibus,
26 658 485 693 Et vos o Naci rupes, & ſaxa Briani,
61 692 602 727 Et nemora vmbroſis denſa cacuminibus,
30 726 607 760 Ferte aliqua, nunc ferte meo ſolatia latto,
62 761 571 788 Et tantam ex animao demite triſtitiam.
26 793 742 827 Quem neque ſancta poteſt Sophie complexa leuare
1 827 542 860 Muſa nee aſſuetis ſedula carminibus.
26 856 715 895 Batte tamen, vates longum vt quæſiſſet ademptam,
57 892 563 927 Et longum fleſſet Thracius iurydicen,
26 927 612 961 Nullo ſolatus, blando qum carmine, curas,
57 960 587 994 Nullo, quàm Sophiâ, dicitur eſe magis.
24 994 611 1025 Illi, ſeu Rhodopes ſiluis erraret in altis,
56 1026 635 1061 Siue in deſertis Strymonis aggeribus, 0
24 1060 646 1095 Semper Muſa comes, ſemper pendebat ebutna
55 1094 557 1126 Ex humero numeris docta ſonare lyra.
23 1126 659 1162 Ille orbem immenſum ſemper ſptabat, & orbis
54 1160 545 1195 Ornatum, puris idera luminis,
1 1193 612 1231 Et maria, & montes vaſtos, atqu requieta
46 1227 636 1261 Flumina, tu quidquid denie terra parit
661 1256 848 1296 uooru
348 1262 508 1287 a
