1543 1426
904 30 1284 61 IERONMI
726 71 1444 113 Quorum animaduertens certa ſub lege tenorem
761 108 1308 140 Paulatim caram ſenſerat Eurydicen
726 143 1319 175 Deleri, & triſtem mutari in gaudia mentem:
765 174 1360 207 Tantum animos rerum forma leuare potet.
730 209 1308 241 Adſpice lucentem Lunæ Titanidis orbem
764 242 1290 275 Et cum Sole ſuo quæ ſuper aſtra micant:
733 275 1350 309 Omnia ſunt æterna, & vitæ iuncta perenni:
769 309 1398 343 Quæ loca felices Diique animæque colunt.
732 342 1327 376 Inferior Lethi regio eſt, ſedeſque malorum,
768 376 1235 409 In qua eſt, quod felix intueare, nihil
725 406 1509 452 Ouippe ſolum hoc ventique, imbreſqve & cuncta fatigant,
771 442 1261 476 Quæcunqe aëriâ deregione cadunt,
736 472 1486 507 Adde æſtuſque, hiemeſque, & morborum genus omne:
738 507 1388 541 Tum natura aliqua eſt indiga ſemper ope.
740 541 1302 575 Nos porro deſideriis mala plurima noſtris
773 575 1324 608 Iunximus: opræceps m ſua damna genusl
739 608 1408 644 Hinc odia, & timor, & lites, & bella cruenta
772 643 1254 676 Et via non vni plurima aperta neci.
737 676 1294 710 Attamen in tantis ærumnis eſt animi ſpes
774 710 1294 744 Vnica, quem melior vita beare poteſt.
741 744 1309 778 Quippe, vbi præfulgens vllâ virtute reliquit
775 778 1311 811 Corporeum; ſedes aduolat ætherias.
739 811 1409 843 Semideumq; domos, & Diuûm morte carentum;
774 844 1291 875 Hic, vbi non æſtas, nec fera ſæuit hiems;
738 878 1270 906 Nec dolor, aut deſideria infelicia noſtri
773 910 1425 945 Nec ſors partem aliquam, nec rude vulgus habet
735 944 1326 978 At ſancti heroës habitant , gens inclita bello,
771 978 1304 1012 Ingenuique, nouem qui coluere Deas:
734 1078 1286 1112 Quos inter tuus ipſe recens à funere frater
767 1111 1305 1145 Miratur eœlum, Cælilumque domos,
731 1144 1394 1178 ternamque diem, & felicem ex ordine gentem,
767 1177 1328 1213 Inter quos gædet, ſe quqque dinumerans.
712 1209 1460 1256 em ircum proauique paterque
1364 1249 1507 1285 Itntos
