1026 1379
207 56 612 87 FRACASTGRI
772 62 847 97 s
48 99 695 131 Tradita, nocto atr & tenebris inuolurat O
55 134 617 168 Non licuit firmos annis, virideſq; iuuenta
54 168 633 203 Inſpicere, & caræ ad metam deducere vitæ.
53 201 650 236 Nec potui votis, nec ope adiuuiſſe paternâ
57 234 664 267 Clamantes, fruſtraq; patris ſuprema petentos
52 269 652 301 Auxilia, & nota nequidquam voce vocantess
53 299 762 334 Heu mortem inuiſaml quis te mihi, Paulle, Deorum
53 333 696 370 Abripit, & miſerum complexibus abſtrahit iſtis?
52 370 670 403 Tu prior immitti correptus morte, parentem
50 402 602 438 Deſeris, & dulces auras, & lumina linquis.
54 435 634 471 Qud te ſi tali dederant ſub lege futurum
52 469 638 502 Fata mihinon iam fuerat mæroris abunde,
52 502 681 536 Non gemitus? quid me tantis patribus vnum
52 535 632 571 Cælicolæ lacrymiſq; nouis, & morte recenti
52 568 594 604 Opprimitis, caroque etiam ſpoliatis Iulo?
52 601 717 636 Heu, miſerande puer, quanto plena omnia luctu
52 635 689 672 Liquiſti abſcedensl quem non veſana Deorum
51 670 662 703 Incuſauit inops, cum te complexa iacentem
50 703 636 737 Adſpiceret laniata comas, & pectora mater.
50 734 753 769 Ah miſera, ah male fauſta parens, quid Numina fletu
51 769 607 799 Sollicitas? iacet ille, velut ſucciſus aratro
48 796 746 835 Flos tener, & fruſtra non audit tanta gementem
49 834 709 870 Ah miſera, ah quid ſublatum complexa moraris?
48 869 709 904 Ille tuus non iam eſt. vos illam in funere matres
49 903 704 937 Collapſam accipite, exanimemq; reponite tectis.
46 937 602 969 At vos inſontes animæ, cariſſima nuper
49 970 661 1004 Pignora, quod miſero ſupereſt optare parenti,
50 1005 649 1037 Semper auete mei, vt lieuit, ſemperque valete.
50 1038 667 1071 Seu dulce Elyſium functos, vmbræq; tenebunt
49 1070 693 1103 Sanctorum nemorum, puro ſeu ſidera cœlo,
49 1091 742 1141 Ipſe ego vos ſemper lacrymis, vos carmine triti
48 1137 658 1170 Proſequar, & veſtris perſoluam iuſta ſepulcris:
50 1170 744 1204 Donec me vobis tenuem coniunxerit vmbram
52 1203 644 1238 Summa dies, gnatis æquat qu ſola parentes.
53 1237 660 1271 Interea curas numeris, Muſaque leuemus
762 1258 849 1303 e
463 1274 663 1310 ED 4
784 1313 882 1336 I
780 1336 975 1377 ss
