1546 1452
870 9 1253 56 IERONYMI
706 50 1355 98 atte anmos: quando rerum mortalis origo et,
708 87 1374 137 Q uando etiam vitæ norunt vaſta æquora fnem
713 120 1314 168 Scilicet & quondam veniet labentibus annis
716 157 1303 196 IIla dies, cum iam curuo ſub vomere taurus
718 192 1318 229 Inſudet, terramque grauis præuertat arator,
715 220 1316 261 Nune vbi cæruleæ roſtris ſpumantibus vndæ
717 254 1335 300 Sulcantur, verruntque citæ freta longa carinæ.
722 288 1288 331 Nec vos O liquidi fontes æterna manebunt
714 323 1323 362 Sæcula, ſe tanto quamuis pater efferat amne
719 353 1349 400 Eridanus, tumiduſque fluat tot cornihus Iſter.
724 389 1257 434 Quin etiam aërij montes, mirabile dictu,
724 422 1404 466 Taygetus, Sypiluſque, iugo & Cymbotus opaco
721 456 1245 500 Ingentes poſt æſtates, ac ſæcula longa,
724 484 1333 527 Senſerunt ſeniumque ſuum, ſupremaque fata:
707 521 1392 567 Ex quo materies thalamos, primoſq; Hymenæos
707 554 1373 608 Atque elementa nouus ſenſit diſcordia mundus.
868 592 1315 626 Ad Danislem Danium Veron
948 626 1175 657 Præfectum.
729 654 1353 694 Raineri venerande, vno quo ſoſpite, nondum
726 690 1242 728 Huſtitia,& virtus terris antiqua receſſit,
729 719 1399 766 Multa quidem monumenta tuis ſub faſcibus Vrbis.
732 757 1410 797 Multa cadunt antiqua piorum & templa Deorus
731 793 1236 835 Et Bromij vites, & amicæ pacis oliuæ.
730 822 1293 862 erùm hæc ex vrbis re dilabunuu,,&& ppſ
729 850 1357 895 Vltro etiam ſua ſacra volunt procumbere Diui:
731 891 1325 930 Ah, ſaltem antiquo medicorum parcere ritu
730 925 1365 968 Faſque, & ſuetus amor pietatis, & inclita virtus
731 956 1363 1001 Magna:tui valeant; valeant hoc more vetuſto,
733 996 1276 1035 Quo noſtri vixere ataui, vixere parentes,
737 1021 1353 1066 Te duce venturi longum ſuperaremepotes.
733 1056 1371 1098 Sanctior hic templis, hic Diuûm eſt ſanctior aris,
731 1089 1406 1135 Quem neque tempus edax potuit, nec ſæcula tanta
732 1123 1357 1161 Non belli rabies, non ipſum infringere ferrum,
731 1156 1359 1194 Tantum eſt iuſtitiam violari, & fœdera rumpi.
1364 1223 1516 1248 Inuentu
