1038 1396
219 41 615 78 FRACASTORII.
35 94 681 130 Inuentum & ſacri medici,quibus auctor Apolls
32 131 617 166 Quireuocare animas iam caligantibus Orci
31 164 580 198 Faucibus impoſitas ad caræ munera vitæ.
36 196 685 232 Ethereoſque hauſtus, & dulcia lumina poſſunt:
36 232 653 267 Qui genus innocuum, vitæque ad publica nati
39 266 668 298 Commoda, diuinas tantum didicere per artes
40 299 729 332 Exercere æuum, atque humanæ præeſſe faluti.
35 333 702 367 Hos æquum eſt te præcipue, longeque tueri
41 367 633 399 Raineri ante alios, idem cui ceſſit Apollo
41 401 560 435 Ipſe ſuas artes, & munera nobilis oti;
34 433 806 470 Quemque domos Diuûm docuit, perque omnia duxit
43 467 774 501 Sidera, quem Graio inſignem Latioque cothurno
41 501 644 533 Secretas dedit Aonidum percurrere ſiluas,
39 533 806 566 Et calamos, citharamq; humeris ſuſpendit eburam,
35 568 626 601 Idem te dulces Sophiæ deduxit ad hortos,
40 602 706 635 Hortos, quos ver perpetuum, quos aura Fauoni
43 634 605 669 Semper alit, ſemper cœleſti nectare paſcit.
37 660 674 702 Salue, magne parens, qui tot virtutibus autus
40 700 655 735 Vrbem iuſtitiâ, & Diuis inpace ſecundis
39 734 724 769 Egregiam moderare, Atheſis qua flumine pulcro
40 769 681 801 Labitur, & placido ſecat arua virentla curſu.
44 799 750 836 Tu quoque, magna virûm genitrix, vrbs inclita ſalue,
44 836 583 870 Cura Deûm Verona; tui ceſſere labores.
40 870 716 903 Nrumnæque graues, atque horrida Martis imago,
40 903 614 937 Sanguinis & væſana ſitis, & triſtis Erinnys.
42 936 686 970 Barbara iam ceſſit rabies, & in Alpibus atrox
40 971 686 1004 Sæuitiam miles, gelidumque exercet ad Albim.
39 1003 568 1031 Iam duros nimium ſeruitus, & fera iuſſa
39 1036 737 1070 Deſſuemus perferre; vllos non iam vrbe Tyrannos
41 1070 656 1104 Conſpicimus, ſed te Raineri maxime, ſed te
40 1104 654 1138 Magne pater: vno tandem quo ſoſpite, nobis
40 1138 642 1171 Iam bona libertas rediit, pacemque per agros
40 1171 748 1205 Læta Ceres, Bacchique chorus comitantur ouantes.
42 1204 649 1238 Gaudete, o quicunque boni ſperatis agreſtes,
42 1237 750 1272 Quorum amor eſt ſobolis, ſtudiumq; nepotibus arus
695 1269 821 1299 Iucoler
