1544 1442
943 1 1339 37 HIERONIMI
718 15 781 47 rot
726 54 1261 91 Incolere, & paruas vlmis attollere vites.
729 87 1393 123 Tempus io, nunc tempus adeſt, quo ſæcula Pare
728 121 1342 155 Aurea nent, tandem quæ nunc te præſide læta
726 155 1395 189 Incipiunt: fed erunt nobis tunc maxima, cum te
728 189 1303 223 Inſignem ſeeptro Venetûm ſanctaque tiarâ,
731 222 1290 256 Regna ſalutabunt terris diffuſa, tuumque,
732 256 1268 289 Quà Sol exoriens viſit, quà deſerit orbem
733 289 1317 318 Occiduus, latè clarum feret Hadria nomen.
833 323 1364 358 Ad lan. Matthæm Gibertum Epiſeopum
1019 359 1158 387 Veronenſem.
730 389 1345 422 Iletuus Giberte, ſacras, qui in montibus aras
735 422 1337 455 Melſineis tibi conſtituit, qui teque, tuumque
731 455 1403 487 Pet nemus omne canit, per omnia littora nomen,
733 487 1324 520 Hac enata ſuis mittit tibi poma ſub hortis
735 520 1392 554 Aurcaquæ quondam Medorum è finibus Atlas
733 554 1313 587 Tranſtulit, & magno ſeruabat tuta dracne:
737 587 1309 621 Moictor ſacra expolians pomaria Perſes
734 621 1310 656 Dunuibus noſtrum talaribus aëra tranat,
731 655 1374 688 Donauit Charitæ Benaci ad flumina Nymphæ.
732 689 1333 722 Inſuper hos, Giberte, tibi dat munera piſces,
733 722 1310 755 Qui quondam Etruſci nautæ, noſtraq; fuere
731 755 1240 791 Effigie, nunc Benaci ſub gurgite nantes
732 790 1324 822 Cærula conuerrunt ſinuatis æquora caudis.
731 822 1254 856 Qud ſi forte iuuat tanti miracula facti,
727 855 1382 888 Atque hominum quondam verſas audire figuras;
728 889 1401 923 Ipſe eadem, Saloi quæ quondam ad litora Bttus,
729 923 1420 955 Dattus amor Dryadum cecinit, mihi rettulit Aegon
727 955 1293 990 Forte ſenex Cretæ patriis Saturnus ab oris
727 989 1305 1022 Ab Ione depulſus, regnum, ſedeſq; quietas
728 1023 1308 1056 Quærebat Latio in maguo, fataliaq; arua:
726 1055 1275 1090 Iamq; diem medio Sol inclinabas ab axe,
730 1088 1286 1123 Cum fefſus, longaq; viâ ſiccatus & æſtu,
728 1121 1268 1154 Ad vada Benaci viridi proſpectat in herbâ
729 1151 1249 1186 Voſcetes nautas, & duri grandia Bacchi
732 1185 1320 1221 Pucula miſcentes; placido quos ore ſalutans:
1416 1222 1516 1258 Ecus
