1042 1365
224 27 616 62 FRACASTORII.
42 72 618 107 Eequis, ait, veſtrum pueri ſuccurrit egenti,
45 106 655 140 Defeſſoque ſeni? quis pocula parua miniſtrat,
45 139 658 173 Extinguitque ſitim? poſcenti illudere nautæ,
46 173 673 206 Et ridere ſenem, quis enim præſentibus vndis
45 206 617 240 Poſſit habers ſitim? en flumine largius illo
48 239 631 273 Ebiberis, gelidaque aftum ſolabere lympha
49 272 581 306 Illuſus Deus, immiſſis in flumina palmis
50 304 707 340 Haurit aquas, pronuſque bibit: tum verſus ad ills
49 340 660 374 Remigio cautes, quæ fluctibus vndiq; circum
53 372 724 407 Clauduntur, mediiſque iacet purua inſula in vndis,
51 407 682 440 Oſtenditq; locum; pretium gens impia iniquum
55 440 681 474 Poſtulat; at pactus ſenior tamen omnia firmat;
52 474 638 508 Adiuratq; Deos teſtes, ſcanditq; phafelum.
41 507 711 542 Illi autem, dum naue cità liquida æquora ſulcamt,
41 541 613 575 Ignari, quiſnam ſedeat Dens, eia age nobis
41 573 711 608 Fare ſenex; quonam latebras pro crimine quæti?
50 608 658 641 Anne fugam ſubrepto auro, dominoq; relicto
41 641 615 675 In loca tuta paras? ſed te tua fata ſequuntur
50 674 673 709 Demens, quem nullæ poterunt ſeruare latebræ.
50 709 686 743 Nomine Carpus erat, qui tam temeraria verba
49 742 721 776 Dixerat, ingeminant comites, anrumq; repoſcunt,
45 775 651 810 Proferri ſubreptum aurum; ni proferat, omne
52 808 733 844 Vi rapiant, pulſumq; rate in media æquora turbent.
41 843 645 877 Quos placidus dictis ſenior demulcet amicis.
48 876 625 910 Etruſci nautæ, quæ nunc mens impia ſuadet
41 909 679 945 Nec ſeruare fidem vos, nec meminiſſe Deorum?
41 943 630 978 Dicenti iam vis, iam dextra infertur, t ille,
41 976 653 1011 Qui tandem agnoſci poſſet Deus: impia, dixit,
49 1011 759 1045 Gens inimica Dum, dabitur, quod poſcitis, aurum,
48 1044 589 1076 Hoc imo ſub fote aurum poſcetis auari.
50 1077 628 1110 Dixerat. aſt illis veniam poſcentibus, & vox
48 1110 623 1139 Deficit, & iam ſe cernunt mutaſcere, & ora
41 1143 642 1178 In rictum late patulum producta dehiſcunt
49 1176 615 1212 In pinnas abiere manus, veſtiſque rigeſcit
41 1208 714 1250 In qaamas, caudamque pedes ſinuantur in imam
