1549 1446
960 6 1324 37 HIERONIMI
720 20 783 38 Proo
723 47 1355 85 Qui fuerat ſubita adductus formidine, manſit
722 83 1324 115 Pallidus ore color, quanquam liuoris iniqui
722 115 1309 148 Indicium ſuffuſa nigris ſint corpora guttis.
724 148 1408 183 Carpus aquas, primus Numen qui læſit, in amplas
723 181 1328 215 Se primus dedit, & fundo ſub condidit imo.
724 216 1342 249 Inde alij celeri ſeſe in media æquora ſaltu
722 246 1481 283 Præcipitant, vacuamque ratem, & ſine remige liquunt.
722 282 1399 316 Iamque Deus ſuper vnus erat: ſubit ipſe magiſtri
721 316 1358 349 Munus, & adductis pelagi petit vltima ripis.
720 349 1326 382 Expoſitus ripâ placidus conuerſus ad vndas,
722 382 1347 416 Ecquid io, Nymphæ Benacides iſta ſuperſis
720 410 1449 449 Nauis, & hunc amnem ſacrum male fauſta carina
725 448 1335 481 Et veſtras ſulcabit aquas? en certe ita & huius
722 480 1498 514 Criminis hoc ſcopulo ſemper monumenta manebut.
719 514 1348 549 Dixit, & in partem rupis conuerſa pependit
715 547 1383 581 Cum remis ratis ipſa ſuis, vbi cernere conchas
722 582 1383 615 Nunc etiam icet, externo quas litore nautæ
723 616 1285 648 Collectas miſeri mediâ impoſuere carinâ.
721 650 1276 683 Ex illo nunc Benaci per littora nantes,
716 680 1308 717 Atque auri venas fundo paſcuntur in imo,
720 718 1358 751 Nunc etiam à primo retinentes nomina Carpo.
793 768 1490 812 Ad argaritam, Valeſiam Nauarræ Reginam: Caſa
948 807 1249 845 Fregoſii nomine.
718 845 1330 881 Dum me, Cenomanos inter, tenet Itala tellus
718 883 1306 917 Lefredique arces, mens autem neſcia elaudi
717 917 1385 951 Libera, trans gelidas Alpes, Rhodanumq; vagatur,
715 950 1431 984 Trans Ararim, cœlumque beatum & GCallica ſemper
716 983 1396 1017 Regna videt, Regemque ſuum, tecumque moratur
716 1017 1355 1050 Aſſidue, verſatque tuas ſubpectore laudes:
719 1051 1318 1084 Ecce mihi cælata auro, gemmaque nitenti
714 1084 1346 1117 Armipotens, galeaque ferox & Gorgone Pallas
717 1115 1308 1149 Oblata eſt, ieu fors tulerit, ſeu fata dedere.
715 1148 1294 1183 Continuo viſa ante oculos effulgere imago
713 1181 1352 1216 Magna tui,inque ipsâ micuerunt Pallade vultus
1340 1216 1502 1255 Virtuteſq;
