1024 1356
230 40 615 74 FRACASTORII.
9 88 650 124 Vituteſque tuæ, moreſque, & facta, decuſque.
3 124 640 165 Quippe illam e cunctis ſic tu mortalibus vna
3 158 583 185 Aimlas, ſic vna refers, in Pallade vt & tu
43 192 612 225 Noſcare, & Pallas in te; ſiue illa Minerua
40 225 627 259 Seu dici Bellona velit, conſenſus vtrinque
40 259 671 293 Eſt idem, ora, animi, Genius, cognataque virtus.
42 293 585 326 Iure igitur tibi debetur, tibi conuenit vni
44 325 693 359 Gemma, aurum effigieſq; Deæ ſiue eſt Polycleti.
43 361 697 392 Siue Mironis opus, placeat tibi munus: imago
42 393 653 425 Eſt tua: t gratus cum munere, muneris autor.
45 427 676 461 Quodſi digreſſus paulum, & prouectus amore.
44 461 591 493 Pierio, dum me dulces per grandia Muſæ
32 494 717 528 Facta tua, & dum per monumenta heroica ducunt,
41 528 733 561 Ipſe tuas memorem laudes, quibus æthera ad altum
46 561 756 596 Scandis, & illa ſimul referam, per quæ ua Mineruam
44 595 699 629 Vſque adeo aſſimilas; iuuet auſcultare caentem,
28 628 699 661 Si vacat; & ſolitæ ſunt te oblectare: Camenæ.
46 662 637 696 Illa parente Deo Ioue magno, fratre ſuperbit
46 696 668 729 Gradiuo:tum forte acres in bella phalanges
1 730 658 764 Si quando exacuit, latà timor oceupat vrbes,
44 763 646 796 Turbati tremuere hoſtes, ac terga dedere.
43 794 755 832 Ipſa haſtam quatit, atque horrenti Gorgone ſæuit.
42 831 634 866 Ante Deam diræ effigies, terrorque, minæq;
44 858 740 899 Sanguineæ, & dans terga pauor, visque impia, & i,
35 899 685 933 Vinclaque, vindictæq; adſtant, & mortis imago.
1 932 582 966 At vero pofitis armis, atque ægide dirâ,
1 965 588 1001 Mollius humanas ſi demittatur ad artes,
1 996 710 1039 Manſuetoſq; vſus,tum dulcia carmina cantat,
45 1033 672 1067 Et facilem exercet Mufam, aut heroica geſta
43 1066 664 1094 Deſcribit, numeriſve orbes metitur & aſtra.
43 1101 588 1134 Sin autem imperiis & maieſtatis honore
43 1135 539 1168 Gaudeat;æternæ ramis inignis oliuæ
43 1167 581 1200 Aut iuſtas ſancit leges, aut iura miniſtrat,
40 1200 624 1235 Aut arces ſtruit, aut medias regina per vrbes
41 1233 663 1275 Mcedis, mateſqupe longe eminet omuness
748 1261 823 1298 Cou-
