1549 1443
895 23 1283 51 IERONYMI
727 21 782 58 to
731 67 1341 102 Condenſi agglomerant altis clamoribus Afri,
729 102 1375 137 Spectatumque ruunt, araſque & publica ponunt
734 135 1300 169 Templa Deæ; plauſu reſonat Tritonia ripa.
733 170 1318 204 Tupariter magno Gallorum Rege Deoque,
730 203 1332 237 Ac Ioue nota ſimul, germano Marte ſuperbis.
732 235 1405 269 Nam Martem quiſnam eſſe neget, ſeu fotia nudus
731 269 1420 306 Brachia, præualidosque artus, atque Herculis armos
733 302 1316 336 Oſtendit, Taurumque vno proſtrauerit ictu:
731 336 1341 369 Siue acrem pictiſque armis ſpectandus & auro
731 369 1385 403 Preſſit equum, ſtruxitvc acies, & victor in hoſtes,
733 403 1455 437 Ceu torrens, ſigna, atque viros ſternitque, fugatque:
729 437 1382 464 Fulmineove, louis tonitrus imitatus & arma,
729 469 1279 503 Tormento, muros & magnas diruit vrbes?
728 497 1448 539 Te quoque tantorum comitem, partemque ſecundam
728 536 1358 571 Bellorum, ſi quando acies atque arma mouenda
724 570 1318 604 Perculſæ tremuere vrbes, horrorque, pauorq;
723 605 1400 643 It campis, Mars germanam comitatur onantem:
722 638 1287 673 Attoniti ſpectant populi, gaudentque tueri
722 671 1396 705 Nunc primum, nunc & medium, nuns agmen obire
722 705 1493 739 Poſtremum, nunc pellere equum, nc tendere in hoſtem,
721 738 1314 773 Turbantem cuneos & abactis agmina ſignis.
720 771 1282 802 Aſſiſtunt comites circum ſollertia, & aſtus,
718 806 1348 840 Et magna audentes animi, & tolerantia dura,
719 837 1391 874 Curaque, ſedulitaſque vigil,ſpeſque alta, laborque,
715 872 1296 906 Et Diuûm fauor, & ventis fortuna ſecundis.
715 906 1328 940 Pone ſequens magno graditur victoria plauſu.
710 940 1350 974 Nec mus horrenti à bello, partiſque triumphis
715 973 1305 1007 Si iuuaingenii paciſque incumbere in artes,
713 1006 1285 1037 Nunc Iauro redimita comas, imitata ſorores
712 1039 1303 1073 Caſtalias, plectis numeros, & earmina dictas,
710 1073 1287 1101 Carmina nec rerum fato ſubiecta, nec æuo:
692 1105 1364 1139 Nunc magnos dimenſa orbes ln templa eorum
709 1139 1283 1171 Attollis animos, patrioq; aſſueſcis Olympo:
712 1171 1288 1205 Nunc tua deſcribis vel regum geſta tuorum,
706 1204 1278 1239 Aut cadem depingis acu: ſtant curtibus altis
1367 1238 1496 1275 Et pates
