1018 1374
217 45 619 71 FRACASTORII.
6 88 663 125 t pater, & prauus, cunctique ex ordine Reges,
8 123 698 158 Captiuoſq; hoſtes, & vinctos colla Tyrannos
8 154 698 189 Ante rotas longis ducunt in templa triumphis:
25 189 657 225 Ipſa opus & textum ſtupet immortale Minerua.
7 223 685 259 Quam vero, quam te dicam, cum legibus æquit
28 258 624 293 Iuſtitiaque feros populos frenaſq;, regiſques
12 291 507 319 Et diuina doces iura, & ciuilia ferre:
29 324 597 358 Aut arces tollis, aut propugnacula condis:
28 357 663 392 Aut matres inter medias, populoſq; frequents
13 393 576 427 Incedis Regina?fauor comitatur euntem,
12 424 669 459 Maieſtaſq;, pudorque, tamen qui Pallada poſſit
34 459 694 492 Armatam, & Martem gradientem in bella decere,
31 494 644 527 It dextra pax læta manu, & prætendit oliuam.
31 527 614 560 Applaudunt Sequani, loreſq; & lilia paſſim
32 560 612 594 Efundunt,gaudentq; tuas attollere ludes,
33 594 669 628 Reginamque, Deamque ſalutiferamq; ſalutant,
33 628 659 661 Et pace inſignem, & bello, ferroque potentem.
34 661 675 696 Fortunata nimis, magnus quam Cæſar, & omnis
34 695 597 728 Suſpicit, exoratque orbis, cui lumine tellus
34 729 525 757 Felici arridet, totus cui militat æther.
35 761 668 796 Diis quanqam viſum aſpectu tibi debita regna
20 796 573 828 Pauliſper priuare tuo, ſeu crimine ciues
39 829 678 863 Id meruere aliquo, ſe te tua fata reſeruant
36 864 598 896 Ad maiora, viamq; tuis virtutibus amplam
36 896 708 930 Expediunt, panduntque. etenim iam tempora læt
36 931 685 965 Illa inſtant, cum poſt lacrymas, poſt publica vot
36 965 630 998 Te tandem tua regna nouis decorata tropæis
36 997 555 1032 Accipiant, & iuſta tibi ſolennia oluant.
36 1030 599 1064 Iam ludi, feſtique dies, iam ſacr parantur,
37 1064 632 1099 Iam placidus rip gaudet Meniaſcus amœna:
38 1098 613 1131 In templis pueri impubes, miſtæque puellæ
37 1130 639 1163 Sacra canent, ortuſque tuos ad ſidera tollent:
37 1163 642 1197 Vt naſcentem vlnis primæ excepere Camenæ,
22 1197 609 1230 Melleque, & Aonio tetigerunt ora liquore:
1 1228 667 1270 Vt Charites fouere Deæ, & decus omno dedere:
727 1263 818 1295 Vt pas-
