1029 1341
237 25 820 57 FRACASTORII. n
40 68 778 105 Iu ferrum ruere Italiam, & ſocia arma trahentem
16 103 625 138 Signa ſequimox liceat cœloque ſecundo,
42 136 587 172 Et præſente Deo, tot ſeſe addentibus vna
2 169 716 205 Proſpicere immenſum conſterni puppibus æquor,
42 204 607 238 Carmelique procul rupes, & litora Ioppes
41 237 581 266 Læta Dei claſſem, & victricia vela vocare,
41 271 754 305 Et trepidum Euphratem, & magni tremere oſtia Nili.
42 305 729 339 Tunc ego non alium Martem, mihi Pallada poſcam
43 339 676 373 Non aliam mihi:Rex Mauors, tu maxima Pallas
45 372 670 406 Sola eris. O ego tunc gemino ſub Numine tutus
42 406 669 438 Per medios hoſtes videor, denſoſque maniplos
47 440 652 473 Victor agi, videorque meâ ſub cuſpide fractos
17 474 621 506 Munera magna tibi captiuos ducere reges:
46 507 729 541 Nec non & ſpolia ampla tuis addenda triumphis
46 541 621 574 Iungere, Barbaricas veſtes, regumque tiaras,
40 573 731 608 Armaque, Mygdonoſq; arcus, Lyciasque pharetras;
6 608 649 640 Cernere & exanimem fuſo cum milite portas
48 641 618 675 Caucaſeas, atque Hircanos inquirere ſaltus
47 674 682 708 Maumetem, & ſeſe extremis occludere Bactris.
48 708 770 746 Hæc, precor hæc propere eueniant felicibus aſtris,
49 742 582 776 Si qua fata dabunt, votis ſi Iupiter adſit.
48 775 580 808 Interea, ſiue hæc te cura & gloria tangit
48 809 624 843 Seu pacem Europæ miſeræ moliris, & arma
48 843 596 877 In Superûm ſæuos hoſtes auertere tentas,
48 876 638 912 Magnanimo aſſiſtente tuis conatibus Ann
1 909 633 942 Aunâ ſpectato meritis, cui ſumma poteſtas
47 943 653 977 Tradita, quo rerum moles oneroſa recumbit:
48 975 827 1013 Quidquid agis, ſi quando animum conuertis ad ipſam
50 1011 735 1048 Italiam neque enim teneat non hæc quoque cura
50 1044 702 1077 Tunc dicas, cœlo ante alios mihi fidus in illo eſt.
51 1077 689 1113 Quiniſi pro ege inuigilans nocteſque, dieſque
51 1111 617 1143 Ilic res Italas, & regia munera tractet,,
54 1143 602 1177 Gallica ſuſpiret regna, & tabeſcat abeſſe.
53 1173 667 1211 Præterea, Dea bellipotens, quæ munera Cæſar
51 1209 720 1254 Pregoſusparua illa quidem, ſed congrua mitto,
760 1239 948 1308 rr
543 1245 628 1268 Aaaa
770 1309 999 1339 H
