1563 1463
952 15 1304 49 HIERONIMI
733 55 1267 90 Haud ingrata tibi Latiis accedat ab oris,
735 89 1344 123 Vna eadem, facicſque tui, faciesque Mineræ.
738 123 1333 158 Onin etiam, quoties Diuam ſpectare iuuabit,
739 157 1336 189 Te toties ſpectare puta: ſed, me quoque tanti
742 190 1236 222 Si facies, ſi me tal dignabere honoc,
742 222 1389 257 Cum memor ipſa mei fueris, tum nomine noſtro
742 257 1354 291 Longæuamique diem & felicra cuncta precata,
742 290 1383 322 Diua tuum ſaluere iube ſuper omnia Martem.
883 325 1361 356 Ad Franciſcum Turrium Veronenſem.
744 356 1311 390 Turri, ſi aut mihivilla, & lar ſit lætior, aut tu
743 389 1387 423 Ferre domum tenuem poſſis, paruosque penates
746 423 1301 456 Vrbe procul ruri ſeſe abſcondentis amici,
748 455 1543 491 Quantum ego te his mecum Caphiis in montibus optem,
748 489 1376 522 Montibus his, vbi ſi querulæ nemora alta cicadæ
744 522 1392 556 Non rumpant; equidem vix norim æſtatis adeſſe
730 555 1263 589 Tempora. tam leni miteſcit Iulius aurâ.
747 583 1444 623 Sed quid, ſi eſt anguſta domus, dum puluere, & omni
748 623 1330 651 Munda ſitu, dum ſit nullo turbata tumultu,
748 656 1259 690 Neſcia curarum, nullius conſcia culpæ:
748 689 1352 723 Alta vbi per totum ſit pax, & amica Camænis
752 723 1296 757 Otia, & integri per magna ſilentia ſomni?
748 756 1300 791 Quid refert, alius minio laquearia rubra
751 790 1343 824 Si inſpicere, ipſe velim fuligine nigra videre?
752 823 1374 859 i non deiectum cœlo louis igne Tiphoëa
749 856 1372 892 Terrigenasque alios, ſpirantia ſigna, videbis
743 889 1289 922 Admirans opus æterni memorabile Iuli;
749 922 1270 957 At bona libertas aderit quæ rura beata
742 954 1403 991 Præcipuè inſequitur, ſimplexque incedit & exle.
740 988 1313 1022 Hic tibi, ſi paulo digitus ſit inunctior, aut ſi
746 1022 1334 1058 Potanti inſonuit cyathus, vel f pede vtroque
744 1055 1383 1090 Non ſteteris, nemo obiiciet, nemoque ſedentem
745 1088 1301 1121 Arguet, hoc illi ſi fors ſuper incubuit crus:
746 1120 1307 1153 Stare, ſedere, eſſe ex libito, & potare licebit.
747 1152 1362 1187 Fotſitan &, mihi quid vitæ, quid ſit ſtudiorum,
743 1183 1381 1221 Noſſe opta, quo veldamnes, vel ſingula laudes.
1376 1225 1550 1265 Mne
