1033 1354
265 35 651 74 FRACASTORII.
76 76 684 110 Mne venit; iuuat Auroram, Solemque videre
47 111 596 144 Naſcentem, qui non alio conſurgit Eoo
3 143 633 178 Pulcrior, vnde nouâ lætantur ſingula luce,
75 177 629 213 Et ſiluæ, ſcopulique, & pictus nubibus aër.
74 211 641 238 Parre ali? Benacum alto de colle ſaluto,
76 243 725 280 Centum cui virides inuergunt flumina Nymphæ
74 278 690 312 Ipſe ſinu magno genitor, magno excipit amne.
76 311 672 343 Tum iuuat aut ſpectare boues mugitibus alta
75 344 731 379 Complentes nemora, aut pulſas in paſcua capras.
74 378 708 412 Præ caper it, cui barba iubat, cui cornua pendent
72 411 667 445 Intorta & grandes olido de corpore ſetæ.
74 445 736 480 Pone gregem reliquum compellit aruudine virgo
74 479 598 513 Vpilio, multo armantur cui baltea fuſo.
73 512 616 546 Interea natos diſcentes ruſtica amare
75 544 744 578 Numina, vicini nemoris gelidam voco in vmbram,
74 579 665 615 Qui libros, qui ſecum horæ ſolatia portent,
58 613 616 647 Hic legitur, viridique toro, ſaxove ſedetur
75 646 616 680 Glandiferâ ſub fago, aut caſtaneâ hirſutâ.
72 680 621 715 At variæ circum ſiluis, & frondibus altis
73 713 763 747 Aſſuetæ Iudunt volucres, atque æthera mulcent.
73 747 768 781 Tum denſum nemus, atque vmbræ per gramina læta
73 782 558 815 Ieiunas nos inuitant ſpatiarier horas.
71 813 649 849 At feſſi hæc inter pueri ſitiuntque, dolentq;
72 848 706 884 Plus æquo retineri, & iam Muſaſque, librosque,
70 882 551 915 Et Pana, & gelidi pinus odere Lycæi.
70 916 670 949 Ergo præcurrere, & aquas, & vina pararunt
70 949 664 981 Lucenti in vitro, & flores ſparſere nitentes.
57 984 629 1016 Aduenio. primas atro lita mora cruore
68 1012 704 1049 Aut grfſi menſas ineunt; eors cetera, & hortus
70 1049 595 1083 Sufficit. interea crebro ſonat area pulſu,
69 1083 594 1115 Inerepitat ſeges, & duri ſub Sole coloni
69 1116 613 1150 Alternis terram feriunt & adorea flagris.
57 1149 697 1184 Fit clamor; reſonat tellus, rupeſque ptopinquæ,
69 1181 632 1215 Et paleæ ſurſum ſtrepitu iactantur imes:
72 1216 635 1251 Lata Ceres alto ridcas deſpectat Olympo.
756 1247 849 1276 Vmbra
