1058 1355
254 32 643 64 FRACASTORII.
793 36 849 61 Iro
99 73 639 108 Incipit, atque omen nomine habere tuo.
63 108 621 141 Creſce cito, magnique patris mirarier acta
104 141 606 175 Incipe. & inuicti Cæſaris arma ſequi.
60 174 681 210 Tempus rit, tibi cum partis iam mille tropæ
98 208 520 243 Er fefſrrebus compoſitis Eatii,
1 232 650 275 Baroaricis captis opibus, ducibusq; ſubactis
101 276 607 309 Multa tibi circum tempora laurus eat.
63 309 721 343 Tum læta ante tuum ſtabit Victoria templum.
101 343 571 368 Claudet & æratâ limina ahena ſerâ.
151 383 727 419 In obitum Aliprandi Madrutii, Dueus Tridenini,
66 424 732 459 Impoſitum cùm te pheretro miſerande Madruti
66 459 706 492 Cernerer illacrymans Cæſar circumque videret
64 491 631 524 Et ſpolia & victis erepta ex hoſtibus arma,
8 526 635 558 Et modo victrices iuxta mærerophalanges:
1 556 777 593 Qantum, inquit, tua mors noſtris inimica triumphis
1 592 678 626 Lætitiæ, decoriſque adimit, ſpes quantafuturi
39 626 734 658 Tecum Aliprande caditeſed non tua viuida virtus,
30 659 751 693 Vt te hunc adſpicerem, tua non promiſerat ætas:
67 690 793 730 Sed fore, qui Solymis mecum. atque Oriente ſubacto,
66 726 680 760 Barbaricis Regum ſpoliis, & mille rropæis
67 761 656 794 Olim magnatui decorares templa.Tridenti.
70 794 647 828 Inuidit mors tanta tibi. vos nobile corpus
67 828 643 862 Berte Ducis veſtri iuuenes, &. reddite matri
59 861 611 890 Exanimi: ſed & hæc miſeræ ſolatia ferte,
1 893 682 929 Se tantum peperiſſe virum, qui Cæſaris vſque
1 924 711 962 Er comes, & bene geſlarum pars maxima rerum,
1 960 585 997 Cæſaris ex animo nullo delebitur æuo.
244 998 571 1038 Tumulus Montani medici.
67 1035 688 1080 Dum Medica Montane doces ope vincere fata,
103 1077 562 1112 Et Lacheſi inuitâ viuere poſſe diu,
20 1111 617 1148 Lethæo indignans preſſit te Parca ſopore
39 1144 492 1179 Et ſecuit vitæ grandia fila tuæ.
69 1176 726 1212 Sic animas & tu, Aſclepi, dum ſubtrahis Orco,
45 1210 644 1253 Te quoque ſæuorum perdidit ira Deûm.
488 1239 853 1273 A
878 1288 933 1321 h
787 1310 978 1352 ,
