1554 1439
925 24 1252 49 HIERONYMI
839 63 1277 99 Ad Alexand. Farneſium Cardinalem.
678 94 1260 136 Priſcæ virtutis, Romani & ſanguinis heres
677 134 1240 170 Farneſi;quoniam nec Dii munuſcula læta
677 167 1320 209 Deſpiciunt, hominum ſpicas, ac ſerta roſarum,
678 201 1291 236 Libaque, & exigui deuotum turis honorem:
678 234 1306 269 Tu quoque, ſi mores imitari, ac facta Deorm
678 268 1325 302 Præcipu Heroum eſt, non dedignabere parua
678 302 1316 335 Fraſtori quæ dona tui,gnatuſque, paterque;
678 334 1372 369 Perpetui affectus monumenta, ac piguora mittunt
677 368 1296 403 Hos tibi patre Lyco Scylla genitrice gemellos
677 402 1336 438 Dat gnatus. ſua dona, canes; Scyllæ inclyta origo
678 434 1286 468 ANilo eſt, Lycus à magno deſcendit Araxe,
678 467 1383 505 Qui quondam Euganeas tranſiiſſi munus ad oras,
678 500 1278 541 Præſtabant cunctis, ſiue aprum figere morſu
678 534 1315 570 Eſſet opus, rapidum curſu ſeu vincere ceruum.
678 567 1377 603 Horum igitur ſobolem gnatus tibi ab vbere mais
678 602 1235 636 Nutriit ablatam, & noſtris exercuit aruis
678 636 1252 669 Venatu aſſiduo, & vires durante labore,
678 668 1381 703 Noſtrorum famam nemorum, geminumq; ferarum
678 703 1353 736 Terrorem, nunc ille tibi quam mittit habendam;
677 736 1326 769 Momanis eadem in campis ſi forte ſequetur
677 770 1238 805 Cloria, & ignota fors in regione iuuabit.
678 804 1311 837 At genitorgnati cum munere.carmina mittit
678 836 1360 871 Hæc tibi:& quæquanquam triſti fugiente ſenoct
678 870 1294 905 Lætitias cantuſquetamen voluere Camænæ
677 904 1366 937 In te vnum dominæque mei, nimimq; potentes,
678 937 1275 970 t canerem, Muſaq; canes comitarer amica.
678 969 1230 1004 Ergo tot rerum curis, ac pondere tanto,
678 1004 1415 1039 Quo premeris, dum rem Romanam, ac publita ras,
678 1037 1393 1075 S quando defeſſum animum, mentemque temittes,
677 1072 1266 1103 Liber, & ad dulces poteris te vertere Muſas,
678 1103 1327 1137 Hæc quoque noſtra leges; ea ſi dignabere tanti,
677 1135 1275 1170 Inter Romanas vt eant ſpectanda Camenas.
677 1167 1369 1203 QuaOd ſi etiam recreare animum, corpuſque iuuabit
678 1200 1215 1240 Venatu, & latos ſaltus, ac denſa ferarum
1379 1236 1481 1264 Luſtra
