1554 1439
925 24 1252 49 HIERONYMI
654 22 751 60 rio
839 63 1277 99 Ad Alexand. Farneſium Cardinalem.
669 94 1260 136 Priſcæ virtutis, Romani & ſanguinis heres
672 134 1240 170 Farneſi;quoniam nec Dii munuſcula læta
672 167 1320 209 Deſpiciunt, hominum ſpicas, ac ſerta roſarum,
672 201 1291 236 Libaque, & exigui deuotum turis honorem:
672 234 1306 269 Tu quoque, ſi mores imitari, ac facta Deorm
675 268 1325 302 Præcipu Heroum eſt, non dedignabere parua
672 302 1316 335 Fraſtori quæ dona tui,gnatuſque, paterque;
675 334 1372 369 Perpetui affectus monumenta, ac piguora mittunt
676 368 1296 404 Hos tibi patre Lyco Scylla genitrice gemellos
677 402 1336 438 Dat gnatus. ſua dona, canes; Scyllæ inclyta origo
671 434 1286 468 ANilo eſt, Lycus à magno deſcendit Araxe,
672 467 1383 505 Qui quondam Euganeas tranſiiſſi munus ad oras,
672 500 1278 541 Præſtabant cunctis, ſiue aprum figere morſu
672 534 1315 570 Eſſet opus, rapidum curſu ſeu vincere ceruum.
676 567 1377 603 Horum igitur ſobolem gnatus tibi ab vbere mais
675 602 1235 636 Nutriit ablatam, & noſtris exercuit aruis
669 636 1252 669 Venatu aſſiduo, & vires durante labore,
670 668 1381 703 Noſtrorum famam nemorum, geminumq; ferarum
673 703 1353 736 Terrorem, nunc ille tibi quam mittit habendam;
672 736 1326 769 Momanis eadem in campis ſi forte ſequetur
672 771 1238 806 Cloria, & ignota fors in regione iuuabit.
670 804 1311 837 At genitorgnati cum munere.carmina mittit
669 836 1360 871 Hæc tibi:& quæquanquam triſti fugiente ſenoct
663 870 1294 905 Lætitias cantuſquetamen voluere Camænæ
662 905 1366 937 In te vnum dominæque mei, nimimq; potentes,
653 937 1275 970 t canerem, Muſaq; canes comitarer amica.
661 969 1230 1004 Ergo tot rerum curis, ac pondere tanto,
668 1004 1415 1039 Quo premeris, dum rem Romanam, ac publita ras,
660 1037 1393 1075 S quando defeſſum animum, mentemque temittes,
666 1072 1266 1103 Liber, & ad dulces poteris te vertere Muſas,
665 1103 1327 1137 Hæc quoque noſtra leges; ea ſi dignabere tanti,
663 1135 1275 1170 Inter Romanas vt eant ſpectanda Camenas.
664 1167 1369 1203 QuaOd ſi etiam recreare animum, corpuſque iuuabit
663 1200 1215 1240 Venatu, & latos ſaltus, ac denſa ferarum
1379 1236 1552 1264 Luſtra
