1553 1470
935 20 1261 46 IERONMI
711 61 1292 99 Sacra, tuo ſtatuam ſemper de nomine dicta.
713 93 1336 132 Tunc rola, tunc violæ, tune purpurei hyacinth
717 129 1376 164 Verbenæq; ſenem deceant: tunc texere flores,
716 163 1319 198 Et viridem cano capiti impoſuiſſe coronam,
718 196 1365 231 Lætitiaq; diem & multo producere Baccho,
722 229 1352 261 Fallentem ſenium, & curas de corde fugantem.
722 262 1378 298 Forſitan & Muſarum aliqua, & tibi fæutor Apollo
723 296 1423 336 Plectra mihi, citharamq; dabit: Deus ipſe canente
726 331 1298 364 Perq; tuos annos, perq; acta illuſtria ducet.
722 364 1293 398 Infanti vt prima impellens cunabula Pallas
729 397 1255 432 Adcecinit cantu Graio, cantuq; Latino,
729 431 1314 463 Scilicet & fari linguâ aſluefecit vtraque.
726 463 1303 497 Vt puerum Aonio perfuſum labra liquore
730 496 1322 524 Per dulces Muſarum hortos, & amœna vireta
730 530 1257 565 Perduxit, nunc Vranie, nunc Calliopeâ,
733 564 1384 597 Nunc Clio monſtrante viam, nullaq; ſororum
732 597 1288 632 Non donante roſas, & ſerta virentia lauro.
731 631 1411 665 Tum mores animumq; dedit, ſenſumq; ſenilem,
732 667 1345 700 Atque vrbem regere, ac ſaero ſplendere galero.
734 700 1382 734 Nec iam Roma capit, ſed lata in regna vocatum
732 735 1369 768 Ad pacem Europæ, non te maria alta fatigant,
733 768 1342 802 Non iuga, non toties ſuperatis nbibus Alpe.
732 802 1270 828 Te Pœninæ arces, celerem te Norica ſaxa
734 834 1327 869 Spectarunt, rapido montana per ardua curſu,
735 869 1369 904 Quantum Sol cœli, tantum telluris obire;
732 903 1382 935 Matre Dea comitante, & iter monſtrante nepoti.
731 934 1365 969 Nec ſatis hæc: maiora vrgent. Germania nuper
734 970 1269 1002 Grata Deo, nunc ingeniis elata ſuperbis,
730 1001 1412 1037 Detrectare iugum Imperii, & ſe opponere patrum
733 1035 1290 1070 Sanctorum placitis, &ſacris legibus audet:
734 1069 1379 1099 Nec iam Pontificum, nec iam vllos Cæſaris audit
735 1100 1286 1133 Infelix monitus, ſed læuo numine Diutm
733 1134 1331 1168 Arma parat: ſocium Cæſar te poſcit in hoſtes.
733 1166 1340 1203 Pro ſceptro Imperii, prorelligione Deorum
732 1200 1313 1236 Tunc primum ſtupidæ gentes videre Latina
1465 1240 1514 1271 Ta,
