1018 1363
227 48 620 76 FRACASTORII.
29 93 619 129 e, fratremq; tuum patriâirtute, animisq;
32 128 630 160 Inuictis pariter, res duri & nunera belli
32 160 659 194 Tractantes: gemini quales duxiſſe feruntur
30 195 600 228 Tindatidæ pulcri Graias in beila cohortes.
29 227 678 262 Tunc prium ſomana acies, antiquaq; virtus
1 262 638 294 Viſa fuit: Ducibus tantis Mauortiæpubes
33 295 653 331 Magnanimi neadæ, memores virtutis auitæ
33 329 599 362 Bella cient: Italo pleni iam milite campi
35 361 668 397 Denſantur: iam procedunt longo ordine ſigna
36 397 612 430 Sublata in ventos, lateq; inimica minantur
38 430 691 471 Nec mora, iam ſummis Romanus miles, & arm
40 464 580 499 Alpibus apparent: concuſſæ motibus illæ
39 497 656 535 Fuderunt gemitus, longe vagus atdiit OEnus,
40 531 658 567 Obriguitq; gelu; riguerunt flumina heni;
39 565 572 600 Et pauidus ſluxit demiſſis cornibus Iſter.
38 599 707 635 Romanum ad nomen planxerunt pectora matres,
41 632 691 668 Caraq; in Hercinias traxeruntpignora ſiluas.
42 666 643 702 Sed quo me rapitis Muſæ? quid facta reuoluo
40 700 639 734 Farneſi? maiora animo iam concipe, teq;
40 730 697 769 Impauidum, inuictumq;, aliis accinge triumpha.
251 766 566 801 Ad Iulium IIl. P M.
40 802 596 836 Maxime Diuini paſtorgregis inelyte Iuli
41 830 664 867 In terris eui ſumma vni eſt concefſa poteſtas,
43 867 688 904 Scepira, vices q; Dergerere, & regna infera Dits,
43 902 689 937 Cœlorumq; fores aperire, & claudere poſſe:
1 936 728 971 Si tu, dum magnæ Italiæ, dum proſpicis omni
1 970 652 1004 Europæ, & vaſtâ mundi ſub molelaboras;
1 1004 606 1037 Pauliſper potes à tantis ſecedere curis,
41 1037 628 1071 Et pores agreſtes paſtorum audire Camenas,
44 1070 785 1109 Nunc aures adhibe placidas mihi. namq; ego, quæ Pan,
43 1104 681 1137 Pan magnus cecinit, noſtros ventura ſub annos,
44 1133 828 1172 Nunc referam; tua, magne pater, pars maxima quorum e
4 1170 658 1205 Cuius ab auſpiciis Parcæ noua ſæcula voluunt.
47 1205 644 1240 Nec te peniteat paſtorem audire canentem,
8 1237 682 1288 Quando etiam Admeti tauros formoſus Apolle
763 1266 836 1296 Paut
