1567 1453
946 14 1319 40 IERONTMI
728 57 1241 92 Pauit ad Amphryfi ripas, tenuiq; cicutâ
732 91 1363 127 Non puduit cantare Deum ſub remine acerno:
729 126 1265 153 Et Veneri dilectus oues ductauit Adonis.
731 158 1343 192 Scilicet & tu etiam poſt grandia nomina paſtor
731 193 1369 226 Diceris, atque hoc imprimis cognomine gaudes,
731 226 1346 259 Et pecudes curare ſoles, pecudumq; magiſtros.
731 259 1354 292 Forte ego, dum medio terras Sol excoquit æſtu,
733 293 1231 326 Ipſe Sueſſani paſtor puer inola campi
734 326 1312 358 Ducebam paftas viridi de valle capellas
733 358 1382 393 Im nemorum ſecreta, vmbras, & frigora quærens,
735 393 1333 426 Quà placidus curſu deſcendit in æquora Lyris,
735 426 1230 459 Eſt lucus, priſci quem ſacrauere Latini
735 457 1327 486 Siluano: in cuius medio denſa ilice cinctum
735 491 1293 525 Eſt pratum, agreſtes vbi Dii perſæpe videri,
734 525 1338 559 Audiriq; ſolent: hic Capripedes Satyriſcos,
735 560 1331 593 Paſtorumq; manum iunctis per mutua palmis
736 594 1273 628 In gyrum canere, & lætas agitare choreas
736 627 1384 661 Inuenio admirans. medius Pan magnus ouantem
737 662 1359 695 Ad calamos, cantuq; regit, ducitq; coronam.
737 695 1348 729 Dumq; Deus canit ipſe, ſilet tum cetera pubes;
736 729 1355 762 Dum ſilet ille, alii thyaſos, cantusq;, ſequentes
735 761 1340 795 Inſtaurant, repetuntq; Dei poſtrema canentis.
736 796 1365 829 Ingeminat poſtrema nemus, reſpondet & Echo.
737 829 1431 862 Tum me reſpiciens, mihi ſanguine proximus Acmon
734 863 1395 902 Acmon Aquinatis paſtor gregis, huc, puer, inquit,
736 896 1327 930 Hc ades o Næore, & te his adiunge chrëis:
734 929 1319 963 Aut, ſpectare magis ſi te iuuat, aggere ab illo
735 961 1292 995 Proſpice dum ſaturæ ſua ducant otia capræ.
735 996 1388 1029 Huic ego: quin potius iuuet hoc de ceſpite veſtros
733 1029 1318 1062 Spectantem luſus molli requieſcere in herbâ.
732 1062 1300 1088 Et tum forte Deus buccas ſandice rubentes
733 1094 1298 1129 Inflans, & piceâ frontem præcinctus acutâ,
732 1127 1333 1157 Ad calamos circumſiliens, Mæc carmina cantu
731 1160 1288 1197 Fatidico inſanus latas fundebat ad auras.
732 1192 1300 1229 Dicite, io, Satyriſci, & io, geminate coloni,
1433 1227 1522 1262 Aurea
