1033 1346
213 23 613 48 FRACA.STORII.
731 29 798 57 rs
1 63 514 93 Aurea felici naſcuntur ſæcula mundo.
1 97 637 132 Excipiunt iuuenes, iterat nemus, aſſonat Echo,
1 131 513 158 Aurea felici naſcuntur ſæcula mundo.
1 165 731 200 Tum ſequitur Deus: ante tamen Rex magnus Olympi
1 198 666 232 Bellumq;, horribilemq; famem. diramq; flagellis
1 231 600 258 Armatam Alecto tenebris, & faucibus Orci
1 267 576 299 Immittet terris, genus vt mortale coërcens
1 297 663 332 Caſtiget, fraudesq; hominum, faſtusq; ſuperbos,
1 332 552 364 Et luxus, & ſpes miſeras, & gaudia vana;
1 363 676 398 Dum tandema ſeſe, atque Deos cognoſcere diſcant.
2 399 701 433 Mox tantum exſpectatum illud, quod carmine ſacro
6 433 499 464 Tot vates cecinere pii, felicibus aftris
4 466 630 499 Adueniet tempus, quo Mons ille arduus, ille
4 500 636 533 Mons ingens, ſublime caput ſuper omnia tollat
5 533 675 567 Culmina, fidereum qui vertice rangat Olympum:
4 566 703 601 Qup neque vis ventorum adeat, non fulminis ignes.
4 600 583 632 Dcite. io, Satyriſci, &, io, geminate coloni.
7 633 505 659 Aurea felici naſcuntur ſæcula mundo.
6 666 619 701 Hoc in monte, Dei pecudes paſcentur & agni,
6 701 626 734 Graminis æterni pingues, & velleris aurei:
9 734 632 768 Exilient & aquæ viuæ, quibus vbera capræ
11 768 659 796 Grandia diſtendant, diſtendant vbera vaccæ.
12 799 664 834 Non malus hc ſerpens, non noxia creuerit herba,
10 834 598 867 Non ſentes, ſterilisve filix, non frigida taxus,
8 868 655 906 Sed bis lecta ſeges, ſed bis grauis vua racemis:
6 900 585 934 Corticibusq; cauæ ſudabunt balſama pinus.
9 933 656 968 Hinc magnis præſtantem animis, & fortibus auſis
10 968 654 1000 Fortunata nimis paſtorem hæc ſæcula habebunt,
10 1002 578 1035 Qui virtute regat populos, & legibus æqui:
10 1035 573 1068 Diuinas qui impinguet oues, & paſcua late
8 1067 572 1100 Extendat, pecudesq; ipſas, & ouilia ſeruet.
5 1101 623 1135 Hic primum diram Alecto, & Cocytia montra
12 1134 525 1168 Caucaſeâ æratâ religabit rupe catenà.
9 1166 679 1201 Inde famem miſeram e Latio, populisq; Deorum
10 1200 565 1240 Pellet in hoſtiles gentes, & barbara regn.
721 1235 790 1273 Tum
