1548 1453
957 28 1289 63 HIERONYMI
734 70 1378 104 Tum læta vbertas, ſegetumq; onerata maniplis
737 105 1291 138 Alma Ceres Italas ſpicis venerabitur aras:
738 139 1325 174 Quam circum pueri ſalient, & ruſtica pubes,
739 172 1360 205 Ridentesq; iocos, incompraq; carmina dicent.
739 206 1250 239 At noti Muſis Damones & Alpheſibæi
741 238 1340 272 Vota patri magno, laudesq; & ſacra canentes
742 272 1336 306 ternis illum numeris ad ſidera tollent,
743 306 1385 339 Heroemq;, Deumq; ſalutiferumq; vocabunt
743 339 1364 373 Dicite, io, Satyriſci, &, io, geminate coloni.
744 374 1245 398 Aurea felici naſcuntur ſæcula undo.
744 398 1407 438 Ille animum mox ad pacem, & diſcordia Regum
744 439 1346 472 Pectora conuertet, ſanctisq; hortatibus iras,
745 472 1453 506 Atque odia, & cæcos regnorum & laudis amores.
746 505 1308 538 Horrendamq; ſitim cædis, fuſiq; cruoris
747 539 1329 573 Sedabit, pelletq; feri mala ſemina belli.
748 573 1345 605 Tum pax alma ferens ramos felicis oliuæ,
747 605 1412 640 Atque Amor, & iunctis pariter Coneordia dextris,
747 641 1427 675 Et Genius comitum, & generis Hymenæus amator,
748 674 1252 707 muiſent late populos, Latiiq; per arua
747 708 1374 743 Lætitiam, riſusq; ferent: tum iuſta cupido
747 741 1385 776 Bellorum, piaq; arma, Dei vertentur in hoſtes.
746 776 1320 809 Iam video auguſtis late plena æquora velis
745 808 1349 841 Feruere, iam trepidare vagi ſeptem oſtia Niti,
746 842 1413 876 Euphratemq;, Tigrimq; ſuo ſe condere in amne
746 876 1342 909 Nam nec Bactra ipſum capiunt, non India tota
746 909 1455 943 Maumetem fugientem, ipſum non Caucaſus ingens,
748 943 1388 977 Non qui tot ſiluas, iuga tot comprendit Imauus.
746 976 1384 1011 Dicite, io, Satyriſci, &, io, geminate coloni,
747 1010 1247 1036 Aurea felici naſcuntur ſæcula mundo.
748 1043 1419 1077 Quænam, quæ properant tantæ per cœrula pupps
747 1077 1396 1109 Deuotæ ad Tiberim, magnæq; ad mœnia Romæ,
750 1110 1377 1143 Ceu denſæ ad nidos latum per inane columbæ?
747 1142 1448 1176 Agnoſco gentem innocuam, numerumq; beatum
748 1175 1248 1209 Felices animas, fatis ab origine prima
749 1207 1311 1242 Dilectas, quæ cœlo olim, diuisq; fruantur.
1429 1244 1532 1271 En iam
