1040 1349
210 18 611 54 FRACASTORII.
12 69 719 110 a iam ſanctam vrbem, iam ſeptem incollibus aras
16 104 648 142 Impoſitas, ſummiq; pedes Paſtoris adorant.
16 128 670 172 Hos inter, video, & noſtri longa æquora ſulcant
16 172 567 209 Arcades, Italiamq; petunt, fataliaq; arua
16 205 569 239 Arcades o ſoli quondam cartare periti
16 239 595 275 Paſtores, quos Iuſtitia ètellurerecedens
14 271 569 307 Poftremos liquit, nunc rurſus læta reuiſit.
19 304 644 342 O ſancti prperate, vocat Deus æthere ab alto:
16 339 616 374 Vos alius iam grex, aliudq; exſpectat ouile.
19 370 760 410 Quin venit illa dies, cum nos quoque Mænala noſtra
22 407 724 443 Arcadiamq; omnem, quà immani à genterepulſi
23 440 672 478 Fugimus in Latium, longo poſt tempore tandem
22 473 686 510 Viſamus, dulcemq; auram. placidiſſime Peneu.
17 508 488 541 O Ladon, vos o gelidi pineta Lycei
16 541 715 579 uando ego per veſtros meditabor carmina lucos,
24 575 599 610 Menalios quando recinet mea tibia verſus?
25 609 624 642 Menalus auritas, dantesq; oracula quercus
25 643 685 677 Semper habet, ſemper doctas ille audit auenas,
21 675 680 711 Concipe Menalios mea tibia, concipe verſus.
28 711 701 742 Talia cantabat memorans Pan magnus: at Acmon
28 742 708 777 Hæc referes puer, inquit, & hoc tibi munus habeto
27 777 621 811 Nune paruum, ventura dies maiora reſeruat.
30 810 745 842 Tum mihi fiſcellam dono dedit optimus Acmon,
25 844 595 877 Dicere & occaſus aſtrorum, dicere & ortus,
29 876 762 913 Et quid quæq; ferat tellus; quæ commoda Baccho,
31 911 725 946 Quæ Cereri, quidnam ventos, quid nuntiet imbres
30 945 578 980 Quæ tempeſtatum, cœli quæ ſigna ſereni,
31 979 627 1013 Denique quæ cunctis natura ſit indita rebus,
31 1012 715 1046 Virtutem in primis & honeſtum, quemq; doceres
32 1046 636 1078 Ac vitii ipſe expers, aliena incidere promptus.
29 1079 617 1112 Et iam tempus erat paſtum deducere capras.
262 1115 440 1145 Fragmentum.
31 1145 578 1178 lla colum exercens ſaxo conſedit aprico,
32 1176 637 1213 Lætaxepore nouo, & liquefactâ Sole pruin:
35 1211 724 1252 At iusta nemore in magno grex paſcits omnis.
737 1240 822 1276 Hm
