<?xml version="1.0" encoding="UTF-8" standalone="no"?><PcGts xmlns="http://schema.primaresearch.org/PAGE/gts/pagecontent/2019-07-15" xmlns:xsi="http://www.w3.org/2001/XMLSchema-instance" xsi:schemaLocation="http://schema.primaresearch.org/PAGE/gts/pagecontent/2019-07-15 http://schema.primaresearch.org/PAGE/gts/pagecontent/2019-07-15/pagecontent.xsd"><Metadata><Creator/><Created>2022-04-12T16:42:24</Created><LastChange>1970-01-01T00:00:00</LastChange><Comments/></Metadata><Page imageFilename="1190.png" imageHeight="1436" imageWidth="1546"><TextRegion id="r1" orientation="0.0" type="paragraph"><Coords points="1,1 1544,1 1544,1434 1,1434"/><TextLine id="l1"><Coords points="973,21 973,56 1299,56 1299,21"/><TextEquiv><Unicode/></TextEquiv><TextEquiv index="1"><Unicode>HIERONYMI</Unicode></TextEquiv></TextLine><TextLine id="l2"><Coords points="1107,65 1107,88 1192,88 1192,65"/><TextEquiv><Unicode/></TextEquiv><TextEquiv index="1"><Unicode>Iliems.</Unicode></TextEquiv></TextLine><TextLine id="l3"><Coords points="1328,95 1244,95 1238,97 1058,95 756,95 756,130 1328,130"/><TextEquiv><Unicode/></TextEquiv><TextEquiv index="1"><Unicode>Frigidus at ſiluis Aquilo ſi increuerit, aut ſi</Unicode></TextEquiv></TextLine><TextLine id="l4"><Coords points="1345,131 1194,132 1073,130 948,132 757,132 757,163 1345,163"/><TextEquiv><Unicode/></TextEquiv><TextEquiv index="1"><Unicode>Hiberni pluuiis deſcendent nubibus imbres.</Unicode></TextEquiv></TextLine><TextLine id="l5"><Coords points="1374,165 981,164 824,166 760,164 760,195 806,197 1374,197"/><TextEquiv><Unicode/></TextEquiv><TextEquiv index="1"><Unicode>Nos habeat domus, &amp; multo lar luceat igne</Unicode></TextEquiv></TextLine><TextLine id="l6"><Coords points="1377,199 1285,199 1248,197 806,198 759,196 759,228 816,230 1377,230"/><TextEquiv><Unicode/></TextEquiv><TextEquiv index="1"><Unicode>Vpilio ingentem aut fagum, vel ſciſfile robur</Unicode></TextEquiv></TextLine><TextLine id="l7"><Coords points="1348,231 943,232 760,230 760,263 1348,263"/><TextEquiv><Unicode/></TextEquiv><TextEquiv index="1"><Unicode>Sufficiat: tum vos, claro quando igne ſoletis</Unicode></TextEquiv></TextLine><TextLine id="l8"><Coords points="1315,265 1248,266 1155,264 759,264 759,295 1315,295"/><TextEquiv><Unicode/></TextEquiv><TextEquiv index="1"><Unicode>Iuniperi ſuaues circum diffundere odores,</Unicode></TextEquiv></TextLine><TextLine id="l9"><Coords points="1337,293 1301,299 914,298 760,296 760,329 1334,329 1341,325 1337,325"/><TextEquiv><Unicode/></TextEquiv><TextEquiv index="1"><Unicode>Et vos Palladiæ flammis imponat oliuæ. 0</Unicode></TextEquiv></TextLine><TextLine id="l10"><Coords points="1378,330 1113,332 941,332 815,330 760,331 760,361 776,362 1378,362"/><TextEquiv><Unicode/></TextEquiv><TextEquiv index="1"><Unicode>Ante focum tibi paruus erit, qui ludat, Iulus,</Unicode></TextEquiv></TextLine><TextLine id="l11"><Coords points="1359,365 974,364 847,365 810,363 760,363 760,392 1359,392"/><TextEquiv><Unicode/></TextEquiv><TextEquiv index="1"><Unicode>Blanditias ferat, &amp; nondum conſtantia verba.</Unicode></TextEquiv></TextLine><TextLine id="l12"><Coords points="1388,398 1036,397 831,398 760,396 760,428 777,429 986,430 1107,428 1172,430 1388,430"/><TextEquiv><Unicode/></TextEquiv><TextEquiv index="1"><Unicode>Ipſe legam magni tecum monumenta Maronis.</Unicode></TextEquiv></TextLine><TextLine id="l13"><Coords points="1269,431 1061,429 986,431 832,431 762,429 762,461 1269,461"/><TextEquiv><Unicode/></TextEquiv><TextEquiv index="1"><Unicode>O fortunatos nimiùm, ſi fata quod æui</Unicode></TextEquiv></TextLine><TextLine id="l14"><Coords points="762,462 762,494 1412,494 1412,462"/><TextEquiv><Unicode/></TextEquiv><TextEquiv index="1"><Unicode>Nos manet, hoc vna dederint producere vitam.</Unicode></TextEquiv></TextLine><TextLine id="l15"><Coords points="1103,499 1103,520 1181,520 1181,499"/><TextEquiv><Unicode/></TextEquiv><TextEquiv index="1"><Unicode>Ver.</Unicode></TextEquiv></TextLine><TextLine id="l16"><Coords points="1389,526 1196,526 1173,528 1045,528 1041,526 750,526 750,562 1389,562"/><TextEquiv><Unicode/></TextEquiv><TextEquiv index="1"><Unicode>Iam veniet ver purpureum, iuuenisq; reuertens</Unicode></TextEquiv></TextLine><TextLine id="l17"><Coords points="1336,564 759,563 759,593 762,594 826,596 1336,596"/><TextEquiv><Unicode/></TextEquiv><TextEquiv index="1"><Unicode>Annus, aget Lephyros, &amp; cœlo deſuper alto</Unicode></TextEquiv></TextLine><TextLine id="l18"><Coords points="1320,601 1307,601 1295,598 994,597 920,598 758,596 758,628 868,630 1320,630"/><TextEquiv><Unicode/></TextEquiv><TextEquiv index="1"><Unicode>Deducet pleno genitalia ſemia cornu;</Unicode></TextEquiv></TextLine><TextLine id="l19"><Coords points="1506,630 1037,632 759,630 759,660 761,661 927,664 1506,664"/><TextEquiv><Unicode/></TextEquiv><TextEquiv index="1"><Unicode>Vnde hominum genus, &amp; pecudum, vitæq; natantum</Unicode></TextEquiv></TextLine><TextLine id="l20"><Coords points="1331,665 757,664 757,695 861,697 1331,697"/><TextEquiv><Unicode/></TextEquiv><TextEquiv index="1"><Unicode>Et pictæ volucres, &amp; amantes rorida plantæ</Unicode></TextEquiv></TextLine><TextLine id="l21"><Coords points="1339,699 1333,698 757,698 757,728 765,729 872,731 1339,731"/><TextEquiv><Unicode/></TextEquiv><TextEquiv index="1"><Unicode>In Venerem cæco ætermi rapiuntur amore.</Unicode></TextEquiv></TextLine><TextLine id="l22"><Coords points="1378,731 953,733 758,729 758,762 882,764 1378,764"/><TextEquiv><Unicode/></TextEquiv><TextEquiv index="1"><Unicode>Gaudete o quicunque bonum ſperatis agreſtes,</Unicode></TextEquiv></TextLine><TextLine id="l23"><Coords points="757,765 757,798 1447,798 1447,765"/><TextEquiv><Unicode/></TextEquiv><TextEquiv index="1"><Unicode>Quorum amor eſt ſobolis, ſtudiumq; nepotibus arua</Unicode></TextEquiv></TextLine><TextLine id="l24"><Coords points="754,798 754,831 1293,831 1293,798"/><TextEquiv><Unicode/></TextEquiv><TextEquiv index="1"><Unicode>Incolere, &amp; paruas vlmis attollere vites:</Unicode></TextEquiv></TextLine><TextLine id="l25"><Coords points="752,831 752,859 1371,859 1371,831"/><TextEquiv><Unicode/></TextEquiv><TextEquiv index="1"><Unicode>Annus, io, nouus annus adeſt: mutatur &amp; ætas</Unicode></TextEquiv></TextLine><TextLine id="l26"><Coords points="753,864 753,890 1315,890 1315,864"/><TextEquiv><Unicode/></TextEquiv><TextEquiv index="1"><Unicode>Et meliora nouo naſcuntur ſæcula mundo.</Unicode></TextEquiv></TextLine><TextLine id="l27"><Coords points="1074,930 1331,930 1331,898 752,898 752,930 1030,932"/><TextEquiv><Unicode/></TextEquiv><TextEquiv index="1"><Unicode>Bella pater procul, &amp; diras Saturnus Erinnes</Unicode></TextEquiv></TextLine><TextLine id="l28"><Coords points="1299,931 1074,931 1030,933 750,931 750,960 1299,960"/><TextEquiv><Unicode/></TextEquiv><TextEquiv index="1"><Unicode>Arcebit caro e Latio, ac ſub tartara mittet.</Unicode></TextEquiv></TextLine><TextLine id="l29"><Coords points="751,964 751,996 1355,996 1355,964"/><TextEquiv><Unicode/></TextEquiv><TextEquiv index="1"><Unicode>Tum lethum, &amp; cæcus furor, &amp; veſana cupido</Unicode></TextEquiv></TextLine><TextLine id="l30"><Coords points="1240,1029 1240,999 749,999 749,1028 805,1030 1200,1030"/><TextEquiv><Unicode/></TextEquiv><TextEquiv index="1"><Unicode>Perpetuis extra terras religata catenis</Unicode></TextEquiv></TextLine><TextLine id="l31"><Coords points="1449,1030 1201,1030 1155,1032 1000,1033 904,1033 804,1030 744,1030 744,1062 1097,1063 1197,1061 1303,1061 1341,1063 1449,1063"/><TextEquiv><Unicode/></TextEquiv><TextEquiv index="1"><Unicode>Perſoluent pœnas ſcelerum: at pax alta per omnem</Unicode></TextEquiv></TextLine><TextLine id="l32"><Coords points="1077,1096 1189,1094 1285,1094 1285,1062 1098,1063 1024,1066 884,1066 748,1063 748,1094 802,1097 869,1098 1055,1098"/><TextEquiv><Unicode/></TextEquiv><TextEquiv index="1"><Unicode>Italiam magno populos ſub Cæſare viſet.</Unicode></TextEquiv></TextLine><TextLine id="l33"><Coords points="1139,1128 1302,1128 1302,1095 1189,1095 1077,1097 1055,1099 869,1099 802,1098 748,1095 748,1129 1051,1130"/><TextEquiv><Unicode/></TextEquiv><TextEquiv index="1"><Unicode>Ille autem inſignis ſpoliis, &amp; mille tropæis</Unicode></TextEquiv></TextLine><TextLine id="l34"><Coords points="1164,1160 1252,1160 1252,1129 1052,1130 994,1133 747,1130 747,1162 1123,1162"/><TextEquiv><Unicode/></TextEquiv><TextEquiv index="1"><Unicode>Inſtituet feſtos alta ad Capitolia Iudos.</Unicode></TextEquiv></TextLine><TextLine id="l35"><Coords points="1025,1196 1059,1196 1085,1194 1417,1195 1417,1162 1124,1162 1036,1163 1009,1165 747,1163 747,1194 1012,1198"/><TextEquiv><Unicode/></TextEquiv><TextEquiv index="1"><Unicode>Stabit onuſta ingens, Tarpeii ad liina templi</Unicode></TextEquiv></TextLine><TextLine id="l36"><Coords points="1388,1227 1425,1226 1425,1195 1085,1195 1059,1197 1025,1197 1012,1199 744,1195 744,1231 1382,1231"/><TextEquiv><Unicode/></TextEquiv><TextEquiv index="1"><Unicode>Qercus honore ſacrâ, &amp; prænunta temporis aurei.</Unicode></TextEquiv></TextLine><TextLine id="l37"><Coords points="1443,1231 1443,1270 1521,1270 1521,1231"/><TextEquiv><Unicode/></TextEquiv><TextEquiv index="1"><Unicode>Tu</Unicode></TextEquiv></TextLine><TextEquiv><Unicode/></TextEquiv></TextRegion></Page></PcGts>