995 1356
219 44 616 70 RACASTORII.
31 83 648 119 Tum veſcæ glandes, tum terræ ſponte ferentes
32 119 685 152 Omnia: comparibus diſiunget colla iuuencis
29 151 613 187 Agricola, & rudibus mirabitur hordea ſulcis
30 184 641 220 Sponte adolere ſuâ, & nullo frumenta colono
30 219 603 253 Vndantem lætis ſegetem flaueſcere campis.
32 252 571 284 Noctibus in ſiluas & mollia prata ſerenis
30 285 646 317 thereo dulcem commiſtum nectare rorem
32 318 596 352 Sudabit cœlum: tenerâ qui lectus ab herbâ
32 351 642 385 Mortales ſaturat mensâ, dapibusq; Deorum.
35 383 714 419 Slue, magne Tibri, & vos natæ Tibride Nymph,
34 417 684 453 Tuq; ſenex pater Eridane, & qui flumine Tuſco
34 452 579 485 Benace in noſtro placidus perlaberis agro.
37 484 633 520 Tuq; Atheſis, cunctiq; amnes faluete Latini,
35 519 636 553 Diiq; omnes magnæ Heſperiæ, qui ſæcula ſoli
35 552 638 585 Aurea Saturni primo meminiſtis ab æuo;
38 584 654 619 Cum ſæpes vel limes adhuc communibus agris
39 618 570 650 Non foret, aut vlli variarent iugera ſulci,
38 652 645 686 Sponte ſuâ ſed terra ferax daret omnia, & ipſæ
35 685 599 718 Præberent dulci victum de robore glandes.
285 723 445 753 Fragmentum.
39 753 680 788 Quarum pars brumæ impatiens, & condita teræ
36 787 593 821 Exipectat ver egelidum, flatusq; Fauoni:
41 820 619 854 Pars paſſura hiemem, læt ab radice vireſcit,
35 854 721 888 Emittitq; comam, ſiculumq; atque altera beta
41 888 595 922 Atque ari virides, & odoriferæ calamithæ,
35 922 711 956 Atque olus, atque rumex, & ſalſi gramina crithmi.
36 955 615 989 Quas inter ſuaues mollesq; adſpirat odores
36 988 730 1022 Nunc decus hortorum menta; at ſi vera loquunttr,
36 1021 748 1055 Nympharum quondam pulcerrima Graiugenarum.
36 1054 687 1089 Tum iuuat & frondes apii, & iſymbria læta,
36 1087 605 1121 Intubaq;, & toto florentes frigore ſonchos
39 1123 755 1158 Incolore, atque hortis Aquilonem arcere nocente.
256 1159 433 1190 Fragmentum.
41 1189 629 1223 No venit, & paſtæ redeunt ad tecta capellæ
40 1223 686 1266 Præ caper it, cui arba iubat, cui crua pendent
735 1258 865 1311 ito-
