1019 1348
236 30 634 58 FRACASTORIE
313 77 403 100 Aliud.
35 108 658 141 Battus amor Dryadum defunctum paſtor Iolam
32 141 651 176 Flebat, eum fontes, Alpinaq; Numina circum,
31 175 621 208 Sarcaq;, pumiceoq; ſedens Benacus ab antro
32 208 620 241 Mœrentem lacrymis conſolabantur obortis.
30 243 613 275 Ille autem nua accipiens ſolamina, tantum
31 274 517 310 Deſertâ ſub rupe in litoribus Benaci,
6 307 667 343 Talia nequidquam ſurdas iactabat ad vndas:
30 344 622 378 Immites Diu, & crudeles vos quoque Parcæ,
31 377 594 405 Crudeles nimium Pareæ: vos ibitis amnes,
31 410 629 444 Aëriæ ſtabunt rupes: nuſquam amplius ipſe
31 444 657 478 His terris, nunquam hoc cœlo agnoſcetur Iolas,
29 476 598 511 Vt cecidit: ſemel in pratis vt purpureus fſos,
29 511 645 545 Quem tetigit vel hiems, vel iniquo Sirius aſtro.
27 545 701 578 Curtite iam fluuiorum vndæ, & producite vitam,
26 579 534 610 Et rupes durate: tamen non alter Iolas
26 611 672 645 Hos pecus in montes, non hæc ad flumina dueet.
136 647 633 674 Ad M. Antonium Flaminium, & alea-
264 681 501 705 Hium Florimontium.
24 712 543 747 Dum vos fatidios vates, arcanaq; ſenſa
23 747 661 781 Voluitis, atque animum cœleſti nectare alentes,
23 779 554 814 Alloquiis, magnoq; Dei conſueſcitis ori
23 813 605 847 Felices, duce Giberto, Campenſe magiſtro;
23 845 755 881 Quid dicam miſerum me agere, & quam ducere itam?
22 881 664 915 Irrequietum enim, & quærentemindagine vanà
12 913 664 948 Naturam ſemper fugientem: quæ ſe vbi paulm
1 946 593 980 Oſtendit mihi, mo facies in mille repente,
1 978 676 1015 Ceu Proteus, conuerſa ſequentem eludit, & angit
1 1011 637 1049 Mœrentem ſeniiq; horas, caſſumq; laborem.
19 1047 658 1082 Nuper enim tenues ſpecies, ſimulacraq; rerum,
19 1080 564 1115 Quæ fluereex ipſis dicuntur, perq; meare
19 1113 651 1148 Omnia, dum ſector meditans, tacitusq; requifo
18 1147 531 1176 Auia ſiluaru, & ſecreta ſilentia ſolus,
17 1179 572 1215 Cognouit tamen his ſpectris illudier ipſis;:
15 1207 648 1248 t ſenſusferiant noſtros, ſemperq; laceſſant,,
703 1235 802 1277 ei;
463 1247 559 1272 Bbbb
