1555 1434
949 28 1285 55 HIERONTMI
728 39 786 60 22
732 67 1365 108 Perq;fores, caulasq; animæ ludantq;, meentq
736 102 1372 141 Ac remeent, ipſamq; nec inter ſomnia lin quant.
736 135 1277 170 Ergo hoc eluſum ſtudio, feſſumq; labore
736 168 1324 206 Tandem me miſerata ſuos abduxit in hortos
735 202 1458 243 Muſa memor, tetricumq; animum ſomno, atq; quiete
739 235 1329 269 Curauit, numerisq; & blando carmine fouit.
737 267 1426 308 Tum mihi. quo tandem ſemper mortalia quærens
737 301 1480 345 Hanc colere vſque voles terram? nunquamne relinques
736 334 1412 371 Has tenebras, nunquamne in lucem lumina tolles?
730 368 1479 409 An neſcis, quæcunque hic ſunt, quæ hac nocte teguntu
730 401 1384 438 Omna res prorſus veras non eſſe, ſed vmbras,
735 434 1343 473 Aut ſpecula, vnde ad nos aliena elucet imago?
736 467 1476 520 Teria quidem, & maria alta, atque his circunfluus aër,
731 498 1293 532 Et quæ conſiſtunt ex iis, hæc omnia tenues
732 533 1457 575 Sunt vmbræ, humanos quæ tanquam ſomnia quædam
731 566 1338 604 Pertingunt animos, fallaci & imagineludunt,
735 600 1371 640 Nunquam eadem, fluxu ſemper variataerenni.
735 635 1318 673 Sol autem, Lunæq; globus, fulgentiaq; aſtra
734 666 1283 703 Cetera, ſint quamuis meliori prædita vitâ,
732 702 1342 738 Et donata æus immortali, hæcipſa tamen ſunt
731 734 1456 777 terni ſpecula; in quæ animus, qui eſt inde profectus,
729 768 1359 805 Inſpiciens, pattiæ quodam quaſi tactus amore
729 800 1430 841 Ardeſcit. ſed enim, quoniam hlc non perſtat, at vltra
729 834 1333 877 Neſcio quidſectatur auens, tacitusq; requitit,
725 866 1235 900 Noſſe licet non ipſius conſiſtere verum
721 900 1350 945 HHic finem, verum eſſe aliud quid, cuius imago
723 934 1490 982 Splendet in iis; quod per ſeipſum eſt, & principium eſſe
718 967 1462 1014 Omnibus æternum, ante omnem numerumq;, diemq;.
718 1001 1469 1040 In quo alium Solem, atque aliam ſplendeſcere Lunam
719 1034 1277 1071 Adſpicias, aliosq; orbes, alia aſtramanere,
720 1066 1363 1108 Terramq;, fluuiosq; alios, atque aëra, & ignem,
715 1102 1334 1142 Et nemora, atque aliis errare animalia ſiluis:
714 1133 1263 1167 Deniq; cuncta aliâ cernas vegetantia vita.
712 1165 1390 1213 Ergo, vmbras cum iam ſatis, & ſpecula illa, ſuperq;
598 1195 1339 1286 sin oaeean,
1401 1252 1511 1290 Fas
