1568 1458
969 15 1293 40 HIERONIMI
726 28 797 51 24
744 60 1255 95 Fatidico, plenusq; Deo Dauidica vates
751 93 1286 130 Ipſe etiam pater interpres oracula ſoluit,
751 125 1487 163 Dignus, qui ante omnes citharam pertractet eburnam:
754 160 1241 212 Quam quondam Solymæ ſtupuere.
1053 193 1265 226 Deſunt reliqua
952 229 1272 260 d Cardinalem Farneſium.
755 260 1359 295 Hæc ego lorentes Sophiæ digreſſus in hortos,
755 295 1266 328 Italiæ decus, &iuuenis Farneſia proles,
758 327 1326 361 Condebam, lectasq; tibi de more ſacrabam
756 360 1347 396 Primitias, dum tu magni inter Cæſaris arma,
761 393 1332 427 Gallorumq; acies, recti pacisq; ſequeſter
759 426 1395 459 Res miſeræ Europæ fractas componis, & omne
760 459 1395 495 Robur, & arma Dei Maumeten vertis in hoſtem,
760 492 1384 526 Percurrisq; omnem, veluti Sol aureus, orbem.
760 525 1411 560 Fortunate nimis, quem cunctæ applauſibus vrbes
760 560 1377 595 Excipiunt, pacisq; vocant patremq;, Deumq;,
761 594 1395 627 Inq; caput ſacrosq; ſinus, humerosq;, manusq;
758 627 1276 661 Et nigras violas, & candida lilia iactant:
762 661 1357 694 Cui magna Italia, & terrarum maxima Roma
761 694 1252 728 Aſſurgit, feſtosq; dies, & ſacra nepoti
761 727 1410 761 Solennesq; agitat pompas: denſi vndique circum
761 761 1426 796 Stant populi, & ſtudio ingenti, & clamore ſecundo
758 794 1392 828 Farneſum genus omne, alio de ſanguine ductum
759 828 1329 860 neadum longâ ſerie, ſuper æthera tollunt
757 861 1384 894 Patres, atque Duces, & partos mille triumphos:
757 893 1346 927 Aſſenſu reſonat Tibris, & Tyrhena reſultant
756 927 1289 960 Ditora; ſepteni reſponſant gaudia colles.
758 961 1293 995 Onimium dilecta Deo, præclaraq; longe
757 994 1316 1028 Progenies; ſiue imperiis & Marte regendæ
757 1028 1304 1061 Sint res Romanæ; ſeurelligionis habenis.
754 1060 1447 1094 Atque equidem è fracto imperio, Romaq; cadente
754 1094 1392 1125 Seruatam hane ſtirpem fato, ſtatuentibus & Dis
754 1126 1373 1159 Crediderim, quo Romanum per ſæcula nomen
752 1159 1382 1195 Staret, & Ara Dei, quæ primùm maxima magnis
676 1191 1297 1227 Auſpiciis fuudata fuit, ſempet.
737 1305 852 1356 ,
41 1363 456 1398 m
