1574 1499
979 86 1283 121 RANCISCI
759 132 1307 170 Maumeten ſe Caucaſeis includere portis;
761 169 1306 201 At Pacem viridi redimitam tempora oliuâ
760 202 1411 236 Ire per Europam magnam, atque inuiſere terras:
761 236 1412 271 Quam pia Relligio, & iunctis Concordia dextris,
760 270 1414 298 Er Probitas, & amor recti comitentur euntem.
762 302 1368 337 Salue magne Tibri, ſalue & tu maxima rerum
763 337 1330 369 Roma parens, ſatuete arces, collesq; Latini,
763 369 1315 402 Aurea qui primi longo meminiſtis ab æuo,
765 403 1285 435 Sæcula, cum nulli variarent iugera ſulci,
766 434 1365 468 Sponte ſuâ ſed terra ferax daret omnia, & ipſæ
763 469 1358 502 Præberent dulci victum de robore glandes,
764 502 1302 533 Et nunc venturis eadem ſperatis ab annis.
993 537 1206 569 Epita hium Molſ.
766 564 1390 606 Quod Molſæ fuerat mortale hac conditur vrna,
803 602 1335 634 Exſtruxere ſuis quam Aonides manibus.
768 635 1407 669 Cœtibus at Superum fruitur nitidiſfimus almis,
803 669 1301 703 Itq; comes magno ſpiritus Hippolyto.
768 703 1410 736 Quem Medicâ de gente ſatum pulcerrima Virtus
801 737 1282 770 Extulit, & cœli templa tenere dedit:
764 770 1469 804 Quemq; vnum ante omnes coluit, dum fata ſinebant
798 804 1269 837 Atque oeulis vates prætulit ipſe ſuis.
976 910 1296 943 COSENTINL
1059 943 1218 968 Ad Leucam
753 972 1500 1031 VMMQIDadhuc rabidâ perſtas immanis in irâ?
825 1004 1357 1041 Et iuuat Hyrcanæ pergere more feræ?
758 1040 1314 1076 Horribilis niueo feritas in pectore turpis,
798 1074 1261 1106 Turpis formoſo toruus in ore furor.
758 1106 1344 1141 Nec ſemper Tygris. nec ſemper ſæuit hyen,
798 1141 1267 1174 Sæpe lupæ mites, ſæpe leæna pia eſt:
757 1173 1370 1207 Et quid erit turbaſſe comas, rupiſſe capillum?
797 1207 1263 1238 Meq; oras tunicæ diſſoluiſle tuæ?
755 1238 1422 1275 Nonne potis tibi ſum tunicas & tradere pellam
791 1272 1301 1307 Qles ferre omnis culta puella ſolet?
1453 1313 1563 1343 Ad td
