1560 1422
922 10 1289 35 FRANCISCI
748 19 803 44 128
785 52 1293 90 Infidum, atque odii ſemina mille iacit.
751 87 1451 123 Quæq; hominis quondam contemnere dicta ſolebas,
786 121 1274 147 Nunc facili vereor ne ſatis aure bibas.
751 155 1306 189 Atque odium crudele reor te pectore duro
787 188 1223 220 Exercere diu, pulſus vt excrucier.
750 219 1336 253 Iam non poſſediem ſine te meviuere, noſti,
787 255 1262 287 Me noſti imperio ſuccubuiſſetuo.
750 288 1346 320 Vror amore, tui fateor mea Leucia amore
784 322 1275 355 Maceror, & toto pectore diſcrutior.
681 354 1357 388 Non aliter quàmtu noſtram cum ſæpe ſubibas
786 388 1307 420 Sola domum ignaro, nocte ſilente, viro,
677 421 1303 455 Sub mediumq; diem mutata veſte petebas
778 454 1294 488 Cum me ſollicito ſemirecincta pede:
676 486 1316 527 Mutuus eſt, & eritnobis dum vita manebit,
778 519 1304 546 Inſitus amborum mentibus vnus amor:
674 554 1318 610 Nec contra pugnarelicet, nec tollere vis eſt,
775 588 1357 622 Ouo premimur, cui ſunt ſubdita colla iugo.
673 615 1412 658 En mitis, rediensq; tuum complectere amantem,
780 656 1274 690 Quaq; ſoles hilati ſuſcipe fronte, Dea.
675 688 1297 723 Quas ego delicias video cum pace perenni,
773 723 1291 757 Quæ video æterna fœdera iuncta fide.
871 758 1320 790 De Leuci ad Hieroymum Corregium.
743 789 1332 824 Qui noſtrosperſæpe doles, Hieronyme, caſus
666 807 1249 857 Et male fers animi vulnera dira mei:
665 856 1366 893 Affer opem, mihida dextram, ſuccurre labanti;
773 890 1316 923 Me noua cura ooquit, me ferus vrit amot.
662 923 1314 957 Curæ aliæ in terris nullæ niſi amoris amaræ,
774 957 1272 992 Solus perpetui eſt cauſſa doloris amor.
665 990 1412 1026 Clauſtra tenent arcesq; meam, turresq; puellam,
771 1025 1232 1058 Nec licet egregio me ſemel ore ftui.
667 1058 1410 1090 Tu cui Dii dederunt claro cum ſanguine mentem,
751 1091 1287 1123 Ingenium, & culto quælibet ore loqui;
663 1123 1431 1161 Dic mihi qua ſit iter, quid ſit mihi conſule agendum.
763 1156 1265 1191 Quo poſſim optatos victor adire toros.
660 1190 1277 1224 An dignam rem forte putas luſuq;, iocoq;
1437 1229 1524 1255 Et ri-
