1017 1362
276 38 655 78 FRANCHINI.
76 82 578 117 Et rides; & me tu quoque flere vetas?
44 116 671 151 Scis tamen inuictum capta Briſeide Achillem
78 151 548 183 Fleuiſſe & madidis ora rigaſſe genis.
41 184 645 220 Si mihi forte forent vires Hieronyme Achillis,
62 218 614 253 Parerentq; acies ſi mihi Mirmidonum,
8 251 603 286 Aſpiceres æquata ſolo, & diſiecta per agros
75 284 654 320 Mœnia, dura quibus Leucia clauſa mea eſt:
43 318 740 353 Cuſtodemq; arcis cæſum, & ſine nomine truncum,
77 352 613 387 Et multo Tiberim ſanguine purpureum.
42 385 627 421 Ille ſenex olidus tremulusq; in turribus altis
77 419 573 452 Detineat noſtras ſpes & inultus opes ?
46 452 641 480 Nec ſinat is dominam ſacras accedere ad aras,
77 486 535 519 Nec ſinat affines poſſe videre ſuos?
43 519 649 557 Qin referunt non tam ferratis poſtibus, olim
79 554 558 585 In turri Danaen detinuiſſe patrem.
45 585 731 621 Hinc lacrymis madefacta breuis modo littera furtim
79 621 608 653 Miſſa mihi eſt: perii, tu mea Vita vale.
49 654 606 689 Me vitam appellat; ſe iam periiſſe fatetur;
79 688 607 721 Me valeatq; vt non ipſa, valere iubet.
46 719 636 755 Scripſiſſet fors plura metu ni dextra labaſſet,
79 754 544 788 Longius infelix ſcribere non valuit.
47 787 647 822 Capta puella dolis tenebroſo in carcere viuat?
79 821 566 855 Ipſe ego per campos otia liber agam?
44 854 627 881 Meme hilarem triſti te Leucia nemo videbit,
78 888 572 923 Semper ero ſine te Leucia lucis inops.
1 919 665 955 Verum tolle animos, mea lux, iam deſine ſegni
76 956 616 990 Turpiter in luctu degere & in laerymis.
44 989 719 1023 Audendum ; tentanda via eſt, quâ dulcibus Argum
76 1022 542 1056 Poſſimus vigilem fallere ſæpe dolis.
44 1055 658 1090 Ipſe ego mein varias conuertam, vita, figuras;
74 1091 564 1117 Auri forma mihi, vel mihi oloris erit.
1 1123 670 1163 Ledan factus olor, Danaen mutatus in aurum
75 1157 542 1192 Iupiter e ſummo fertur adiſſe polo:
45 1190 622 1225 Scilicet hanc, vt auis tacitoq; citoq; volatu,
77 1225 541 1251 Præteriens nullo tramite viſus adit.
724 1258 820 1281 Aurum
