1587 1518
986 68 1347 103 FRANCISCI
758 83 810 108 to
762 114 1442 151 Aurum grande dedit Danaes cuſtodibus; auro
801 151 1244 178 Et tacuere fores, & tacuere canes.
767 185 1408 218 Sic egomore Iouis, magnorum more Deorum,
801 218 1315 251 Tecum quo minme tempore reris ero.
766 251 1454 284 Iam iam adero, & pontes, & propugnacula, & arcis
801 284 1322 317 Ferrea turrigeræ limina tranſiliam.
769 317 1293 349 Tuq; face vt viſat tua te cariſſima mater,
804 351 1371 384 Quæ roget in dulcem te ſinat ire domum:
769 384 1354 411 Aut referat caram ſeſe malè habere ſororem,
805 416 1267 451 Optantem vultus poſſe videre tuos.
770 451 1297 484 Illi promittas horam non amplius vnam
806 484 1251 517 Abfore, ne longas te putet ire vias.
772 517 1296 550 Diuertes ad me ſolâ comitata parente,
808 549 1342 584 Quæ penitus toto corde colenda mihi eſt.
773 583 1427 617 O quæ læta manent nos gaudialquæve dabuntur
810 616 1358 649 Oſeula cum longa blanda & anhela morâ
773 649 1329 682 udendus ſic ſemicaper, ſic hircus adulter.
810 683 1266 709 Fallendi tacitas vult amor eſſe vias.
1002 717 1264 750 Deſus ab vrbediceſſu.
752 752 1408 784 Etus eram & blandi captabam munera amoris,
809 784 1308 817 Et mihi delitias Roma ſuperba dabat;
774 818 1401 852 Cum duce Ranuto Romanapalatia cogor,
807 851 1305 883 Et dominæ amplexus deſeruiſſe meæ:
771 884 1383 919 Perq; niues, perq; aſpra gelu iuga currere cano,
805 919 1264 952 Et permutatis ſubdere calcar equis.
771 951 1436 985 Cauſſa potens iuuenem mouit: namq; illius aures
804 985 1288 1018 Nuntius attonitas percutithorribilis.
770 1019 1425 1052 Fratrem vno, & fratris grauiter languere maritam
805 1053 1407 1087 Tempore, & occultum virus vtriquc datum
770 1087 1304 1118 Surgit & arreptis nocturno tempore loris
803 1117 1384 1152 Iam conſcendit equum, iam celeramus iter:
769 1151 1423 1184 Deſeritur Tiberis; Nar linquitur; arua voramus,
803 1184 1350 1218 Clitumnus placidis quæ rigat albus aquis.
769 1217 1485 1251 Per Thanain ferimur, conſcendimus Appeunin,
804 1251 1290 1289 Lceolos curſu incere cura fuit.
1479 1287 1585 1315 Nadi-
