1593 1499
980 68 1287 94 FRANCISCI
752 81 804 106 ,2
789 111 1232 148 Caſibus humanis exeruiſſe caput,
706 147 1358 183 Viuite, præſtantesq; animos, viresq; valentes
790 180 1266 214 Sumite, vosq; altis toltite vrticibus.
756 213 1358 247 Tuq; prior, tu ſurge toro, fortſſima coniunx,
791 247 1280 279 Ipſe tuus te vir ſoſpite, ſoſpes erit.
759 279 1311 305 Tunc natus tremulo dulciſſimus atria riſu
791 313 1318 347 Co mplebitq; ſuis mollibus ampla iocis.
758 347 1452 381 Nunc mœret, queritur. ſubtriſtis obambulat, & flet,
790 380 1327 414 Nec ſcit cur lacrymas fundat ab ore pues
756 414 1328 448 Hinc ego lætitiâ ſublatus ad æthera pangam
789 448 1347 478 Carmina, non vobis, non male grata Deis.
757 480 1392 515 Tu vero quid flamma facis mea? fallis amantem
703 482 1302 540 Læta dolis? noſti cura nec vlla ubdit?
704 541 1371 580 An promiſſa fides manet incorrupta? ſacramq;
705 579 1318 613 Caſta pudicitiam ſeruat Himera domus?
705 608 1390 648 Sta rogo promiſſis; adero; fera bella mouentur,
705 643 1326 682 Quæ mihi ſun celeri diffugienda pede.
705 674 1422 715 Et tecum & Romæ certum eſt mihi viuere Himera,
705 715 1176 754 Inq; tuo vitæ ſoluere fila ſinu.
971 751 1156 776 Ad Himeram.
755 782 1328 816 Nupſiſti tandem, mentiq; expleta libido eſt
786 816 1364 848 Dira tuæ, & Moſco candida Himera data es:
752 849 1295 883 Nec mea crudelis pro Dii ſuſpiria curas,
786 883 1407 917 Nec lacrymas madidis quas damus vſque genis.
749 917 1239 952 Iuraras me velle loco fratrisq; viriq,
785 949 1264 982 Nec ſi te peteret, nubere velle Ioui.
750 983 1339 1017 Hæc promiſſa fides? hæc noſtri fœdera lectit
786 1017 1288 1050 Siccine credenti tot bona dicta dabas?
750 1050 1296 1082 Ah iuuet à carâ diſcedere protinus vrbe
778 1082 1216 1115 Et te Tibri pater deſeruiſſe iuuet.
750 1110 1432 1149 Hic maneat Moſcus, quem diligit improba Himera,
783 1149 1319 1182 Cuique ſuum fallax ornat Himera caput.
748 1182 1421 1215 Quid mihi cum ſeptem pulcræ nunc coilibus vrbis?
781 1216 1378 1248 Quid mihi cum muris, Romule magne, tuis?
704 1243 1304 1283 Scilicet vt ſpeccem viridanti limina myrto,
1431 1288 1541 1322 Spar-
156 1419 576 1469 v
