1016 1389
246 75 577 104 FRANCHINI.
765 81 872 109 m
75 120 584 156 Sparſaque odoratis tecta ſuperba roſis?
38 155 630 190 Et videam in niueà quam ſit pallâue rubenti,
73 189 597 224 Qumve coronatis conſpicienda comis?
39 221 655 255 Non animus nobis tantum ſpectare dolorem,
73 256 533 289 Et perferre noui parta trophæa viri.
40 288 637 322 Ibo ego per ſaltus, per inhoſpita littora Ponti,
76 323 574 356 Luſtr aq; & inculti vaſta per antra ſol:
17 357 656 390 Hic & facta querat triſtis tua, & alloquar auras
75 391 589 423 Solus & ut pœnas des, mihi, vota dabo,
8 423 638 456 Non tamen vt fias deformis. Himera rogabo,
76 459 556 492 Vtq; artus macies occupet atra tuos:
42 489 611 523 Te nec vtinuadat pallentem turpis egeſtas,
75 526 584 558 Vtque tuas rapidus deuoret ignis opes:
40 558 624 590 Sed deſiderium vt noſtri te tangat amoris,
77 592 574 626 Vt ſubeant animo baſia noſtra tuo:
39 625 586 659 Diſpliceantque tibi mores & facta mariti,
78 659 524 691 Nec poſſis olidi tædia ferre capri,
42 692 693 727 Diua Erycina, damus cui maſcula tura tot anuos,
78 727 523 760 Quæ facili votis annis, aure meis,
38 759 670 794 Igne vides quanto me perfida Himera perurat,
76 792 625 827 Quo foueat Moſcum mollis amore ſuum:
41 827 586 859 Tu nos alma tuo vinxiſti rete receptos,
76 860 606 894 Atque eratin laqueis lætus vterque tuis.
39 891 696 925 Vincla illæſa mihi tua ſunt, Deamagna Cytheris,
32 927 631 960 Fœdera cum vinclis rupit & illa fidem:
1 957 709 997 Fac Dea quæ nunc his inita et concordia, qui nunc
72 994 589 1028 Mutuus et, paruo temporeduret amor.
37 1027 583 1060 Fac odiis certent; ſere lites, iurgia necte;
72 1061 631 1094 Illam non vir amet; no amet illa virum,
38 1093 645 1128 Tunc ego victor ero, tunc noſlri cura ſubibit,
70 1128 602 1162 Meque erit huic ingens deſeruiſſe dolor.
37 1160 708 1196 Quod ſi etiam perges miſerum me prorfus Himer
70 1195 589 1227 Deſpicere& Moſcus iam tibi carus erit:
38 1227 699 1261 Quò tendat miimonſtrat iter Pelopeus Oreſtes.
71 1262 614 1305 emplum Ooreſte licet
671 1291 816 1321 ermi-
