1595 1488
977 71 1355 98 FRANCISCI
757 81 811 105 M,
754 111 1420 148 Hermionem toto quam pectore amabat Oreſtes,
795 147 1266 178 Vxorem duxit Pyrrhus Achilleides:
760 180 1277 214 Impatiens iræ Pelopeius, arma capeſſit,
798 214 1342 246 Et Pyrrhum abductâ perdidit Hermione.
764 248 1393 279 Sic nec amare velis, nec Himera immitis amari,
797 279 1265 314 Aggrediar Moſci fortiter enſe latus.
766 314 1331 346 Sed potius placide iuncti flagremus amore,
796 347 1329 380 Qui rogo non obitus deſinat ante meos.
764 380 1317 412 Ipſa Venus thalamo Vulcani ſæpe relicto,
797 413 1307 442 Ibat ad Anchiſæ nocte ſilente thor um,
758 445 1309 480 Tithoni amplexu depulſa aurora, petebat
801 480 1246 512 Lolide Cephali brachia lenta fui:
760 514 1372 546 Tu quoq; de vereri magnarum more Dearum,
795 545 1413 578 Curre, age, in amplexus dulcis Himera meos.
1013 580 1170 603 Ad Leuciam.
758 612 1344 680 er
759 680 1322 714 Ille tuis latitet cum Leucia blandus ocellis,
792 713 1285 746 In me mille iacit ſpicula, mille faces.
758 747 1253 780 Ah vicit, lætorq; dolis deluſus opertis
793 781 1326 817 Magna tua eſt facti gloria, nulla Dei.
1030 817 1188 839 Ad Leuciam.
751 842 1365 880 Floribus intextam variis tibi mitto corollam,
787 882 1279 916 Quos auidâ legi picta per arua manu:
753 915 1314 947 Sunt nigræ violæ, ſunt lilia candida, ſunt &
787 948 1264 981 Purpureæ gelido non ſine rore roſæ:
755 976 1494 1015 Sperne tamen cuncta hæc, mea Leucia. ſcinde coronan:
783 1015 1236 1044 Lilia tu terris, tu roſa, tu viola es.
946 1049 1298 1081 De Amore, ad Iamm Vitalem.
746 1081 1362 1114 Me iaculis pete, me flammis, me Iane fgittis,
780 1115 1303 1147 Et me præcipitem mitte, vel in pelagus.
746 1147 1361 1180 Ante ſuo quam ſæuus Amo me vulneret areu:
777 1179 1254 1214 Illo Iane, nihil ſæuius eſſe poteſt.
995 1215 1148 1237 De Leucii.
676 1231 1398 1284 Pulea manus Hebe, Iuno vlnas, Cynthia ocellos,
1470 1274 1541 1313 Oa
