<?xml version="1.0" encoding="UTF-8" standalone="no"?><PcGts xmlns="http://schema.primaresearch.org/PAGE/gts/pagecontent/2019-07-15" xmlns:xsi="http://www.w3.org/2001/XMLSchema-instance" xsi:schemaLocation="http://schema.primaresearch.org/PAGE/gts/pagecontent/2019-07-15 http://schema.primaresearch.org/PAGE/gts/pagecontent/2019-07-15/pagecontent.xsd"><Metadata><Creator/><Created>2022-04-12T18:04:13</Created><LastChange>1970-01-01T00:00:00</LastChange><Comments/></Metadata><Page imageFilename="1207.png" imageHeight="1350" imageWidth="1029"><TextRegion id="r1" orientation="0.0" type="paragraph"><Coords points="1,1 1027,1 1027,1348 1,1348"/><TextLine id="l1"><Coords points="222,32 222,65 614,65 614,32"/><TextEquiv><Unicode/></TextEquiv><TextEquiv index="1"><Unicode>FRANCHINI,</Unicode></TextEquiv></TextLine><TextLine id="l2"><Coords points="58,75 58,108 571,108 571,75"/><TextEquiv><Unicode/></TextEquiv><TextEquiv index="1"><Unicode>Ora Venus, pectus vertice nata Iouis;</Unicode></TextEquiv></TextLine><TextLine id="l3"><Coords points="27,108 27,143 662,143 662,108"/><TextEquiv><Unicode/></TextEquiv><TextEquiv index="1"><Unicode>r faciem videre meæ, formamque puellæ,</Unicode></TextEquiv></TextLine><TextLine id="l4"><Coords points="573,145 409,143 66,143 66,176 573,176"/><TextEquiv><Unicode/></TextEquiv><TextEquiv index="1"><Unicode>Quâ non in terris altera pulcra magis,</Unicode></TextEquiv></TextLine><TextLine id="l5"><Coords points="629,176 619,178 544,179 436,176 166,176 115,178 28,176 28,208 629,208"/><TextEquiv><Unicode/></TextEquiv><TextEquiv index="1"><Unicode>Hebe optat digitos, pectus ſibi Pallas, ocellos</Unicode></TextEquiv></TextLine><TextLine id="l6"><Coords points="67,210 67,243 569,243 569,210"/><TextEquiv><Unicode/></TextEquiv><TextEquiv index="1"><Unicode>Cynthia, Iuno vlnas, illius ora Venus.</Unicode></TextEquiv></TextLine><TextLine id="l7"><Coords points="271,244 271,274 492,274 492,244"/><TextEquiv><Unicode/></TextEquiv><TextEquiv index="1"><Unicode>In ſtatuam Veneris,</Unicode></TextEquiv></TextLine><TextLine id="l8"><Coords points="28,276 28,311 693,311 693,276"/><TextEquiv><Unicode/></TextEquiv><TextEquiv index="1"><Unicode>Vnde decus tantum ſaxo? quis nam indidit ipſam</Unicode></TextEquiv></TextLine><TextLine id="l9"><Coords points="67,311 67,344 680,344 680,311"/><TextEquiv><Unicode/></TextEquiv><TextEquiv index="1"><Unicode>Saxo animam? e cœlo quis tulit huc Venerem</Unicode></TextEquiv></TextLine><TextLine id="l10"><Coords points="609,346 593,345 29,344 29,377 609,377"/><TextEquiv><Unicode/></TextEquiv><TextEquiv index="1"><Unicode>Praxitelis fecere manus. illuſtris Olympus</Unicode></TextEquiv></TextLine><TextLine id="l11"><Coords points="546,380 538,379 68,378 68,405 546,405"/><TextEquiv><Unicode/></TextEquiv><TextEquiv index="1"><Unicode>Ater erit, terras ſi colet alma Venus.</Unicode></TextEquiv></TextLine><TextLine id="l12"><Coords points="334,414 334,436 416,436 416,414"/><TextEquiv><Unicode/></TextEquiv><TextEquiv index="1"><Unicode>Aliud.</Unicode></TextEquiv></TextLine><TextLine id="l13"><Coords points="679,439 675,438 481,439 473,444 464,446 427,446 278,444 271,441 267,437 32,437 32,479 145,479 207,477 289,477 349,479 679,479"/><TextEquiv><Unicode/></TextEquiv><TextEquiv index="1"><Unicode>Egregiam pulcræ Veneris formam adſpice; dices</Unicode></TextEquiv></TextLine><TextLine id="l14"><Coords points="582,480 449,479 349,480 289,478 207,478 68,481 68,511 582,511"/><TextEquiv><Unicode/></TextEquiv><TextEquiv index="1"><Unicode>Laudo equidem ſani iudicium Paridis.</Unicode></TextEquiv></TextLine><TextLine id="l15"><Coords points="352,515 352,538 428,538 428,515"/><TextEquiv><Unicode/></TextEquiv><TextEquiv index="1"><Unicode>Aliud</Unicode></TextEquiv></TextLine><TextLine id="l16"><Coords points="778,544 493,544 486,546 463,547 298,546 294,544 31,544 31,578 391,580 778,580"/><TextEquiv><Unicode/></TextEquiv><TextEquiv index="1"><Unicode>Marmoream adſpiciens Venerem Venus; &amp; tamen auſæ</Unicode></TextEquiv></TextLine><TextLine id="l17"><Coords points="612,581 72,580 72,612 612,612"/><TextEquiv><Unicode/></TextEquiv><TextEquiv index="1"><Unicode>Sunt certamen ait mecum iniiſſe duæ?</Unicode></TextEquiv></TextLine><TextLine id="l18"><Coords points="356,616 356,639 440,639 440,616"/><TextEquiv><Unicode/></TextEquiv><TextEquiv index="1"><Unicode>Aliud.</Unicode></TextEquiv></TextLine><TextLine id="l19"><Coords points="643,681 643,647 34,647 34,682 44,678 109,678 160,680 579,682"/><TextEquiv><Unicode/></TextEquiv><TextEquiv index="1"><Unicode>e Venus vt Iuno &amp; Pallas videre; querentes</Unicode></TextEquiv></TextLine><TextLine id="l20"><Coords points="648,682 480,683 352,681 67,681 67,715 277,715 281,713 309,712 381,713 385,715 648,715"/><TextEquiv><Unicode/></TextEquiv><TextEquiv index="1"><Unicode>De Paride, exclamant, immerito querimur.</Unicode></TextEquiv></TextLine><TextLine id="l21"><Coords points="336,715 336,748 450,748 450,715"/><TextEquiv><Unicode/></TextEquiv><TextEquiv index="1"><Unicode>Deſeipſo.</Unicode></TextEquiv></TextLine><TextLine id="l22"><Coords points="661,748 41,748 41,780 59,781 661,781"/><TextEquiv><Unicode/></TextEquiv><TextEquiv index="1"><Unicode>Me ſine Romulides Nymphæ duxere choreas;</Unicode></TextEquiv></TextLine><TextLine id="l23"><Coords points="611,784 79,782 79,814 81,815 611,816"/><TextEquiv><Unicode/></TextEquiv><TextEquiv index="1"><Unicode>Nam neſcire choros ducerefaſſus eram.</Unicode></TextEquiv></TextLine><TextLine id="l24"><Coords points="568,818 442,818 366,816 138,817 37,815 37,849 40,847 70,847 88,849 568,849"/><TextEquiv><Unicode/></TextEquiv><TextEquiv index="1"><Unicode>Sed qui nonduxi choreas, ſuſpiria duxi,</Unicode></TextEquiv></TextLine><TextLine id="l25"><Coords points="640,880 640,852 388,851 328,849 76,849 76,884 160,884 163,882 182,881 256,881 316,884 632,884"/><TextEquiv><Unicode/></TextEquiv><TextEquiv index="1"><Unicode>Et quem non duxit tibia. duxit amor.</Unicode></TextEquiv></TextLine><TextLine id="l26"><Coords points="620,885 451,886 376,884 221,884 221,908 620,908"/><TextEquiv><Unicode/></TextEquiv><TextEquiv index="1"><Unicode>De Leucii ad Hannibalem Carum.</Unicode></TextEquiv></TextLine><TextLine id="l27"><Coords points="15,949 29,948 443,950 581,952 590,953 593,955 593,918 1,916 1,957 5,957"/><TextEquiv><Unicode/></TextEquiv><TextEquiv index="1"><Unicode>Me bene nolle meæ iuraram Care puellæ,</Unicode></TextEquiv></TextLine><TextLine id="l28"><Coords points="532,953 443,951 244,951 190,949 75,950 75,982 532,982"/><TextEquiv><Unicode/></TextEquiv><TextEquiv index="1"><Unicode>Extinctaſq; mei pectoris eſſe faces.</Unicode></TextEquiv></TextLine><TextLine id="l29"><Coords points="542,986 442,984 137,983 63,984 17,981 12,979 5,972 1,972 1,1015 542,1015"/><TextEquiv><Unicode/></TextEquiv><TextEquiv index="1"><Unicode>licet hæc acri pallet concuſſa dolore,</Unicode></TextEquiv></TextLine><TextLine id="l30"><Coords points="545,1020 355,1017 75,1016 75,1049 545,1051"/><TextEquiv><Unicode/></TextEquiv><TextEquiv index="1"><Unicode>Et ſtupet, &amp; largis fletibus ora rigat.</Unicode></TextEquiv></TextLine><TextLine id="l31"><Coords points="764,1048 600,1048 595,1051 586,1053 474,1053 428,1051 40,1050 40,1083 238,1082 296,1084 438,1085 764,1085"/><TextEquiv><Unicode/></TextEquiv><TextEquiv index="1"><Unicode>Improbe Amor, dextrâ ardebam quam perdere, perdit</Unicode></TextEquiv></TextLine><TextLine id="l32"><Coords points="561,1087 437,1085 296,1085 238,1083 74,1084 74,1115 561,1116"/><TextEquiv><Unicode/></TextEquiv><TextEquiv index="1"><Unicode>Me fletu &amp; lacrymis illa repente ſuis.</Unicode></TextEquiv></TextLine><TextLine id="l33"><Coords points="714,1117 609,1117 602,1119 573,1120 268,1117 38,1117 38,1149 59,1147 82,1147 144,1150 414,1150 490,1153 714,1153"/><TextEquiv><Unicode/></TextEquiv><TextEquiv index="1"><Unicode>Flenti ego dum lacrymas abſtergo atq; oſcula figo,</Unicode></TextEquiv></TextLine><TextLine id="l34"><Coords points="505,1154 414,1151 279,1152 78,1150 78,1185 505,1185"/><TextEquiv><Unicode/></TextEquiv><TextEquiv index="1"><Unicode>Illius in gremio decidi &amp; interij.</Unicode></TextEquiv></TextLine><TextLine id="l35"><Coords points="296,1186 296,1215 476,1215 476,1186"/><TextEquiv><Unicode/></TextEquiv><TextEquiv index="1"><Unicode>Ad Laueiam.</Unicode></TextEquiv></TextLine><TextLine id="l36"><Coords points="40,1215 40,1252 703,1252 703,1215"/><TextEquiv><Unicode/></TextEquiv><TextEquiv index="1"><Unicode>Quòd dederim tibi canâ hyeme violaſq; roſaſque</Unicode></TextEquiv></TextLine><TextLine id="l37"><Coords points="767,1242 767,1274 818,1274 818,1242"/><TextEquiv><Unicode/></TextEquiv><TextEquiv index="1"><Unicode>s</Unicode></TextEquiv></TextLine><TextEquiv><Unicode/></TextEquiv></TextRegion></Page></PcGts>