1029 1350
222 32 614 65 FRANCHINI,
734 31 812 62 s
58 75 571 108 Ora Venus, pectus vertice nata Iouis;
27 108 662 143 r faciem videre meæ, formamque puellæ,
66 143 573 176 Quâ non in terris altera pulcra magis,
28 176 629 208 Hebe optat digitos, pectus ſibi Pallas, ocellos
67 210 569 243 Cynthia, Iuno vlnas, illius ora Venus.
271 244 492 274 In ſtatuam Veneris,
28 276 693 311 Vnde decus tantum ſaxo? quis nam indidit ipſam
67 311 680 344 Saxo animam? e cœlo quis tulit huc Venerem
29 344 609 377 Praxitelis fecere manus. illuſtris Olympus
68 378 546 405 Ater erit, terras ſi colet alma Venus.
334 414 416 436 Aliud.
32 437 679 479 Egregiam pulcræ Veneris formam adſpice; dices
68 478 582 511 Laudo equidem ſani iudicium Paridis.
352 515 428 538 Aliud
31 544 778 580 Marmoream adſpiciens Venerem Venus; & tamen auſæ
72 580 612 612 Sunt certamen ait mecum iniiſſe duæ?
356 616 440 639 Aliud.
34 647 643 682 e Venus vt Iuno & Pallas videre; querentes
67 681 648 715 De Paride, exclamant, immerito querimur.
336 715 450 748 Deſeipſo.
41 748 661 781 Me ſine Romulides Nymphæ duxere choreas;
79 782 611 816 Nam neſcire choros ducerefaſſus eram.
37 815 568 849 Sed qui nonduxi choreas, ſuſpiria duxi,
76 849 640 884 Et quem non duxit tibia. duxit amor.
221 884 620 908 De Leucii ad Hannibalem Carum.
1 916 593 957 Me bene nolle meæ iuraram Care puellæ,
75 949 532 982 Extinctaſq; mei pectoris eſſe faces.
1 972 542 1015 licet hæc acri pallet concuſſa dolore,
75 1016 545 1051 Et ſtupet, & largis fletibus ora rigat.
40 1048 764 1085 Improbe Amor, dextrâ ardebam quam perdere, perdit
74 1083 561 1116 Me fletu & lacrymis illa repente ſuis.
38 1117 714 1153 Flenti ego dum lacrymas abſtergo atq; oſcula figo,
78 1150 505 1185 Illius in gremio decidi & interij.
296 1186 476 1215 Ad Laueiam.
40 1215 703 1252 Quòd dederim tibi canâ hyeme violaſq; roſaſque
767 1242 818 1274 s
