1009 1373
269 44 593 78 FRANCHINI.
760 58 888 95 nn
77 82 565 117 Talis ineſt illis gratia, tantus honos.
41 116 631 159 Ah fallor, ſic vno ardent, ſic torua tuentur,
79 151 612 189 Tantus in his tigor eſt, tale ſupercilium,
39 183 597 226 Hi dominæ ſunt veri oculi, nil verius ipſis:
73 216 647 256 Ipſi adeonec flent, me neque flere vident.
35 250 760 299 Quam bene de lapide hæc mit mihi lumina; cum ſin
71 285 600 326 Lumina & ipſa mihi dura magis lapide:
297 322 456 348 De eadem re.
35 349 714 399 Non aliter Perſeus, poſtquam abſcidit ora Meduſæ,
67 385 503 417 Maior & in lato clarior orbe fuit:
27 420 683 465 Quam tu nunc, Gonraga, geris qui lumina Lyſæ,
67 452 648 498 Quæ pulchrâ eſt ipsâ Gorgone pulcra magis:
35 485 713 533 Quin plus laudis habes: ſomno nanque ille ſepultæ
69 518 544 559 Abſtulit auxilio Palladis enſe caput.
16 552 607 594 Hæc virtute tua, & præſtanti pectore capta:
64 585 588 625 Meq; meoſq; oculos tu tibi, dixit, habe.
284 625 402 647 De Leuciâ
30 651 719 698 Nox erat & mihi cum dominâ prope Tibridis vndas,
63 686 562 720 Rixa erat & terris lumina Luna dabar.
29 719 683 764 Quid facis exclamat Tibris pater? adſpice Lunam,
59 753 576 788 Pulcra magis Lunâ Leucia ſtulte tua eſt.
238 791 538 822 Ad Hieron. Theodulum.
26 817 654 860 Qu male ſane fugis, tendiſq; Theodule? Româ
66 857 566 888 Tempore quo ſæuus Sirius ardet abis?
23 886 606 928 Verte fugam, caræ linquis ſi mœnia Romæ,
58 921 566 959 Non tua ſollicitus pectora liquet amor:
24 952 684 994 Non, ſi etiam Gades, tua regna per humidaadibis
57 987 537 1020 quora, poſſeſſum deſerit ille latus:
25 1020 593 1056 Quin ſero quamuis redeuntem, fortius vret
60 1055 588 1089 Improbus; & dicet, ſic tibi turba leuis?
22 1086 748 1141 Ipetenunc Latium & latebras, Amor acer amœno
53 1121 557 1157 In Latio, in latebris, & latet in latere.
267 1159 429 1185 Ad Leneiam.
27 1184 538 1227 Qui ſomnos faciles carpere non poteſt,
27 1221 547 1260 Cui non grata domus, ſed grauis eſt ſua;
487 1264 570 1289 Ccce
707 1268 790 1295 F et
