1601 1448
991 7 1401 53 ERANCISCI
704 22 829 55 ri38
705 49 1080 121 Fase ota qurrtt
858 90 1211 125 Fas eſt qua iuuat ambulet.
793 125 1268 159 Hine ad te celeres, Leucia me pedes
707 124 1281 209 educucunootes nocibusnordis:
832 192 1232 226 Nocte heu quàm bene laudes
865 226 1140 258 Heſternà cecini tuas.
797 258 1357 293 Vtq; admitterer, O improba,quas preces,
709 292 1322 352 Non fudi miſeras flebilibus modis?
833 326 1151 360 Me quiſq; eſt miſeratus
871 358 1210 392 Qui me proximus audiit:
803 389 1401 425 Non tu. quod ſi aliquis tecum eratvt puto
802 425 1342 458 Me appello miſerum, ſin viduo in toro
838 458 1130 488 Sola & ſurda cubabas,
871 490 1231 528 Lætor: pande fores Dea.
1084 525 1214 547 De Leci.
805 557 1371 591 Et ſoror, eſt frater, pater eſt & mater amicæ,
843 591 1407 624 Virq; meæ, quâ nihil pulcrius orbis habet:
807 625 1439 656 eucia non horum per nomina, ſed mea iurat,
842 658 1355 691 Vtpote quæ præfert me ſine fraude ſuis.
807 691 1478 723 Aſt ego non tantum coniunctis ſanguine, ſed Diis.
779 725 1412 762 Sit faspoſthabitis, te Dea magna colam.
1075 760 1192 786 De eadem.
809 791 1452 824 Nudus eram & niueis me nuda amplexa lacertis
843 824 1382 858 Leucia, anhelanti baſia blanda dabat.
810 857 1418 890 Obftupui decus adſpiciens, formamq; puellæ,
841 891 1308 924 Et dare delitias eſt mihi viſa Venus:
809 923 1420 956 Cui dixi merito exultans: mihi pulcer Adonis
844 957 1316 991 Cedat, & neæ tu mihi cede pater.
1079 993 1205 1020 In Cinnam.
809 1023 1478 1057 Conquereris quod bis puerum te Cinna vocarim;
844 1057 1395 1090 Ingenio tanquam ſis puer atque rudis:
810 1089 1438 1123 Non equidem ratione ſenex hac improbe dixi,
844 1122 1368 1156 Hac etenim ſempei viſus es eſſe.puer:
805 1153 1390 1189 His puerum dixi, quod des annoſus, vt olim
839 1187 1456 1226 Nuuc ſulcandas, fœde cinæde, nate
1462 1225 1592 1255 Ad Ls
