1017 1360
258 38 597 66 ERANCHI
332 84 493 117 Ad Leuciam
49 112 482 146 Qu nocte fulgent lucida ſidera,
48 146 515 180 Et Luna vultu ſplendida candido.
85 181 485 217 Terram & plagas cœli ſerenat,
116 214 497 249 Leucia, Luna, meumq; ſidus.
44 246 556 278 Vobis voluptas non miniimæ eſt, leues.
44 280 477 317 Audire cantus, ſub Ioue frigido
79 314 534 349 Quos ore facundo vſque amantes
116 347 530 377 Non ſine dant fidibus canoris.
42 380 459 416 En profer altâ de ſpeculâ caput,
44 414 455 450 Aureſque pronas arrige; ſenties
77 448 458 485 Quæ pruriant, quæ ſit faceto
111 480 517 518 Sparſa ioco & tenero lepre-
42 514 506 552 Atmatus ad te cum citharâ & lyrâ
41 546 556 583 E barbito, & cum carminibus nouis,
76 580 462 613 Me confero:Ciſſa inuidebit;
110 616 538 647 Anna premet tacitum dolorem..
44 647 502 684 Quas comparari ſe tibi non pudet;
40 681 434 711 ia Lycota, ide, Dinotete
29 716 523 747 Dum Leuciam canto, huc adeſte,
103 747 518 785 Voſque ſonora mouete plectra.
332 799 477 831 Ad eandem.
36 823 652 860 Mobilitas animi ſumma eſt tibi, Leucia, verum
73 858 608 895 Nobilitas formæ, Leucia, ſumma tibi eſt:
36 891 631 928 Dicam igitur, ſed pace tuâ; te Leucia non eſt.
1 925 508 958 Altera nobilior, altera mobilior.
224 980 564 1011 De Fruſinone, ad Leueiam.
37 1007 644 1047 Leucia me retinent colles Fruſinonis amœni
70 1041 564 1083 Me campi dulces, & Fruſinonis aquæ.
37 1073 702 1116 Nec me Romamouet, nec tu te quiſque fruatur,,
67 1108 570 1141 Dum gelids liceat me Fruſinone frui.
234 1154 551 1186 Ad Paulum Philonardum.
32 1179 618 1222 Anna datur Priſco miſeret me Paule puellæ:
67 1214 743 1255 Cumſene upta; nec eſt nupta, necheu vidua et
713 1259 826 1283 D.
