1588 1435
974 12 1331 47 FRANCISCI
898 47 1333 86 DaLeneia ad Iulium Landum.
772 86 1443 124 Quid faciem formamque meæ laudeſque puellæ,
819 120 1414 157 Vt lepido celebrem carmine, Lande, mones?
785 153 1406 187 Forſitan inuenies benè qui mortalia laudet.
765 187 1370 221 Sed bene qui cantet Numina, nullus erit.
986 233 1232 264 De Leucia ægrotante.
785 264 1377 299 Febre laborabat mea Leucia, febris anhelam
821 299 1299 333 Cogebat gelidi poſcere fontis aquas.
786 331 1444 368 Has ego, ne miſeræ officerent, dare poſſe negaui,
822 366 1343 400 Grataque feruenti pocula nulla dabam:
755 398 1381 440 Sed lacrymis ſuffuſa genas cum ſpius amnes
820 432 1297 465 Poſceret impatiens laſſa puella ſitis:
786 463 1372 499 Hei flens ipſe, petis dixi quid luminis vndas?
824 498 1365 534 Has bibe quas largolumine do lacrmas.
995 544 1202 570 De obitu Leucia.
755 571 1458 616 Quem tumulum ſpectas humilem ne ſperne viator,
819 612 1305 647 Exigui non eſt Numinis hie tumulus.
755 646 1324 684 Huc ades, & manibus violas, vt lilia plenis
817 680 1374 708 Da tumulo, tumulis munera danda ſacris.
755 709 1437 748 Hic vna integitur Charitum, ſi credere durum eſt;
815 748 1437 782 Adſpice, namque duæſunt reliquæ in lacrymis.
1053 795 1172 820 De codem.
755 827 1414 862 Morte tua doleo tantum mea Leucia, quantum
813 861 1383 896 Non dolet ipſa parens, non dolet ipſa ſoror.
754 894 1429 930 Namque parens natam deflet, germana ſororem:
810 927 1338 961 Nata, ſororq; mihi, tu mihi mater eras.
1031 963 1144 994 Adhue.
775 993 1428 1031 Quas tibi ſæpe fero inferias, qu dona quotannis
808 1028 1329 1061 Leucia, pallontes ſunt violæ & lacrymæ.
775 1061 1329 1095 Delitiis violas ſpargo pro mollibus, & cum
805 1094 1364 1128 Reddere non poſſim gaudia, dolacrymas.
1050 1129 1201 1158 De dem.
768 1148 1343 1192 Delitias inter molles: luſuſque, iocoſque,
805 1193 1358 1226 x oculis miſero Leucia adempta mihi eſt.
1490 1222 1572 1263 on
