1013 1372
225 57 653 86 FRANCNINI,
20 101 671 135 Non ego morte puto raptam: Proſerpina Pluto,
55 135 511 168 Aut Europa tibi Iuppiter illa fuit.
301 171 459 202 Ad eandem.
17 200 629 234 Non mihi te frater, non vir, materue, patrue,
54 237 569 268 Eripere & centum non potuere proci:
19 268 686 302 Sed quæ ſola poteſt mihi te Mors abſtulit, at Mors
55 302 605 335 Non potis eſt, ne ſis mortua viua mihi.
18 336 639 369 Noctes atque dies mecum vna agis, vna dieque
54 369 491 403 Ac noctu luſus deliciaſque facis.
20 404 586 436 Sic felix, cui viua pari, mea Leucia, amore
56 437 525 466 Viuebas, viues mortua; viuet amor,
133 464 704 505 In latuam Veneris dormientis, ad Rod. Pium
333 507 430 538 Carpum.
20 535 758 571 Mors Venerem vt vidit carpentem in gramine ſomnos,
50 571 509 604 Feſtinat lateri iungere poſſe latus.
3 603 590 632 Accubat, at ſaxo vt ſenſit ſe vana dediſſe
55 637 473 668 Oſcula, deluſus riit, & erubuit.
295 674 421 697 In eandem.
21 704 626 739 Excutere inſtabat Veneri de pectore ſomnum,
52 739 565 773 Diuûm cœtus egens artis opiſque Deæ.
21 771 677 804 Cum non ipſe etiam ductam de marmore matrem
53 804 586 840 Eſſe videns; nemo ſuſcitet, inquit Amor.
19 838 632 873 Abſtinuere omnes, decepti marmore: credam
51 873 621 907 Vt quandoque oculos non habuiſſe Deos.
281 910 434 932 De eadem.
1 940 642 973 Captus amore nouo Gnydiâ de gente vir olim,
1 973 632 1006 Marmoream Venerem nocte proteruus init:
20 1008 726 1041 Carpe, tuam caue ne Venerem magis ore nitentem,
49 1041 517 1069 Romanus medio tentet inire die
296 1077 424 1099 In eandem.
20 1105 664 1141 Oppreſſam Venerem ſomno ſolamque iacentem
51 1141 573 1174 Viderat ad murmur lene Priapus aquæ:
19 1171 692 1205 Cum dixit, nunc victor ro; Venus improba ſola eſt:
54 1207 555 1240 Hic neque Sileni vector aſellus adeſt:
20 1239 694 1280 Hinc adit, & Venerem aggreditur tentigine ruptus:
