1590 1443
988 25 1365 51 RANCISCI
790 67 1338 102 erum vbi ſevidit ſaxum iniiſſe, pudet.
757 102 1465 142 Et nunc ſaxa obſtant, obſtant nunc, clamat, aſelll?
797 136 1369 171 Ah me Amor, ah quantis ludis imaginibus:
1093 172 1175 193 Aſiud.
755 203 1435 237 Aura veni, V enus alma dedit per membra quietem:
799 237 1375 270 Dum Venerem ſomnus detinet, aura veni.
765 270 1414 303 Ne ſine, quod Venerem præter quælabitur vnda,
799 304 1355 338 Forte tuo currat murmure blanda magis.
758 337 1398 369 AQuin propera flatus Veneris quæ ſpirat ab ore
801 370 1342 403 Plus tibi ſuauis erit; quam tuus aura Deæ.
1109 406 1191 428 Aliud.
736 437 1550 479 In te hominum quodtantus amor, Rodulphe, Deumq; ect:
795 469 1432 498 Non iam cauſſa latet, ſcimus: habes Venerem
953 503 1246 537 In egiem Cppii puellæ.
736 536 1320 572 Vt Cypriam vidit pictam nomenq; tabellæ
736 571 1300 603 Inſcriptum, dixit Diua repente Venus:
736 603 1355 642 Picturæ quid pictor opus fuit addere nomen?
796 638 1290 678 Nonmea me notumſola facit facies?
1091 674 1172 697 Aliud.
736 704 1535 750 Quid tibi Mars mec eſtnon ſum Venus, adſpice non ſum:
792 740 1420 774 Nomen ego & formam tantum habeo Veneris.
995 777 1254 807 In Velliam Luſitanam.
736 802 1328 839 Vellia quærigidis cunctorum ellera vellis
791 840 1367 875 Vnguibus, & vulſode grege condis opes;
736 866 1460 914 Me quoqueinauulſum ne quid ſcelerata relinquas
797 907 1311 940 Sacrilegâ incumbis vellere velle manu?
736 935 1378 971 Falleris: à me vnum non villum Vellia velles
736 968 1275 1007 Vilior esrudibus tu mihi velleribus.
1057 1010 1176 1032 De cadem.
736 1025 1417 1074 Hancfuge quiſquis ames, vnco non Vellia tantum
736 1072 1292 1106 Vngue, ſad effiæno vellicet ore procos.
1058 1110 1139 1131 Eidem.
736 1137 1174 1172 Rale, puella defututa millibus,
736 1168 1221 1204 Patenſq; cum ioco & lepore cuilibet
736 1203 1185 1238 Pacillimè; vel hic vel ille te petat
1397 1243 1535 1278 Iueptus:
