1009 1353
253 14 589 48 FRANCHINI.
710 22 826 46 4a
20 54 535 91 E ytus:aſt identidem omnium lupa,
12 91 551 124 c erba peſtis omnium, omnium lues,
17 125 510 151 Va le, Deis bene adiuuantibus, calor
27 158 484 191 Et ignis ille, Vellia, occidit meus;
31 188 660 225 Nec amplius caleſcet vnquam, aquarum enim
30 224 548 258 Ego attigi, bibique Leucados ſatis,
16 258 501 290 Prius ſceleſta non abiſeme piget,
32 292 576 325 Piget me amaſſe tandiu, & nimis pudet:
24 325 462 359 ale puella defututa millibus.
214 361 387 391 De eadem.
40 389 729 426 Ad templum & ſacræ celebranda ad ſaera Mineru:
84 426 509 456 Seſe ferre ſuum Vellia dixit aue
28 460 600 492 Non tamen ad caſt ſe contulit oſtia Diu;
84 493 589 526 Improba, ſed lenæ limina turpis adit.
29 526 623 560 Illi igitur nimium debes quæ numine læſo
74 559 601 594 Palladis, obſeruat, magne Priape, tuum.
332 594 469 624 De Himo
38 624 588 659 Intentata mihi vi cum non vlla fuiſſet,
87 660 609 694 Qu poſſem dominæ vincere duriciem;
49 694 696 730 ec precibus nc miſta minis me dona iuuarent:
87 727 526 760 Effudi lacrimas illius ante pedes.
44 761 680 794 Fregerunt lacrymæ duræ fera pectora Himeræ,
92 794 562 827 Et ceſſit lacrymis victa puella meis.
43 827 657 861 In ſolis igitur lacrymis ſpem ponite amantes:
88 861 643 895 In lacrymis ingens viſque ſaluſque latet.
157 895 662 929 In eſigiem Himeræ ad Auguſtum Cot-
339 933 442 954 ceiante.
55 960 495 995 Iuſſu, Auguſte, meo meos amores
48 993 539 1027 Vmber tam bene pinxit Hadrianus,
50 1027 442 1054 Vt me muneribus fuis bearit.
56 1063 560 1095 Mihi tantum erat vna Himera nuper,
57 1094 483 1128 Nec ſemper cupido frui licebat:
58 1128 506 1157 Nunc eſt altera munere Hadriani,
47 1161 599 1197 Viua & pulcra manus genas comaſque;
59 1194 569 1228 Formamque alterius ferens decuſque
787 1227 851 1255 Qua
513 1231 646 1254 Cc c c4
