1592 1455
990 4 1301 38 FRANCISCI
755 8 825 32 II44
760 46 1190 82 Quæ noctes hilari dieſque vultu
762 80 1210 118 Mecum ducit, & aſſidet loquenti,
765 113 1088 142 Cui do bafia, baſiationes
763 146 1213 179 Danti arridet, & accubat cbanti.
745 180 1234 221 Quare me nimis & nimis fatendum
764 210 1152 252 Debere artifici pio proboque:
766 244 1237 279 Nunc ſum ditior: vna Himera deerit
764 278 1305 313 Si quando mihi, ad alteram recurram.
888 328 1239 365 De connubio Victoriarneſiæ.
756 357 1396 402 Quam Roma ante alias gaudet peperiſſe puellas,
809 392 1297 429 Virgo datur regi, magne Metaure, tuo.
763 423 1341 461 Romanumque tenet nomen Victoria, vincit
784 458 1370 502 Quæ forma Venerem. Pallada conſilio.
702 463 1296 532 Mle igitur felix coniunx, Victoria ſemper,
793 524 1394 568 Cuifauet, & ſemper quem Deamagna fouet.
830 571 1258 612 Ad Ant. Franc. Rainerium de legib
976 610 1124 643 Nuprialibus.
756 646 1274 689 Quis quis autor primus extitit legum
756 680 1208 721 Duriſſimarum nuptialium? primus
751 713 1230 756 Quis tam ſeuerus lator?ille veſanus
750 746 1239 782 Fuitque prorſus ante ceteros demens:
752 780 1257 821 Non conſtitutæ ſunt eæ quidem recte.
750 813 1256 850 Felicem oportebat hominem Rainer i,
750 848 1269 890 Quam plurimas habere coniuges poſſe:
745 880 1252 921 Expellere vt malam ſuis foras tectis,
744 914 1235 956 Tenere vero prouidus bonam poſſet:
742 947 1362 1002 Nunc quando ad vnam res redacta ſit tantum,
743 980 1232 1018 Viri periclitantur admodum, vxorem
741 1015 1321 1054 Cum quiſque paſſim dueat, inſcius morum.
736 1047 1321 1092 Præſtent vide quàm Barbari, quod his plures
737 1079 1290 1122 Sint coniuges; hæ ſemper inuicem certant
736 1112 1268 1157 Viro placere & obſequi, atque honeſtate
733 1145 1295 1189 Præſtare: vir dominatur, imperatque vnus,
731 1177 1223 1215 Nullo labore xoribus licet centum.
1370 1234 1546 1261 Ad Hm-
41 1349 515 1399 e
