1008 1353
244 44 572 71 FRANCHINI.
260 89 435 113 Ad Himeram.
32 120 598 155 Vt ſurgens Aurora fauet mortalibus ægris,
68 155 632 186 Sic mihi fulſit amor primus Himera tuust
36 188 602 222 Vtque die torret medio Sol igneus orbem.
70 222 618 254 Sic mea nunc ſæuus pectora torret amor:
30 256 644 290 Vt demum extinguit rapidos nox atra calores,
68 290 573 323 Sic fera mors ignes auferet na meos.
217 330 528 362 Deſſu Liuiæ ab vrbe.
31 368 647 402 Quæritis vnde cadant alieno tempore nimbi,
65 402 586 436 Vnde tot effuſis Roma redumdet aquis?
33 435 581 469 Liuia diſceſſit, colleſque ſuperba Quirini
67 470 573 503 Liquit; amatorum cura nec vlla ſubit:
32 503 755 536 Hinc lacrymæ & luctus miſerorum, & fletus amantum
64 537 625 570 Demergunt toties Vrbis vtrunque forum.
34 570 670 605 Quin ego perpetuam timeo per ſecula noctem;
69 604 605 630 Secum etenim currus Liuia Solis habet.
193 652 549 687 Epitaph Penelopes meretriculæ.
35 691 697 726 Penelopes tumulum, fractoſque Cupidinis arcm,
68 725 630 760 Extinctaſque faces adſpice quiſquis ades;
32 759 646 792 Et lacryma: lacrymis extinctæ triſtibus ornant
66 793 602 827 Et Venus & Charites, funera Penelopes.
273 840 448 868 De Polluce.
30 876 578 910 Immenſas tolerare moras, Valleia virgo,
65 910 638 944 Cùm non poſſet amans, fugit ab vrbe, tuus:
21 938 714 976 Verum vbi per nemera & valles, & littora, & amnes
21 977 570 1012 Errantem nunquam deſeruiſſet amor:
21 1011 666 1044 Auræ, ait. o volucres ferte hæc ſuſpiria Roma
64 1045 568 1083 Et miſerum in dura dicite valle mori.
264 1084 448 1117 De Himerâ.
30 1131 677 1168 Pectora nuda meæ poſtquam conſpexit Himer
67 1169 560 1193 Cum Iunone Iouis vertice nata Dea:
30 1199 603 1235 Ne videamur, ait, Paridis ſententia nota eſ;
64 1233 565 1268 Vincirurſus, erit turpius opprobrium.
728 1242 861 1300 Au-
