1582 1513
952 78 1282 118 FRANISCI
685 89 804 120 46
988 118 1168 148 Ad Himeran.
687 151 1366 201 Quacunque ineedis paſſim pucerrima Himera,
775 189 1344 222 In te oculos hominum vertis. & ora Deûim.
690 215 1397 265 IIle hominum vero, & lætiſſimus iile Deorum eſt.
770 257 1379 295 Tufemel in quo oculos figis Himeta tuos.
898 297 1258 329 De Liiâ Column, oculi capt.
690 327 1321 364 Geſtabat ſine luce faces fractaſque ſagittas,
642 358 1308 398 Mœſtus Amor:cur hoc?obuia mater ait:
691 391 1458 432 Cui puer; alma parens, mihi cum de more libebat
775 432 1220 465 Vrere mortales vrere Cælicolas;
736 463 1316 497 Vnius ex oculis accenderevtraſque ſolebam
777 499 1300 530 Lampadas, & certâ tendere tela manu:
745 531 1387 564 Nut quoniam capta eſt oculis mea Liuia visœſt
777 563 1319 603 Ignibus & calamis omnis adempta meis.
914 608 1149 630 De eadem.
740 637 1337 674 Ardentes animæ,quæ caſtra Eiycina tenetis,
781 673 1303 706 Lugete & madidos imbre rigate ſinus:
735 704 1405 740 Quis teneat lacrymas? oculis nunc Liuia capta eſt,
784 741 1380 780 Queis hbmines, & queis ceperat illa Deos.
972 778 1161 809 Ad eandem.
738 807 1314 840 Vt nox nube cauâ texit tua lumina, ducens
781 842 1299 876 Ex imo gemitum pectore, duxit Amor.
736 876 1279 908 Sola meæ vires, mea gioria Liuia pulcris
766 908 1323 936 Pulcra oculis orba eſt, orbus & orbis erit.
1019 952 1158 983 De cadem
738 980 1452 1015 Flebat Amor, ſtabatque Venus, lacrymaſque ciebant;
783 1015 1339 1049 Cum, quæ ſit luctus cauſa Minerua roat
742 1049 1434 1083 Tu quoque le mecum ſoror, & vos flete Camænæ,
780 1082 1257 1116 Et cultæ Charites, aurea Cypris ait:
744 1115 1400 1150 Quæ noſtrum decus in terris quæ noſtra manebat
781 1149 1301 1187 Gloria, nunc capta eſt Liuia luminibus.
1005 1192 1100 1216 Adhuc.
746 1221 1388 1264 Ante alias formâ pulcerrima Liuia Nymphs,
771 1253 1220 1284 Ipſa eſt in terris inſidioſa Venus:
1443 1293 1545 1330 Qua
