1004 1353
247 28 581 62 FANCHINI.
18 75 710 115 nd t capta oculis caueat ſibi quiſq;:Cupid
64 113 664 145 Cæcus erat tantum, nunc quoq; cæca Venus.
289 147 488 178 Ad Didacum.
24 177 639 210 Mos duci canibus cæcos per ſtrata viarum eſt,
59 213 579 247 Cumq; oculis nuper Liuia capta foret:
21 247 588 278 Eſt data languenti Melitæa catella puellæ,
65 280 575 314 Omine quæ. triſti tacta repente refert:
21 314 714 349 Quam bene cnun unt noſtræ tua munera vitæ,
20 347 636 384 Iam cane cæcæ opu eſt, Didacc, grata canis.
226 383 429 406 Ad eandom.
31 411 727 448 Ter tibi dum venas ferit ægra Columna Machaon
65 448 568 481 Sanguinis &æiui fluminis inſtar eunt:
29 483 629 517 Quid facis exclamat vultu pallente Cupido?
62 515 596 547 Siſte manum;non eft Iphigenia, Dea eſt.
165 549 558 580 De luce eiuſdem oculreſtituta.
21 582 572 610 Læta erat vt ſenſit tua lumina mater Eoi
62 615 576 647 Memnonis obſcurâ Liuia nocte premi:
32 649 646 684 Non tulit inuidiâ flagrantem Phœbus, ocellis
65 684 569 710 Non medicâ lucem reddidit arte tuis:
20 717 605 751 Atque ait: vna diem mihi Liuia nunciet, vna
65 750 619 799 Quâ ſit iter, noſtris Liuia monftet equis.
286 786 463 809 Ad Amorem.
23 815 656 851 Improbe mor, tu.lucis egens orbaſſe putabas
1 851 609 888 Ipſam etiam matrem?falleris, ecce videt.
170 887 552 919 Ad Liuiam columnam.
1 916 504 953 Quicquid tibi tuiſq; ocellis vidimus
1 952 527 991 Mali accidiſſe, ne deorum aut ætheris
1 985 399 1020 Irâ fuiſſe fuſpicari te velim,
23 1015 516 1045 Columna.noſtri ſeculi clarum decus.
31 1052 624 1086 Te curua Pronome, edeniula & procax màle
26 1086 538 1122 Ventana vetula faſcinauit, vt genas
29 1119 538 1153 Tuas tuæq; frontis adſpexit iubat,
21 1152 461 1185 Ipſaq; formâ te anteire Naiades.
1 1185 546 1220 Quin ſaga, vt oclos habuit inſuis tuos
23 1220 512 1260 Cœli quidem ſideribus aureis pares,
687 1244 845 1286 Repente
