1558 1450
955 21 1265 47 FRANCISCI
731 24 786 51 I4t
735 62 1204 96 Repente reddidit hebetes venefica.
736 96 1291 130 Quod nube nunc abeunte, lumen lumina
736 129 1152 158 Suum reſumant, effici ſcito meâ
735 162 1287 196 Prorſus operâ, nam peſſimæ ni faſcinum
737 196 1239 226 Horrenda ni mox deſtruet cantamina,
734 229 1192 263 Interminatus cum ſecuribus feris,
735 260 1339 298 Faſceſque, fuſteſque, horridamq; ſum necem,
735 298 1232 330 Hinc me daturum protinus te ſoſpite
730 330 1290 364 Pollicitus equidem aranda ad eius viſcera,
734 362 1197 398 Suffarcinata ſum pedale faſcinum.
736 398 1233 430 Sceleſta turpi cum cachinno tuſſiens,
735 431 1260 463 Erexit ad verba tremulum ſtatim caput,
734 463 1223 498 Et ſpem futuræ lucis annuens dedit,
904 498 1107 521 De Himer.
735 532 1419 564 Spectatum innumeri adcurrunt decus oris Himeræ,
768 564 1354 597 Seu ſacra templa ſubit, ſeu redit illa domum:
735 599 1289 632 Hæe ouat, & curru fertur laudata ſuperbo,
768 632 1299 665 Nec me nec magnos æſtimat aſſe Deos:
686 653 1329 706 Hei mihi, me perdit populi concurſus. Himera
766 700 1342 736 Viue domi;& tu gens ſifte prorerua pedem.
930 736 1180 767 Ad Felicem rfnam.
689 756 1400 812 Quod formâ, quod ſis opibus, quod ſanguine felix,
696 800 1295 826 Iure datum Felix hoc tibi nomen habes.
688 824 1304 875 Iure etiam ante alios vir feliciſſimuslle eſt:
695 865 1194 902 Cui fas felici coniuge poſſe frui.
981 902 1121 926 De Himer.
692 924 1271 974 Siue ſedet, fiue incedit, feu fatur Himera;
767 967 1412 1003 Qucquid agit; Veneres ſecum habet & Charites.
686 989 1309 1041 Sed cum dat tremulos lætanti pectore riſus;
691 1036 1333 1064 Ridet & alma Charis, ridet & alma Venus.
914 1071 1224 1102 In laudem Io. Saluiati.
685 1088 1389 1140 Corporis egregii formam, vultuſque nitentis,
768 1136 1243 1169 Vt videre decus, Diiq; Deæq; tuum:
685 1153 1307 1200 Exarſere omnes;calet hic, illa æſtuat; adſunt
665 1199 1283 1241 Blanditiæ, dantur munera;feruet amor:
1439 1239 1511 1270 Feli
