1020 1351
277 33 599 58 FRANCHINL
761 32 829 64 Ii9
42 73 724 108 Felix Iane, potes tua ſi bona noſcere, magnum et
79 108 610 141 Ius tibi:te poſcunt Numina, terra colit.
282 143 398 166 De eodem.
50 175 625 210 Atticus iile puer duleis fuit ore venuſto,
81 209 648 243 Cuius in os liquidum mel vaga fudit apis:
48 243 594 275 Iane puer, puero longe tu dulcior illo es:
86 276 581 309 Sedula ab ore tuo mel ſibi ſumit apis.
281 318 426 342 Ad eundem.
50 349 578 385 Vt vidit te, Iane, Venus, mirata leporem,
17 384 608 418 Et magis in roſeo quod nitet ore decus:
53 418 729 453 Quis puer hic, inquit, noſtrum qui præſtat Adonin?
84 452 615 481 Abſit Adonis; ades tu mihi, Adonis eris.
341 487 425 510 Eidem.
44 518 603 553 Ardebat te Iane Venus, ſed amore Lupillæ
90 553 558 585 Audiit vt captum te Dea, triſtis ait:
53 586 616 620 Tu victrix, tuus eſt lanus:tibi cedo Lupilla,
87 620 621 653 Romulea præſtant ſemper in vrbe lupæ.
293 662 465 686 Ad Martiam.
53 693 626 723 Martia vere nouo formoſior, arua colorant
92 726 596 757 Cùm violæ, & blandis lilia miſta roſis;
16 760 602 793 Poſſe frui da vere tuo:laus nulla liguſtris,
91 794 587 828 Cum cecidere ſuis lapſa cacuminibus.
264 836 550 860 Ad Liuiam ulumnam.
55 868 702 903 Spina pedem Veneri pupugit, tibi Liuia dextram:
95 902 602 936 Effuſuſque cruor tinrit vterque ſolum.
1 924 682 981 Et albâ rubram ille roſam:tuus iſte Columna
88 969 524 1002 Purpurea è niueis lilia tacta facit.
1 991 666 1036 Iure igitur tam tu Veneris me iudice præſtas,
57 1036 622 1071 Quàm præſtant pulcris lilia pulcra roſis.
325 1075 462 1102 De Himer.
54 1109 621 1143 Sole comas, vt ſæpe ſolet, ſiccabat Himera,
90 1144 551 1177 Sol fulgore comæ tactus & oris, ait:
54 1176 727 1211 Conde comas, auerte oculs, pulcherrima Himera,
89 1210 572 1246 Spicula ſunt oculi, retia torta comæ.
752 1241 904 1268 Da a-
802 1311 960 1343 vM
