1558 1461
993 8 1322 41 FRANCISCI
761 23 811 45 I50
1046 60 1169 91 De eadem
762 91 1382 124 Mane erat, & mecum quà ſe ducebat Himera
803 125 1307 150 Nondum flos hortis editus vllus erat:
765 158 1345 192 Cum tremulos alacri riſus dedit ore puella,
800 192 1372 226 Suſtulit ad riſum caltha, thymuſque caput:
765 225 1277 259 Na rciſli riſere ſimul, riſere hyacinthi,
798 257 1281 293 Ridenteſque comas explicuere roſæ
698 285 1267 329 Solo igitur ſi prata facit florentia riſu,
696 326 1328 371 Oſcula cui dederit, Diis facit illa parem
998 362 1226 384 In næuum limeræ.
660 393 1427 458 ec
638 453 1401 497 Nec macula eſt, picea inſignis nigredine næuus,
797 491 1332 525 Sed lumen, tanquam fidus in arce louis:
644 524 1380 560 Lucifer eſt igitur merito mihi næuus Himeræ:
800 559 1368 594 Tuq; Aurora mihi, tu mihi Himera Dea es.
1008 595 1147 616 In e undem.
693 612 1443 660 Neſcio quis de plebe hominum damnarat Himera,
800 660 1389 694 Quem pulcrum næuum vidit in ore tuum.
692 692 1301 750 Iridens, ſalis eſſe nihil, nihil eſſe leporis
798 726 1302 761 In facie næuo quæ caret, inquit aror.
1033 763 1157 785 De codem.
689 779 1365 826 Iſte tuus quàm ſit tibi næuus, Himera, decori,
800 827 1335 860 Accipe ſponte ſuâ næuus in ore tuo eſt:
688 842 1365 888 Vt ſimilem vero næuum ferat, omnis adurit
797 893 1272 927 Igne ſibi & ferro culta puella genas:
646 926 1445 965 Cumque labore graui curant decus addere formæ..
797 960 1278 999 Quæ ſpecie vera non nitet, arte nitet.
1016 996 1149 1019 n eundem.
686 1022 1337 1065 Oſcula libaram dominæ; verùm ore relicto,
798 1060 1316 1093 Hærebam, & næuo baſia preſſa dabam..
684 1093 1336 1136 In næuo furtiuus Amor fruticante latebat,
794 1125 1374 1160 Hinc merito torret me ferus hauſtus Amor.
1021 1161 1189 1187 Ad Himeram.
661 1189 1392 1242 Qud itio eſt aliis, tibi, candida Himera decori,
1420 1229 1556 1261 Ia navo
