1558 1461
993 8 1322 41 FRANCISCI
1046 60 1169 91 De eadem
762 91 1382 124 Mane erat, & mecum quà ſe ducebat Himera
803 125 1307 150 Nondum flos hortis editus vllus erat:
765 158 1345 192 Cum tremulos alacri riſus dedit ore puella,
800 192 1372 226 Suſtulit ad riſum caltha, thymuſque caput:
765 225 1277 259 Na rciſli riſere ſimul, riſere hyacinthi,
798 257 1281 293 Ridenteſque comas explicuere roſæ
750 290 1267 327 Solo igitur ſi prata facit florentia riſu,
750 325 1328 370 Oſcula cui dederit, Diis facit illa parem
998 362 1226 384 In næuum limeræ.
750 455 1401 497 Nec macula eſt, picea inſignis nigredine næuus,
797 491 1332 525 Sed lumen, tanquam fidus in arce louis:
750 524 1380 559 Lucifer eſt igitur merito mihi næuus Himeræ:
800 559 1368 594 Tuq; Aurora mihi, tu mihi Himera Dea es.
1008 595 1147 616 In e undem.
750 613 1443 660 Neſcio quis de plebe hominum damnarat Himera,
800 660 1389 694 Quem pulcrum næuum vidit in ore tuum.
749 692 1301 727 Iridens, ſalis eſſe nihil, nihil eſſe leporis
798 726 1302 761 In facie næuo quæ caret, inquit aror.
1033 763 1157 785 De codem.
750 780 1365 826 Iſte tuus quàm ſit tibi næuus, Himera, decori,
800 827 1335 860 Accipe ſponte ſuâ næuus in ore tuo eſt:
750 856 1365 888 Vt ſimilem vero næuum ferat, omnis adurit
797 893 1272 927 Igne ſibi & ferro culta puella genas:
750 925 1445 965 Cumque labore graui curant decus addere formæ..
797 960 1278 999 Quæ ſpecie vera non nitet, arte nitet.
1016 996 1149 1019 n eundem.
750 1022 1337 1064 Oſcula libaram dominæ; verùm ore relicto,
798 1060 1316 1093 Hærebam, & næuo baſia preſſa dabam..
749 1092 1336 1126 In næuo furtiuus Amor fruticante latebat,
794 1125 1374 1160 Hinc merito torret me ferus hauſtus Amor.
1021 1161 1189 1187 Ad Himeram.
749 1189 1392 1239 Qud itio eſt aliis, tibi, candida Himera decori,
1420 1229 1556 1261 Ia navo
