1008 1359
258 53 590 78 FRANCHINI.
81 91 604 121 In næuo Charis et & Venus alma tuo.
310 128 401 152 Edem.
48 158 711 194 Qui næuum mendam eſſe tuo contendit in ore,
82 194 578 221 Fallitur, & næui neſcit, Himcra, decus.
47 227 676 261 Ipſe tuo, cum vult magnis dare vulnera Diuis;
83 261 627 297 Quo latet, e næuo ſpicula torquet Amor.
299 296 469 318 Deeadem.
48 327 602 362 Obuius in terris cum ſeſe ferret Himeræ
81 361 648 394 Blandus Amor, matrem credidit eſſe ſuam.
49 395 679 427 Cum tamen e næuo quo matris forma carebat,
83 427 618 461 Non matrem, matri ſed. vidit eſſe parem:
51 462 666 494 Qre mæ mœrens exclainat, Himera parentis,,
86 494 618 527 Neicio quid facies hæc tua maius habet.
326 530 455 554 In eandem.
39 560 697 596 Tarpcii ſacra templa louis mea Himera petebat,.
85 595 530 626 Illius e cœlo Cynthius ora videt.
47 626 626 663 Inceſſum & formam miratus & ora puellæ,
86 661 616 695 .ſtuat, atque nouo carpitut igne Deus.
53 695 812 733 Palladaque & Venerem & Iunonem conuenit, vtque his
58 728 595 762 Mortali oſtendit quod decus ore nitet.
50 761 637 796 Cedite, ait, facie næuoque inſignis Himeræ,
87 794 584 830 Cedite, tres ſuperat pulcrior vna Deas.
286 830 544 863 De Euphemiâ Iogtolâ.
51 861 671 895 Dum mouet inſignis dulces Euphemia cantus,
85 897 570 931 Integrat & molli carmina culta ſono;
39 927 717 966 Siſtit equos Phœbus, medioquee vertice Olympi,
38 961 539 994 Miratus liquidæ flumma vocis; ait:
39 993 688 1032 Cedat olor, cedat philomela, huic cedite Musæ;
82 1028 572 1064 Vincit aues, vincit docta puella Deas.
306 1064 476 1088 Ad Himeram.
38 1093 609 1133 Puluillum caſiâ farctum coſtoque roſaq;
86 1129 620 1161 Quo caput inclinem mitis Himera mihi.
50 1161 726 1198 His ego me aſſidueque oblecto, & ſuauibus herbia,
87 1196 632 1231 Sæpius inuoluo meque meumque caput.
47 1227 776 1265 Sed cum nulla magis mea flamma & ſumma volupta:
748 1261 853 1311 u
