1557 1466
1005 30 1316 56 FRANCISCI
805 70 1397 104 Quàm tua me moueant munera miſſa manu:
772 103 1411 137 Te mihi da facilem:non paſcor odore roſarum;
808 139 1258 171 Suauior iſte tui me capit oris odor.
980 178 1166 204 De Himerâ.
774 211 1433 247 Capta Tyros Macedum regi laudemque decusque
805 247 1322 279 Attulit, & Thale capta, Metelle, tibi:
746 278 1363 314 Et tibi Capſa, Mari, tibi, Cæſar, Alexia. verum
807 314 1349 346 Plus bene patta tulit laudis Himera mihi.
746 338 1350 380 Hi multorum armis adiuti opibusque fuere;
801 381 1288 415 Expugnata mihi eſt viribus illa meis.
979 422 1264 447 A Pauu I..PM.
746 450 1431 504 Paulle moues iuſta hibernis dum menſibus arma,
779 485 1290 519 Naſcuntur molles læta per arua roſæ.
772 520 1391 556 Quam cito victoreris. claium dat upiter omen:
746 553 1346 589 Cum tibi ver blandum floreat ante diem.
1010 589 1161 612 Adeundem.
746 619 1341 660 Dotibi, Paulle roſas alieno tempore natas;
805 655 1292 689 Quo rigido ſpirat frigida bruma gelu.
745 676 1412 723 Quàm tua regna pater, ſint florida, noſcere fas et
746 784 1376 833 tonengent mapiatumine qutum.
800 722 1411 757 Quando hieme in mediâ dat tibi Roma roſas.
1022 765 1198 797 Lidya Eridano.
800 831 1300 864 Qui petis Hadriaci littora rauca maris;
746 859 1454 905 Redde mihi Fabium incolumem, fluuioque ſecunda
797 897 1258 930 Duc puerum;fidei creditus ille tuæ.
766 929 1382 960 Crimen maius erit Fabium cecidiſſe ſub vndis,
798 964 1319 998 Quàm Phaëtonta tuis occubuiſſe vadis.
746 991 1393 1031 Hic placidus, rex magne; puer fuit ille proteruus:
799 1031 1376 1065 Nec tam pulcer erat quàm Fabius Phaëton.
981 1071 1259 1106 De Margaret Auſtriâ.
746 1105 1440 1145 Dicam equidem tibi, qui neſcis, cur mane tenebræ,
795 1138 1285 1172 Cur medio regnent lumina clara die.
746 1170 1346 1206 Aurato inuehitur curru, roſeis que quadrigis
791 1204 1356 1240 Auſtria, quæ magni Martis in vrbe Dea eſt.
1440 1238 1545 1266 Inuidet
