1000 1360
230 39 612 65 PRANCHINI.
32 80 657 116 muidet huic Aurora latetque. pudetque videri;
68 115 607 148 Pulcer Apollo oculos paſcit amore nouo.
255 151 438 173 Liuia Columna.
34 181 728 218 Quid gemis extinctam, generoſa Columna, catellam?
65 216 591 241 Deſine:damna tibi non dabit vlla canis.
27 249 624 288 Qugd tibi cum canibus? ſat dira & dura fuere
64 283 520 307 Fata tibi: rabidi ſat nocuere canes.
30 315 728 350 Sume animum:te certa manet Venus aurea poſt ha,
62 348 586 383 Damnof poſtquamprocubuere canes.
255 385 500 408 Paulo IlI. P. M.
31 416 580 443 E Libi aduenit Romanas victor ad arces
62 450 530 483 Cæſar, & in niueis aureus iuit equis.
28 481 656 517 Ille triumphauit: ſed tu plus, Paulle, triumphas;
27 517 588 550 Victot namque tuis oſcula dat pedibus.
327 552 408 575 Gauro.
29 581 667 613 Tres nati ſunt. Gaure tibi; mas, femina. neutrum.
8 615 645 651 Gratulor; eſt ſoboles congrua Grammatico.
258 651 511 684 De Aſcanio & Decio.
29 683 674 717 Pergratum Dominæ Decium cum ferre nequiret
60 717 500 751 Aſcanius, ferro perdere conſtituit.
28 748 681 783 Inque latus Decii rigidum cum ſtringeret enſem,
62 783 549 817 Subſtitit; & ſecum, ſic miſerandus ait:
29 816 653 850 Hunc ego i perdam, etemplo ſe Siluia peidet:
61 850 573 884 Siluiâ ego exſtinctâ viuere non potero.
25 884 576 918 Ergo ſit potior Decius, dominaq; fruatus,
1 918 526 959 Ne pereant vno vulnere tres animæ.
240 950 460 980 In obitum Aſanii.
24 983 623 1016 Non obiit puer Aſcanius, ſed ab alite raptus,
60 1016 533 1050 Ille Iouis, miſcet pocula grata Ioui.
1 1050 600 1083 Par Superis, non dignus erat tellure morari:
1 1083 553 1119 Sedibus ætheriis & Ioue dignus erat.
305 1119 420 1150 Igdamo.
1 1143 657 1184 Quod redolent blandi per prata virentia flores,
60 1183 600 1215 Sedula quos tenui murmure libat apis.
23 1214 613 1251 Hoc duo quæ tautum tapui tibi baſia nupes
689 1243 844 1277 Spirae-
