1015 1352
238 42 631 73 FRANCINI.
306 88 424 111 De eodem.
45 120 713 154 Axem aquila moderantur, equi capita alta ferentes
79 153 575 186 Temonem currus, Auſtria magna, tui.
38 187 573 221 Ergo cùm libeat latis decurrere campis,
44 219 672 259 Cùm libeat curſum tollere ad aſtra, tuum eſt.
290 255 447 278 De eodem.
42 287 636 324 Auſtria, qui teneros depinxit pictor Amores,
78 321 559 354 Et qui carpento florida ſerta tuo;
33 354 668 387 Stultus erat: nam tecumvna vectantur Amorest,
77 386 575 421 Erumpuntq; roſæ quà, Dea, carpis iter.
285 428 495 461 De partu ciuſdem.
38 459 643 496 Quâ nurus Auguſti natum grauis edidit hora,
76 495 543 526 In medio cœli vertice Phœbus erat:
36 525 616 560 Et ſubito adcurrit puerum ſtudioſa videndi
76 560 634 593 Naſcentem, placido cum Ioue diua Venus.
34 593 583 629 Ille igitur felix, vno cui tempore, ab ortu
2 625 664 663 Certatim adfulgent Numina magna Deûm.
295 670 478 693 De eodem.
40 699 640 734 Cæſaris vt grauidà natum nurus edidit aluo,
79 734 512 768 Emoritur, partus victa dolore ſui
36 766 712 801 Improba Morsl verum magnis ſine funere matrum
41 799 636 840 Non datur in lucem ſurgere Cæſaribus.
298 841 484 866 Ad Himeram.
35 870 594 910 Te quicumque videt, felix: felicior ille eſt,
78 907 596 943 Cui tecum fas eſt dulcis Himera loqui.
1 937 599 987 Qui ver te lætus amat, quater ille beatus:
76 973 679 1009 Par Superis tacitâ quem Dea nocte foues.
258 1012 498 1044 De Octauio Farneſio.
42 1043 667 1078 Romants Romanum habitum Farneſius heros
78 1078 612 1116 Sumpſerat, & Troiam luſerat acer equis.
42 1109 716 1142 Cum nitidum attollens vndis caput amnis Iberus,
77 1145 537 1180 Romanos olim qui bene norat, aii:
43 1179 643 1214 ctaui, veterum veſtemq; & nomen auorum
77 1205 760 1250 Non modò; verum animos & benefacta refers.
712 1237 819 1275 De
