847 1343
252 38 617 68 FRANCISCI
272 80 449 116 De Aufdio.
45 116 649 153 Dum puleram enpit Aufidius violare Neæram
74 151 602 187 Per funem tentat nocte ſubire domum.
45 184 582 219 Dumq; audax altæ ſcandit faſtigia turris,
80 218 555 251 Vertice de ſummo concidit & periit.
46 251 666 285 Membra pater dum fracta legit:ſic ille meretut,
81 285 550 321 Qui duce ſub cæco militat, orbus ait.
292 320 444 343 De Lucrtii.
46 351 664 386 Edita præclaro Lueretia ſanguine, quondam
83 385 542 412 Vi temerata, ſua concidit vſa manu.
49 417 665 450 Altera nunc humilis, turpique exorta parente,
83 450 612 483 Vt mœchum fugeret tetra venena bibit.
50 482 633 515 Caſta eſt vtra magis? rapto cadit illa pudore:
82 516 591 549 Seruato hæc ſtatuit malle pudore mori.
246 551 482 584 Deſins Farneſis.
47 582 656 619 Vt geminos genuit natos grauis Auſtria, Tibris
83 617 538 653 Adſurgens placido fic ait ore pater:
47 650 669 684 Roma olim auſpiciis geminorum condita, terris
83 684 557 717 Iura dedit: victis vi tamen illa dedit.
48 717 641 750 Nunc ver auſpiciis horum maioribus aucta,
83 750 579 786 Sponte ſuâ leges Orbis ab Vrbe petet.
226 784 562 809 In abitum Victoria Columna.
48 817 666 856 Te licet innumeræ ornarint, Victoria, laudes,
80 850 535 884 Attamen ante alias clarior vna fuit.
46 884 653 916 Talia condehas nam carmina, qualia condunt
80 916 586 943 Ad ſacra Permeſſi flumina Pierides.
48 950 623 985 Quin Dea, Muſarum mater, mirata lepore,
78 984 574 1016 Hanc etiam, dixit, me peperiſſe velim.
299 1019 467 1043 Iulio Canano.
46 1050 655 1084 Mens bona nuper erat noſtræ, Canane, puellæ,
80 1084 627 1117 Atque omni vacuum crimine pectus erat.
44 1116 735 1162 Hanc adit, & ſtultam vocat, ignauamque rudemque,
78 1149 656 1182 Congerat vtque aurum perfida lena monet;
44 1181 682 1216 Corrupitque animum caſtæ maleſuada puellæ.0
75 1214 548 1253 In meproh facinus, lena leæna fuit.
714 1253 826 1280 od
