1007 1353
235 36 613 63 FRANCHINI.
192 81 506 114 In obitum Horatii Farneii.
41 114 633 147 Occubuit dignis horrendus Horatius armis,
76 148 577 181 Belli fulmen erat; fulmine raptus obit.
196 182 547 214 In Victeria Columnppaum.
39 215 648 248 Omnitbus optatum votis Victoria natum
72 248 569 282 Tegmine ſub magni roboris ediderat:
39 280 667 315 Cum ſeſe Hadriacis tollens Neptunus ab vndi,
71 315 533 348 Sic canit ad ripas. flaue Piſaure tuas:
38 349 519 384 Felix ille puer, cuius Victoria mater,
69 384 565 416 Et tegit à cunis querna corona caput:
222 418 504 440 Ad Liuiam Columnam.
37 447 623 482 Spina tuam fuſo violarat ſanguine dextra
66 482 617 516 Liuia; cum matrem te ratus, inquit Amor:
33 516 645 549 Quæ cunctorum agitas ſpinoſas pectora curis,
66 549 567 582 Læſit ſpina pedes, & tibi iure manus.
296 584 393 607 Himeræ.
32 614 807 649 Non ego dem lacrimas, lacrimarum & flumina fundum
1 649 631 684 Non ego cum lacrimis triftia fata querar?
34 684 627 716 Impia me amplexu potuere auellere Himeræ,
66 717 587 750 Inuictum poterat quæ retinere Iouem.
30 749 650 782 Sed ſiue ad Morinos, ſeu Dacos aſpera trudent;
65 783 665 816 Vſque erit in Dacis mecum amor & Morinis.
11 816 690 850 Tuque, meum Numen, mea fata immania rumpess
62 849 596 884 Namque etiam fatis tu dare iura potes.
233 886 411 917 De Achille.
1 916 621 950 Impiger argenti pondus quod debet Achilles
1 950 555 982 Sponte ſuâ nobis ſoluit, & ante diem.
1 979 707 1018 Quid mihi cum magno expertique timoris Achille,
32 1016 582 1048 Cum Lariſſæo quid mihi, Homere, tuol
28 1049 646 1084 Partus adeſt alterfortem qui præſtet Achillem:
59 1083 600 1115 Ille fuit pedibus nam celer; hic manibus.
236 1116 500 1150 De Pompeio, ruri occiſo.
26 1144 618 1185 Coniuge cum carâ Pompeius fugerat vrbem,
2 1183 503 1217 Ducebatque ſuis otia lætus agris.
15 1215 716 1256 Sacrilegi irrumpunt aditus; amboſque trucidant;
731 1248 802 1273 Dum
