842 1350
221 31 615 60 ADAMIFVMAN
34 37 89 60 Itst
43 76 441 105 Vnum te amem, ac tua omnia;
42 110 369 143 Imo ardeam perenniter,
41 144 337 171 Factus tui,ter maximi,
43 177 360 211 Seintilla parua incendii.
91 211 389 243 Sub effigie Atila Hunni.
40 244 560 276 Fax Orbis ille incendium, pallor, pauor,
42 276 687 310 Europa monſtrum quem nouum genuit parens,
44 310 535 342 Matris ferus quod carnifex foret ſuæ,
45 343 489 378 Qui barbaro ſuperbus ipſe ſpiritu,
45 377 495 411 Dei flagellum nomen indidit ſibi;
46 411 465 439 Terris furens ſatelles irati Iouis;
45 444 479 477 Per quem faere ſecla facta ferrea,
48 477 625 514 Cum quaq; mores vſque fudit barbaros,
34 510 544 543 Quo ſe ore viuens ferre ſueſſet Attila,
45 543 526 576 Tabella Iouii hæc indicat planiſſim.
196 578 434 611 Sub effigie Totila.
46 611 506 644 Immanis ille, peſtis Vrbis, barbarus
46 644 531 679 Quæ barbararum gentium terror, ſui
26 679 521 711 Ad ortum ab occidente fines imperi
48 711 448 742 Olim feroci Marte dilatauerat;
49 745 515 780 Qui noſtrâ vaſtitate cuncta perculit
46 779 511 814 Vicos, agroſque, ciuitates, oppida
46 812 521 846 Ritu procellæ, turbinisque acerrimi,
47 846 652 889 Deo atque hominibus abominatus Totila,.
47 878 530 912 Hac in tabellâ pictus hoſpes. an ides
47 912 567 945 t ſæuus, importunus, impotens, adhuc
48 945 612 982 Stragem minetur ore, cædem, ſanguinem
223 981 565 1013 Sub imagine Canis Scaligeri.
49 1013 727 1048 Scaliger, anne tua iſthæc, Canis inclite, imago eſt
82 1046 493 1079 O cari capitis, cara mihi effigies.
48 1079 719 1114 Illene tu, profugis quondam qui vatibus, vnus
84 1112 666 1147 Portus eras, arx, ſpes, præſidium, columen?
51 1145 653 1181 Gaude, heros rediuiue, heros, bellique domiq;
81 1177 490 1210 Illuſtris, iuncto viribus ingenio.
47 1210 678 1238 Ecce tibi vt veteres Iouius tenouauit honore
725 1248 825 1278 m te
