999 1347
224 31 625 66 AMIFMA
83 75 596 109 En te vt honoratis iunxit imaginibus:
50 109 640 142 Macte, tuum ters nitidum rubigine nomen
83 142 593 177 Factum, iam poterit nulla abolere dies.
277 177 477 209 Sub Carmagnol.
49 205 571 243 Sedula apis veluti maturis aduolat vuis,
45 242 609 278 Vt liquido vacuas diſtendat nectare cellas;
47 275 660 308 Ad te ſic mea ſe celeri tulit impete Muſa;
46 308 670 345 Bellica quem ad magnos virtus euexit honores,
45 342 626 376 Franciſce, æternum Pietas per ſæcula nomen
49 375 741 411 Cui peperit; cuncto. procerum cum adſtante Senatu
48 409 614 442 Ac magnis vnà tecum de rebus agente,
48 434 786 478 Ad ſcabrum haud veritus confeſtim exire parentem e,
47 476 613 511 Fortiaq; infirmo cireumdare brachia colle.
47 509 613 543 Ilicet hoc vnum malit, quàm mille referre
50 542 640 577 Geſta tua præclara, & victo ex hoſte trophæa
44 574 700 610 Magnorum decus Iſubrum, dux inclite; tandem
47 610 648 645 Orta licet ſubito fractum te adtriuerit ingens
48 642 642 678 Tempeſtas, Cauriq; importunæque procellæ.
34 677 616 712 Ne dubita, tua te pietas, tua maxima virtus
40 710 625 745 Venturo meritis cumulabit honoribus æuo.
182 745 609 778 Sub Andrea Gritta Venetor. Principe.
48 772 690 811 Vt vigili doctoque ratis ſimul acta magiſtro eſt,
45 809 642 845 ndique vt aërii verrant freta cærula venti,
45 844 640 876 Nec entos, validasve timet ſecura procellas;
46 876 706 911 Credere ſed pelago, ac magnis ſe fluctibus audet:
35 911 721 949 Sic duce te vrbsprognata mari, ſic principe, Gritte,.
34 944 636 978 ellorum vt ſciret magnos inſtare tumultus,
46 978 566 1007 Bellorum metuit nullos interrita caſus;
46 1010 686 1045 Sed Martis dare ſe magnis cita motibus auſa eft
46 1044 645 1078 Vt ratis illa eadem docto ſi caſſa magiſtro eſt
46 1078 666 1112 Vt nulli nuſquam turbent freta cærula venti;
34 1109 725 1146 Et ventos validaſq; horret male firma procellas,
45 1142 661 1180 Credere nec pelago aut vllis ſe fluctibus audet:
45 1170 785 1207 Sic duce te vrbs, bone Gritte, eadem ſic principe caſſa,
43 1209 641 1241 Bellorum vt videat nullos inſtare tumultus,
743 1236 826 1264 Bello-
