850 1356
290 25 545 79 .HVLVII.
342 85 462 108 De cadem.
42 115 626 150 Cum lento nuper Leo forte ſopore iaceret,
75 148 657 182 Extrema huic cauda eſt dente reſecta Canis.
45 184 555 218 Euiglans fera terribiles exardet in iras,
81 218 579 250 Et lacerat ſæuo protinus ore Canem
44 250 649 285 Inunc audai, Canis improbe, dente Leonem
79 285 466 314 Irrita, vt fias nobilis eſca feræ.
272 319 524 353 In Clatam Corneliam.
47 349 626 386 Cum generi, pariteq; trium Cornelia clara
81 384 559 416 Natorum audiſſet funera pro patrià:
46 418 692 454 Quid lamenter? ait conſtanti pectore mater:
81 451 577 486 Et cœlo, & patria me genuiſſe iuuat.
34 483 636 518 Innideam potius natis, qui ſanguine vitam
80 516 601 551 H.ternan in ſuperis promeuere choris.
49 550 613 579 OVenetas inter clariſſima fœmina matres,
81 585 529 613 Inuictos animi tobore vincis auos.
47 617 567 654 Ergo polo tua te virtus iam clarior aſtris
80 652 624 685 Deſtinat, vt natis digna fiuare parens.
218 686 568 720 In Auguſlinum Parbadicum.
44 718 625 755 Et meritis grauio dum Barbadicus, & annis
81 752 531 788 Turcica nauali prælia Marte gerit:
45 784 639 820 Dumq; pharetratas acies, puppesq; nefandas
83 823 559 854 Vrget, & Ionias cæde colorat aquas;
48 853 629 885 Threicia læuum transfixus arundine lumen,
81 886 602 920 Et properante necem vulnere, lætus ait
48 917 658 954 quo animo terris iam cedimus, otia quando
79 953 554 986 Auſoniæ noſtro parta cruore domus.
46 985 647 1022 Quamq;, breui natura parat finire ſenectam
79 1021 561 1054 Exigat hanc patriæ rellig.ouis amor.
45 1051 651 1086 iit: & ætheream penetrauit ſpiritus aulam,
82 1085 593 1120 Summaq; virtutis præmia victor habet.
49 1117 663 1154 Huic ergo geminam peperit cum funere vitam,
79 1153 537 1186 Eminus hoſtili miſſa ſagitta manu.
41 1181 715 1218 Namq; animus cœlo fruitur, ſemperq; triumphat:
76 1218 599 1251 Nominis in tertis famaperennis erit.
743 1251 848 1291 Pt-
