859 1359
157 43 793 75 LEONARDIFVSCI. s
264 87 496 118 Derercas.
19 129 724 163 Finge nouos, Pie Quinte, orbes: nam fœdere iunctis,
50 163 555 196 Vnum iam ducibus, vix ſatis eſſc puto.
17 198 681 230 Tu quoque, Turca, nouas ates extunde, vel arma.
1 230 726 264 Quid pharetra? aut arcus? quidve machæra iuuat
55 315 720 353 EONARDIFVSCI
152 365 597 389 FOROIVLIENSIS.
271 407 593 438 In Pe:riembi obitum.
21 448 635 484 VM vacat, hic patriæ ſeceſſus inter opacos,
19 478 685 519 Quæq;; aura, & multo deuia colle placent,
16 516 577 548 Mecum vna indulgens veſano Muſa dolori,
19 550 535 584 Dic age lugubri carmina mœſta ſono.
16 583 614 614 Flendi obitus nobis, & triſtitia funera Bembi
48 617 600 650 Funera quæ lacrymis haud decorare nefas.
17 650 629 684 Quæ doctæ, quæ vos tum cauſa morata ſorores,
50 682 562 717 Nec paſſa Adriacæ eſt Thetyos ire freta,
16 716 629 750 Amiſſum ingemeret Bembum cum Nereis illic,
45 750 597 783 Ac longe in mediis conquereretur aquis,
17 783 687 819 Cœruleum os, glaucosq; ſinus, fletu humina largo,
46 816 532 849 Canaq; roranti pectora tunſa manu?
15 850 643 882 Vos decuit magnæ in partem properare querelæ,
46 882 556 915 Certatim & luctus ingeminare graues:
1 914 671 948 Nulli hic quam vobis mage flebilis occidit, artes
1 947 656 984 Quarum adeo, & ſanctos auxit honore choros.
1 979 540 1016 Sæpe oras olim aſſuetus luſtrare repoſtas
45 1014 566 1048 Phocidos, atque vmbris auia grata ſuis:
16 1048 648 1081 Sæpe iuga, irriguiq; Heliconis fontibus antra,
45 1081 555 1114 Antra niſi à caſto non adeunda pede,
16 1114 563 1141 Illum vbi victuro ditaſtis carmine, veſtras
47 1148 522 1180 Largius vni omnes & tribuiſtis opes,
15 1179 574 1213 Vt foret extenſo quo ſe Adria tolleret æuo,
48 1213 520 1254 Iactaretq; ſuas vate ſuperbus aquas.
723 1252 857 1283 Vat,
473 1251 556 1275 Eee e
