869 1350
137 38 730 83 ELISARIITGADALDINI.
71 90 542 128 Lugubrem nobis fas poſuiſſe lyram.
36 116 772 160 Sat fletum: atque ipſum tumulum iam condere tempue
40 158 560 195 Quemandat Vati Muſa parare ſuo,
33 192 660 229 Quà irides creſcunt luci, vada propter amœna
68 224 597 256 Cœlinæ, & ſummis lapſa fluenta iugis.
34 256 681 288 Hic etiam extremo vt donetur honore, iacenti &
69 289 732 326 Structa quoque in noſtro ſtent monumenta ſolo,
32 322 787 363 Quis violam indigenæ inſpergant, & odora quotannis
71 359 535 392 Lilia, viuaci teq; amaranthe coma,
31 391 674 428 Atque alios, quos dat flores, cùm vernat aperto
69 422 600 453 Terra ſinu, & cultu iuſſa virere nouo eſt.
43 549 801 602 B G.AD ALN.
138 603 666 646 In fædus ictum inter Principes Chriſtianos.
35 653 743 714 LARIOR en ſolito exſurgens natalibus vndis,
93 688 755 726 Cynthius afflicto paſſim noua gaudia mundo
22 721 610 754 Nuntiat. haud ſortis, venturiq; inſcius æui:
35 755 518 787 Scilicet vt Reges inter ſancita fideles
33 787 745 822 Fœdera ſint hodie Venetam vulganda per vrbem
34 821 677 855 Surgite io iuuenes, manibus date lilia plenis,
33 853 708 888 Spargite humum foliis, Superûmq; altaria Diuum
33 888 625 919 Muneribus cumulate piis pro muuere tanto.
36 921 557 955 Oquæ fatidicæ nobis felicia Patcæ
34 953 709 987 Tempora promittunt quæ ſecla aurea ſurgent:
34 987 668 1020 Cm Libyæ extremo deuictus Marte Tyrannus
33 1021 682 1053 Occidet, atque omnes vna cum nomine Turcæ.
35 1053 653 1085 Cernite, vt ante alios firmati fœderis auctor
33 1087 607 1120 Ipſe ingens pietate Pius, cui Rector Olympi
35 1119 676 1146 Turbine in hoc tanto terræ commiſit habenas,
32 1153 620 1186 Florentes populos inimica in prælia mittat:
34 1185 621 1221 Quot Rex Hiſpanâ gentes tellure Philippus
31 1217 629 1250 Effundat bello aſtuetas, & fortibus auſis:
