849 1356
273 36 579 61 GAMBAR
48 75 640 114 Ifelix itgo, liquit quam miles amator:
39 114 636 147 .Et prædas atq; arma ſequi, rapidoſq; calores
38 147 646 180 Sæpe pati,longaſq; hyemes, & frigora brumæ
40 180 658 212 Maluit, & gelido captare ſub æthere ſomnos.
40 213 652 247 Interdum tamen& belli furor impius, & Mars
38 246 556 280 Factâ pace ſilet; victor direpta reportat
42 279 721 313 Hoſtibus atma domum: mox ſeſe ex ordine captos
43 314 629 349 Accingit memorare duces, longoq; viciſſim
38 347 605 379 Conuſos bello populos: ſuperataq; regna
41 380 677 414 Dum memorat. nunc ante ſui nota ora mariti
35 414 645 447 Læta ſedet, fruiturque viri ſermone; nec vllis
51 448 559 481 Exercet curis vitam, nec pignora curat;
41 479 707 509 Et nunc mœſta ſilet dubio in certamine coniunx,
45 514 624 547 Vulneta dum, belliq; vices, & prælia narrat.
44 546 628 580 Pſcator pelago captat, ſeu flumine, piſces,
55 581 651 614 Siue lacu ſtagnantis aquæ; cum veſper amictu
46 613 640 647 Nigranti gelidæ noctis ſe obnubit. ad vrbem
41 648 705 680 Cum prædà lætus properat: grauis inde reuertens
54 679 685 714 Ære domum. parto fruitur cum coniuge cara:
44 714 596 747 Et viſco, qui fallit aues, ſeu retibus, & qui
43 745 699 780 Vertit humum ferro incuruo, ſeu mollia falce
56 779 687 813 Prata ſecat, frugeſque metit, cum ſacra Sacerdos
44 814 576 848 Indicit populis, redeunt ad dulcia tecta;
43 843 707 881 In triuiiſque agitant choreas. quas æſculus vmbià
44 880 630 914 Ingenti tegit, & ramis frondentibus ambit.
56 914 570 947 Venator ſiluas primâ ſub luce fatigat,
45 945 674 979 Inuoluitque feras laqueis, aut comminus haſtâ
55 980 675 1012 Infenſa aggreditur moriens cadit illa repente
28 1012 692 1046 Ante oculos, iuga ſumma petit vel ſaucia, & altis
50 1046 684 1075 Se condit nemorum iamiam moritura latebrit;
44 1079 575 1113 At coniunx lecto carpit ſecura quietem.
47 1113 612 1147 Ille at enim lætus ſpoliis, & cæde ferarum,
54 1147 614 1181 Fert ſerâ ſe nocte domum, caroſq; penates
52 1180 598 1214 IHuiſit, teneriſq; diu complexibus hæret.
50 1209 653 1247 Infelix, quam paſtor amat, cui flumina cordi,
698 1243 834 1267 Et nemo-
