851 1359
270 33 576 56 LAVRENTII
41 76 698 111 Et nemorum dulces vmbræ; qui montibus æuum
41 110 631 144 Exigit, aut conualle cauâ; lentuſq; ſub vmbra
40 143 646 176 Populeà pecudum numeros & ſigna recenſet,
44 176 682 210 Et modo paſcit oues, viridi modo ludit in herbâ
44 211 652 245 Agreſtem calamis Muſam; modo dec t ad alta
44 243 666 277 Flumina iam ſaturos herbos in valle iuuencos.
44 278 702 309 Expectat tamen hunc reſidens in limine coniunx,
45 309 622 345 Et laſſum amplexu molli fouet: ille ſub altis
34 344 753 379 Claudit oues ſtabulis, dapibuſque epulatur ad vndam
43 378 772 412 Fluminis, aut viridi in luco, quà mutmurat vnda,
45 411 688 444 Frondentem ſubter pinum, filuamq; comantem.
46 443 617 478 Infelix illa ante alias, quam torquet amator
52 477 744 510 Nauita: nam ſeu frigus habet terraſq; fietumque,
47 509 628 544 Seu flotet ver purpureum, ſeu meſſor ina rs
45 542 568 577 Maturas ſegetes tondet, ſeu colligit vuas
45 576 656 624 Vinitor; ille tamen lætus tenet æquora puppi,
46 610 571 642 Miraturq; nouas alio ſub cardine terras,
43 643 614 677 Littoreis capiturque locis, & gaudet ab alto
42 675 633 711 Proſpiciens humiles terras, atque inuia Nerei
43 711 725 746 Regna, leueſque maris volitare per æquora puppes,
45 742 579 777 Obtus patriam, & dilectæ coniugis ora.
46 775 691 811 Quàm ferus ille, minas pelagi qui primus, & atro
43 809 703 844 Turbine commotum ſpreuit mare, ſeque procellis
46 841 675 878 Miſcuit: hunc Libyca genitum de ſtirpe leænæ
48 877 726 910 Crediderim, Stygioque genus deducere ab Orco.
47 910 734 945 Quid proſunt mihi coralia? & tua munera quondam
45 943 637 978 Heſperio deuecta ſinu, quaq; altus in æquor
45 978 570 1012 e mergit late Ganges, vbi plurima toto
45 1011 655 1047 Littore gemma micat vario perfuſa colore?
44 1044 696 1078 Immitis Celadon, ſæua æquora ſemper amabis;
43 1078 572 1111 Et varios pelagi caſus? iam vertitur aſtas
43 1110 586 1145 Altera, nec curas patrios inuiſere purtus,
44 1143 642 1173 Care redi, care O Celadon; te te tua coniunx
44 1175 607 1209 Limniace manet, & lentos ſuſpirat amores:
42 1208 725 1245 Nam mihi amara dies ſine te, lachiymoſaq; nox eſt,
730 1247 810 1275 Vei
