863 1350
271 47 580 72 GAMBARE.
37 89 668 124 vtis acu te picta manet, quam fexilis ambit
39 124 646 157 Limbus; & intextis circum nitet alba figuris,
42 158 713 190 Cernere erit fluitantem vndis ab Apolline Delum
40 191 630 224 Firmatam quæ prima altis emerſit ab vndis.
39 224 687 257 Vt primum pater omnipotens ſubſidere pontum
40 257 648 290 Iuſſit, & immiſſo nimbos Aquilone remouit,
38 291 572 325 Illic aſpicies intacta per æquora puppim
40 323 701 357 Euectam, & Scythici tendentem ad Phaſilis oras:
40 358 678 392 Puppe ſedet procerum princeps & ductor Iaſon;
40 392 682 426 Hunc iuxta Agniades clauum tegit, & vigil auras
42 425 595 458 Explorat, cœloque notat radiantia ſigna:
43 457 707 491 In medio ratis Alcides ſedet arduus, omneſque
46 492 617 525 Argiuos toruo Proceres ſupereminet ore.
39 524 707 560 Quos inter citharâ aurata dum perſonat Orpheus,
44 559 591 591 Aſtrorum primos ortus, & ſemina rerum,
45 592 655 625 Et mare ſecluſum terris, & ab æthere cœlum:
47 626 607 660 Subſidunt pelagi fluctus, & euntibus auræ
46 659 642 692 Adſpirant, mitiſque fauet Deus æquoris alti.
47 691 725 725 Proximus his Euphemus adeſt, qui ſumm prentis
46 726 630 758 Per freta Neptuni pedes incedebat, & auras
49 757 640 791 quabat rapido curſu: cui non procul, hat
49 792 615 826 Inſignis, gladioque hæret Sicyonius Actor:
48 825 711 859 Threjicij in medio procerum ſtant agmine fratres
46 859 685 893 Alipedes, quibus albentes caua tempora pennæ
46 893 638 926 Attollunt ſeſe circum: quibus aëra magnum
47 925 687 959 Nubilaque alta ſecant rapidi, cœloque fruuntut:
46 959 624 992 Cærulei per colla fluunt, per pectora crines,
45 992 696 1026 Dependent pharetræ; curuataqne taxus in arcum
47 1025 679 1059 Ex humeris; lateri Iſmarius ſine cuſpide mucro
45 1058 644 1092 Dependet bullis circum inſignitus, & auro.
44 1092 654 1126 Aſt alij iuga longa tenent: hic Caſtora cernes,
47 1125 639 1160 Pollucemque ſimul, quos vno candida partu
47 1160 665 1192 Læda tulit, quorum contendere cæſtibus alter,
49 1193 694 1225 Alter equos domitare bonos, vel vincere curſu;
46 1225 691 1264 Queis radiant capiti galeæ, flammiſq; coruſcant.
700 1256 846 1281 Ardentes
