845 1347
274 40 598 64 GAMBAR.
30 81 643 110 Ventorum rabiem tenebroſo clauſerat antro
45 114 688 148 Lolus; & placidum ſubter mare paſcua Delphin
47 150 577 183 Carpebat, virides algas, & gramina nota.
45 183 615 215 Non fragor auditur ſiluis, non littore curuo
33 215 641 249 Nigrantes ludunt fulicæ, non bucula ventos
43 248 675 282 Captat; at ipſa, hyemis ſecurà, in ualle virentes
42 280 699 313 Nunc auido dumos morſu, nunc pabula tondet.
44 314 670 348 Cum proculaduentare ratem per cærula cernit
46 346 695 381 Sublimi ſtans puppe Telon, dum proſpicit altum
45 381 694 416 t hera iam vacuum nymbis, & murmure littus.
39 415 649 450 Dum vero procurua legit loca concita puppis,
47 447 703 481 Arma Telon habituſque virûm, pictaſq; biremes
49 482 587 515 Nouit, & puppi ſurgens ſic infit ab alta:
38 515 624 548 O ratis ante alias felix, quæ ſpumea verrunt
46 546 679 582 Cærula, quæ pelago tecum mea gaudia defers:
39 583 604 616 Et magnas Orientis opes, & Lydia regna
51 616 687 650 Tu pelagi decus omne, Deûm tu munera tecum
41 649 709 681 Sola vehis: tu digna magis, quàm nobilis Aigo
39 682 577 715 Sidereos inter cœli ſplendeſcere curſus:
41 715 647 751 Quamuis illaforet Diuæ fabricata Mineruæ
52 748 665 781 Auxilio iuſſuque, vagi prope flumen Anauri;
39 781 658 816 Quæ poſſet tumidis Neptuni obſtare procellis,
40 815 658 848 Et canere intantes ſubiecta per æquora caſus,
41 848 679 882 Venturaſque hyemes pelago, niſi candida Ciree
41 880 543 915 Flebilis Abſyrti crudelia fata piaſſet:
50 914 689 949 Nec claſſi inuideas Phrygiæ, quæ per freta longa
42 948 670 980 Cum vetitos peteret thalamos; abduxit ab oris
51 983 663 1016 Tænariis Argiuam Helenen: licet illa Lacenas,
51 1016 561 1049 Iliacaſq; nurus niueo candore, comaq;
44 1045 639 1081 Per roſeos diffuſa humeros ſuperaret, & ore
30 1081 625 1114 Egregio. ſummoq; foret Ioue nata parente,
43 1113 618 1146 Et ſola Argolicas ad prælia cogeret vrbes.
53 1144 724 1179 Non tamen inferior forma eſt pulcherrima Leuce,
41 1178 684 1215 Quam vehis Adriaci pacata per æquora ponti
52 1211 693 1247 Incolumem in patriam tepidi ſub tempora veris.
662 1241 828 1279 Cymothoe
