853 1350
263 37 549 62 GAMBARÆ.
31 79 550 109 Luna renidenti terras veſtibat amictu;
40 113 608 147 Clarque nox paſſim radianti luce rubebat,
31 147 611 180 Ceu primo fub ſole dies; cum dulcia Leucon
40 181 581 215 Liquit Amyclæus dilectæ littora Cretæ.
43 214 654 246 Ille dolens, curaque animum labefactus inani,
42 247 670 281 Accipit haud oculis noctem, ſed mœſtus acerbo
36 280 599 313 Diſceſſu, celerique fugâ, ſe tor quet amaris
43 314 744 347 Queſtibus, & lachrymans mortem iam pallidus orat,
42 348 694 380 Mox ait: Heu qui me primis malus error ab annis
31 380 663 415 Abſtulit & tenebris merſit ſtagnantis Auerni.
36 414 653 447 En velut exul agam nocteſq; dicſq; per æquor,
35 448 676 482 Nec reducem patria vlterius me Creta videbis:
34 480 620 515 Diſceſſu mea lingua ſilet, ſupiria mentem
33 514 697 547 Eripiunt; largoque tument mea lumina fletu;
34 547 712 581 Atque anima inualidum corpus iam laſſa relinquit
45 581 675 614 Heu quanto magis illius nunc torqueor igne,
39 615 649 648 Me tanto magis in lacryma iubet ire Cupido.
35 648 739 681 Quid mirum? magis ardet amans cûm littus amatum
45 681 615 714 Deſerit, atquenoasinuiſere cogitur vrbes.
34 713 761 747 Quid referam? nom carmen Amor, non gramina cutat,
45 747 717 780 Sed ridet lachrymas: ſed funeregaudet amantum.
34 780 637 814 Ille ſenex vetus eſt, molli lanugime quamuis
38 813 585 847 Fulgentes malas non veſtiat: illenitenti
32 846 660 880 Oeeupat & faciem, præduraque corpora fuco;
33 879 595 913 Etſeſepuerum fingit. furtimque medullis
46 913 595 946 Hæret, & arridens lethali armata veneno
50 947 592 979 Tela iacet, tacitoq; petit præcordia ferro?
47 978 669 1013 Et ludens gnem manibus gerit, oſaque terret.
51 1013 719 1046 Ah quantum illa fuit crudelis, :& improba cùm me
46 1044 655 1079 Deſe ut, miſeroſque ſequi Stimiconis amores
49 1079 686 1110 Auſa fuit: cui nulla domus, cui nulla ſuperſunt
49 1111 621 1145 Paſcua, non vllæ pecudes ſed paſcit Amintæ
48 1146 639 1179 Armenta ad ripas, quà ſpumeus errat Oaxes:
51 1178 710 1212 Cuique color nigereſt. triſtiſque aſpectus, & illam
51 1211 601 1245 Detinet inſignem facie; cui molia colla
763 1245 832 1269 Sunt
