843 1335
277 34 590 71 LAVRENTII
32 32 140 64 us
33 77 619 112 Sunt niueis puro candore æquanda liguſtris.
31 112 653 147 Et licet ille rudi confieſus arundine, valles,
31 145 680 179 Idæumq; nemus reſonet, tamenilla canenten
33 178 628 212 Miratur, tollitque rudes ſuper æthera cantus.
32 211 546 240 Ille meis fruitur. donis, & dulcia miſcet
35 244 597 277 Oſcula, ſecurus recubans: non amplius illa
31 277 718 313 Me tenet in gremio; ſed me & mea munera temnit
33 310 669 345 Heu qui temiſerande furor conſumit, & omem
33 342 745 378 Abſtulit hei miſero mentem, exanimumq; relinquit.
32 378 610 413 O feli, quem Sol oriens proſpectat euntem
35 411 712 445 Cum grege in herboſos ſaltus, dum cantat amores
32 444 606 479 Naiadum, paſcitq; greges; & ltus amantis
34 477 702 511 Colloquio, Superis non inuidet ac petit amnem,
31 510 594 541 Oceani emenſo cum iam defeſſus Olympo,
30 544 603 577 Illum proſpectat redeuncem in dulcia tecta.
31 577 676 609 Mane nouo vocat in ſiluas: ſed me tenet æquor,
32 610 660 644 Siue calore graui premitur, ſeu frigore tellus.
31 641 687 677 Ah ſaltem ad pattias mea corpora naufraga ſedes
31 676 720 710 Vnda vehat, Leucæ alta domus quà ſpectat in vndas.
32 710 659 745 Me forſan gremio accipiet miſerata dolentem;
32 743 579 778 Nec roſcis parcetq; genis, tenuiq; capillo,
31 774 700 810 Er lachrymas dabit interdum, dabit oſcula rurſus,
30 809 624 842 Et lecto arſurum miſero mœſtiſſima ponet,
30 842 627 876 Et forſan tumulum ſtatuet, plenaq; rubenti
29 875 620 909 Flore manu cineres ſparget: non illa fub alto
33 909 605 943 Corde geritrigidos ſilices, non effera tigris
32 942 655 976 Hanc genuit, caput attollit quà Medus Araxes,
29 975 624 1008 Et maris Hircani, rapido pede fertur in vndas.
29 1007 679 1043 Quid mirum? ſi me incautum, primaq; iuuent
29 1042 647 1077 Vicit Amor; qui ſæpe Iouem, & cœleſtia vicit
30 1074 661 1108 Numina, cæruleoſq; Deos, volucreſq; feraſque
30 1108 644 1141 Imperio nam regna tenet, quæcunq; videt Sol.
29 1141 580 1174 Quid dicam? tacitis accendit agreftia curis
27 1171 696 1206 Armenta, indomitaq; coquit corda aſpera flamm:
25 1205 629 1239 Imdignas ſecum aſſuetas auerttut vmbras,
705 1231 819 1269 ami-
