853 1355
251 55 602 89 GAMBAR.
742 62 803 86 nt
28 95 615 131 Faminaq; & leues ſomnos, & paſcua taurus.
30 131 636 163 Errantem quærens alta in conualle iuuencam;
31 163 628 197 Inuentaque dies totos ſine granine condit,
27 197 613 231 Atque illam ſequitur, quoquo veſtigia ponit:
27 229 706 264 Bellaq; ſæpe mouet carâ pro coniuge, & armos
27 263 635 296 Durat ad horribiles pugnas, nec vulnera vitat.
28 295 687 332 Et pelagi fera monſtra ineunt pro coniuge pugnas
27 330 625 365 E quoreos ſubter curſus, vitamq; relinquunt
26 363 641 397 Hiuctibs in mediis: nam ſæpe ego mortua vidi
29 397 627 432 Cotpora per pelagi placidos fluitantia tractus
28 430 645 464 Vere nouo, cum ſæuit amor, cogitq; natantum
31 464 654 499 Omne genus ruere in furias ignemq; ſub altis
29 495 606 531 Nquoribus. ſedquis valeat tua telaCupido
27 529 674 565 Effugere; aut aliquem curis imponere finem?
27 563 719 599 Ah demens, vbi ſum? ſupremane fata propinquant?
29 598 662 631 Non ita:namq; iterum repetam Gortynia rura,
5 629 614 665 Artemque, remoſq; tibi, Neptune, reponam:
27 661 560 694 Idoſq; petam faltus, vbi candida Leuce
28 695 728 733 Luſtra per, aut per aperta feras fugat æquora curſu:
29 729 704 766 Aut lepores iuga ſumma leues, patrioſq; per agros
29 761 601 799 Inſequor, & parto donabo munere Leucen:
26 795 622 828 Atque ibi iam venator apros venabor, & altis
27 829 653 863 Suſpendam ilicibus victor capita hirta ferarum;
22 861 525 897 Illa meos alta aſpiciet derupe labores.
27 895 612 929 Quid dicam? forſan noſtri miſerebitur vltrò;
24 926 625 962 Vel poterit forſan precibus miteſcere noſtris.
24 960 652 994 Quid tum? ſi capta eſt Siculi Stimiconis amore?
23 994 692 1036 Ipie amor inſtabiles animos dat amantibus; illoſq
23 1027 647 1059 Acribus inuoluit flammis: nunc ſubdita ſoluit
22 1058 634 1096 Pectora, nunceuocat veteres in pectora curas.
24 1092 579 1130 Dum Venus inſano Martis flagraret amore
26 1126 622 1165 Optatos Mars læpe toros, & amata reuiſit
22 1159 663 1195 Hoſpitia: at poſtquam venantem vidit Adonin
22 1192 603 1230 In ſiluis Venus ipſa, alios iam percipit ignes,
23 1224 638 1263 Muiſumq abolle scupit de pectore Martem.
668 1263 799 1292 ueceie
769 1312 851 1344 V
