852 1355
281 40 584 66 LAVRENTII
34 83 627 120 Succeſſit nous cura Deæ: Mars turbidus altas
32 118 623 153 Strymonis incoluit ripas, Rhodopeiaq; arua;
32 150 750 185 Interdum Phrygij Anchiſæ non immemor, dam
30 184 714 225 Incolit alma Venus, mollique in gramine dulcem,
32 218 599 251 Inter & amplexus ducit maleſana ſoporem.
34 251 635 287 Quin etiam Phœbi ſoror Endymione relicto,
32 284 666 318 Pana fouet dulci amplexu; mox Pana relinquit,
32 317 688 353 Et gremio Endymiona fouet, miſerata dolentem.
30 352 731 385 Dum vero hæc recolit, longe freta mota reclamant,
34 384 664 419 Et præceps Notus æquoreis immurmutat vndis.
29 419 695 452 TuncLeucon, quà ventus agit per cærula puppim:
28 451 591 484 Vertit iter: ſecat illa altos interrita fluctus.
22 483 726 517 Monſtrat enim Portumnus iter, Panopeque furtim
24 517 574 554 Impulit errantem pelago portuq; locauit.
306 574 511 607 ÆGLE.
32 611 779 653 ALCIMEDE, veteriſq; nurus Thelethuſa Lycorm
33 649 624 683 Et Siculi Stimiconisamorſiam nubilis gle
36 683 646 721 Tænarias iter ad fauces prope curua tenebant
34 715 667 755 Littora, quà patrio ſurguut de marmore templa,
35 752 565 782 Tænario ſacrata Ioui; cumaximus aras
35 783 573 822 Tingit odoratas nigrantiergore taurus.
35 817 548 854 Illæ vbi pro caris ſoluerunt debita vota
33 847 652 887 Coniugibus, quos Neptunus ſeruarat ab vndis
36 884 550 917 Ioniis: ſecuere viam; quà littus amaros
36 913 658 953 Contingit pelagi nemoroſo tramite fluctus.
39 949 558 986 Tunc Ægle ſocias ſic eſt affata ſilentes:
39 980 640 1020 O comites, quas à teneris ego ſemper amaui,
38 1015 627 1054 Et quibus ipſa meos nudaui ſemper amores,
39 1045 682 1080 Me miſeram tenet alter amor, animoq; recurſat
41 1081 677 1118 Cura recens, vruntq; graues præcordia flammæ.
40 1115 638 1151 Nam patriis notus paſtor Melibæus in oris,
39 1147 595 1185 Taygeti cui mille greges paſcuntur in altis
39 1180 644 1217 Verticibus, totidemque imis in vallibus agnæ,
40 1213 658 1251 Aſſiduis poſcit precibus connubia noſtra.
734 1245 850 1287 Hune.
