865 1359
270 45 551 69 GAMBARÆ.
35 79 669 117 Hune, magnæ cum ſacra Pali ſolennia ferrent
34 118 673 152 Paſtores, templi ante fores mihi Niſa ſedentem
35 151 698 186 Monſtrauit formâ egregium & iuuenilibus annis.
34 185 669 220 Iſq, vbi me Lycidæ tendentem ad paſcua vidit;
33 218 658 253 Palluit, erubuitque ſimul, comiteſque reliquit,
31 252 585 285 Et nos à tergo eſt per florea prata ſecutus.
30 284 790 319 Mecum erat Alcyone ſoror, & noua nupta Medontis.
29 319 693 354 Quid dicam? miſer ille dies nocteſque ſub vmbras
28 353 591 385 Vicini nemoris ſolus ſpaciatur, & omnem
30 385 628 419 Oblitus pecoris curam, me obſeruat euntem
27 420 694 453 Luee nouâ ad Coriti fontes, & nocte paternam
29 453 695 487 Ante domum veniente ſedet: ſic proxima noſtris
28 487 640 520 Culminibus mihi nuper anus Lyrneſia dixit:
28 512 794 556 Nunc Stimicon meus ignis abeſt, qui per freta pomti
11 554 567 586 Armatos Lyciæ pedites Orientis ad oras
22 588 727 624 Vexit, & in patriam rediturum rettulit Agmon,
23 620 650 654 Tranſierint concreta gelu cum frigora brumæ.
22 653 665 692 Vos teſtes, quæ dona mihi pulcherrima dudum
26 687 591 718 Attulerit, cum Sidoniis remeaſſet ab oris.
27 720 693 754 Quinnoſtri memorlextremo mihi munera miſit
19 754 659 789 Lecta mari, quæ Threicius puer attulit Hæmon.
21 787 721 821 Sed tantum non dona mouent, quantum ipſa iugali
18 821 700 849 In thalamo oror, & dulci Stimiconis amore.
17 854 788 890 Quid faccres Telethuſa? premunt hine munera amantis
14 888 632 922 Atque amor & caræ toties promiſſa parentis
14 921 636 956 Parte alià nam vera loquar Melibæus amari
12 954 690 990 Dignus & hc, cui multa ſoli ſunt iugera, quique
13 987 686 1023 Me ſolam ni fallor amat, cui gratus in ore
14 1020 691 1054 Eſt color; intonſumque caput: nec Iumina næui
12 1054 701 1089 Fronte notant agreſtem animum; licet inter opac.
15 1086 568 1121 Taygeti iuga ſit genitus, lætaſq; canendo
13 1121 629 1155 Inter oues primos lorens expleuerit annos.
11 1153 662 1189 Tunc Telethuſa refert: anima mihi carior .gle
12 1187 585 1223 Quis Diuûm cuicumq; velis te poſſe iugali
14 1221 601 1256 Connubio ociare vetat, Stimicone relicto?
648 1249 833 1282 aaimum
