841 1344
273 14 630 41 LAVRENTII
35 59 694 93 Exanimum hune pelagi turbata per æquora forſan
34 93 657 126 Fuctus habet, ventiq; truces morientia verſant
37 126 702 160 Corpora per rapidos fluctus, percuſſaq; fluctu
35 160 625 193 Lttora: vota Deum dum tu perſoluis in acta.
37 193 611 226 Nec data ſæpetuæ, ſine te, promiſſa parentis
34 226 697 259 Vlla mouent: tu ſola etenim connubia firmas.
36 258 711 295 Ipſa ego quot mala ſum noctes perpeſſa dieſque,
37 294 694 328 Annus enim tum me bis ſenus cœperat gle
37 328 620 362 Ex quo ſum nautæ tædas experta mariti:
37 360 723 396 Quis neſcit? meus Hippocoon nunc tendit ad ortus,
34 394 696 427 Et modo ad occaſum Solis, modo torquet ad oras
38 427 740 461 Cannibalm longos immenſa per æquora curſus.
38 460 612 494 Cum vero in patriam rediit, naualia primus
37 491 710 527 Arma parat, quafſatque ratem, & languentia curat
39 526 744 564 Corpora: ſed cum iam ephyri leuis aura per æquor
37 560 718 594 Auditur, tranquilla tenet trabe marmora primus;
40 594 664 628 Semper amat ſeſe ſurgenti opponere fluctu,
36 627 615 663 Ignotoſq; maris gaudet penetrare receſſus:
39 660 691 694 Tantus amor pelagi, tunc me ſine coniuge Sols
39 695 669 728 ſtiui, longæq; hyemis, ſine coniugs noctes,
39 726 714 761 In tenebris merſam adſpiciunt nec fingere crinem.
41 762 616 793 Cæruleaue licet, niueæue inuiſere pallâ
40 795 688 827 Solemnes Superûm ritus, vel proxima noſtro
39 827 709 863 Templa mari, miſeram tantus grauis vrget amaror.
39 861 736 896 Quin etiam merſaſque rates, ſubmerſaq; ponto
42 895 693 929 Corpora ſæpe virûm ſi quis nouus aduena narrat,
39 927 674 961 Vel quoties cœlo ſtrident venti, aut mare ventis
41 960 634 994 Tollitur, & gemitus pelagi late inſonat Euro,
42 994 662 1028 Oſſa quatit toties gelidus ttemor, oraq; pallent
41 1027 691 1062 Frigore, &eiduis membris ſeſe implicat hrror.
42 1061 709 1096 Quid prodeſt, ſi rara domum fert munera coniun,
42 1094 562 1126 Oceani deuecta ſinu?qua concolor auro
40 1126 520 1158 Sol oriens ſeſe Eis attollit ab vndis.
38 1159 582 1192 Et varios memorat ritus, inuentaq; nuper
38 1192 631 1224 Tot matia, & noftis incognita ſidera nautis.
672 1229 839 1274 Almede
