858 1361
269 46 543 75 GAMBAR.
41 84 660 122 Alcimede dic cara comes nam te quoq; verſat
43 121 736 154 Sors eadem dic, nonne tuus Chorinæus Aearnan,
39 153 635 186 Et Phlegyas. pelagiq; minis aſſuetus Helenor,
38 187 657 221 Et Tegeæus Eryx, Libyæ occubuere profundo?
39 220 742 255 Sed miſeram dolor angit: habet nam pignora ſecum
37 254 672 287 Hippocoon, maria alta docet quæ currere, & alti
37 287 645 322 Noſcere ſigna poli, ventoſq; & inhoſpita ponti
35 320 671 355 quora, tranquilloſque dies hyemeſq; futuras.
36 354 647 387 Quid tum? ſi patrias artes vorat vnda retortis
35 388 637 420 Vorticibus, natoſq; ſimul; nec pignora matri
33 421 684 455 Flere licet; nec iam pelagi moritura ſub vndis
36 455 654 484 Cernere; nec tumulo cineres decorare recenti,
36 488 714 523 Quare age connubio iuuenem coniunge volentem,
34 522 632 556 Cui tot oliuiferi colles, tot paſcua, totque
34 555 627 589 Taygeti iuga celſa greges, armentaq; paſcunt.
32 588 582 620 Tu gelidos inter ſaltus, ſiluaſque ſ porem
34 622 639 654 Sæpe leuem ſecura petes; nunc læta recumbes
35 656 633 689 Coniugis in gremio, viridi vel in ilicis vmbra;
34 689 640 722 Gramineoue toro, vitreus qua fundit in æquor
33 722 584 754 Eurotas virides inter vaga flumina lauros.
31 754 527 788 Ille ſuos lætus patriis in ſaltibus ignes
32 788 651 823 Nunc tenui ſtipulâ, dulci modo carmine ludet:
29 823 665 854 Et circum vos verna puer, paruuſque Palæmon,
30 855 684 888 Atque alij, quos ſæpe iuuat frondente ſub vmbrâ,
31 888 585 920 Et calamis certare, & agreſti dicere Musâ,
30 920 628 953 Adſtabunt, totoſq; dies per carmina condent.
30 954 667 986 Impulit his animum dictis Telethuſa labantem,
32 987 583 1022 Sæuit & ardentes accenſa in virgine curas.
30 1020 615 1054 Illa alacris fert nota leues per littora greſſus,
30 1053 672 1087 Suſpiranſq; oculos ad ſumma cacumina torſit
31 1087 599 1120 Taygeti, qua diues agris Melibæus amator
31 1120 627 1151 Innumeras ſolitâ pecudes paſcebat in vmbrâ.
146 1153 685 1186 D Venere & Anciſe ad Caarem Gambaram.
33 1186 671 1220 Quæ magni memorare ſoles arcana parentis
32 1220 595 1260 Calliope& rerum caufſas aperire latentes,
688 1250 804 1292 DiD
