849 1352
245 61 590 101 LAVRENTII
57 104 704 139 Induit infignis Leuces vultumq; habitumque,
60 139 665 172 Qualis culta ſinus, auroq; ornata capillos
58 172 595 203 Incedit noua nupta, viro formoſa videri
57 205 622 239 Dum cupit, & leuibus figit veſtigia plantis:
56 239 621 272 Cypria ſic Leucen vultu mendita, per agros
54 272 621 304 Ibat, & Anchiſen vidit ſub rupe morantem.
57 305 592 339 Et flentem ſæuis obnoxia Pergama fatis;
55 338 644 372 Ac tali inſtantes repetentem murmure caſus:
55 373 643 406 An Danaûm armatas Sigæo in littore gentes,
53 406 730 438 Florentemque vrbem, & latâ ditione potentem,
56 437 745 471 Collapſam adſpiciam, & totis ſparſa arua cruore?
53 471 668 504 Non ſat erat patriam incenſam, Troiæq; ruinas
51 503 669 538 Adſpexiſſe ſemel ſub Laomedonte? quid vltrà
57 537 650 569 Cælicolæ infelix venientes demoror annos?
54 571 694 604 Quid iuuat antiquam prolem deducere Teucros
52 604 690 637 Ab loue? Palladiumque altâ ſacraſſe ſub arce?
53 637 708 672 O regnum inuiſum Superis, quæ ſæua nepotes
52 672 682 706 Dardanios manet ira Deûm, quæ iniuria Diuos
54 704 723 739 Mouit in inſontem Priamum? pr Iuppiter, vrbem
50 737 692 769 Infenſi Superi immeritam, ac ſine crimine fundo
50 773 675 805 Euertent? atque ante oculos Neptunia cernam
52 805 648 839 Mœnia non æquata ſolo, ſed verſa tepentem
50 837 741 874 In cinerem? ſceptrumq; Aſiæ, imperiumq; relinquet
55 870 655 905 Troia Deûm ſedes, clariſq; aſſueta triumphis?
50 903 582 938 At vos o ſacræ pinus, quas ardua ſeruant
55 936 684 970 Gargara; vos ſcopuli ingentes: & lata morantur
51 970 631 1004 Nquora; frondoſs nec non ſpoliabere ſiluis
51 1003 724 1040 Ida decus nemorum Phrygiæ: non te alma Cybele
50 1036 638 1072 Defendet, ſic fata volunt, magniq; voluntas
48 1071 740 1106 Sic Iouis et. Quæ nam in Phrygios reditura penates
52 1102 578 1130 Oſtentat ſeſe ſulcans maria alta biremis.
48 1135 713 1171 Fert ſecum patriæ excidium, atq; incendia Troræ.
50 1168 657 1202 Sic fera fata Phrygum mœrens audita canebat
50 1201 596 1229 Anchiſes, animo voluens oracula Ditum.
41 1233 707 1274 Vidit vt hanc propius properanti accedere greſſu,
721 1274 847 1303 Creditit
