854 1354
245 53 557 86 GAMBAR.
48 99 672 136 Credidit eſe Deam, tunc ſpargens lumina lotu.
46 136 565 171 Sic ait: O virgo noſtris incognita ſiluis
47 169 630 204 Siue Dryas, ſiue innuptæ comes vna Dianæ.
45 202 662 236 Da mihi caniciem, ſeramque videre ſenectam,
46 235 638 271 Et puros ſine nube dies: terra alma miniſtret
45 270 629 305 Pabula, perpetuoſq; gregi de fonte liquores,
47 304 585 337 Et tege Dardanios æternâ pace colonos.
47 334 611 371 Hæc fatus paſtor. tunc ſic formoſa reſoluit
47 367 678 404 Ora Venus: pulchri gregis ò pulcherrime paſtor,
48 401 720 436 Non mihi ſunt Nymphæ comites: ditiſſimus Otreus
48 434 677 471 Me genuitLibycâ quondam de coniuge Nisà.
49 469 643 504 Ludebant mecum comites per prata ſorores;
48 502 650 537 Læda roſis, Daphne casiâ, Cydippe hyacmtho
50 536 640 571 Texebant gelidis fragrantia ſerta ſub vmbris,
38 570 619 605 Et calathum vario pingebant flore Lycoris.
53 599 702 638 Cum ſubito aſpectu horribili, ſed vulnere tardus
52 639 636 672 Viſus aper: nec nos animis inſurgere contra,
52 669 656 704 Sed celerare viam, rapidoſq; intendere curſus.
51 703 616 738 Tunc ego ſic caſu, pectus concuſſa recenti,
52 734 669 771 Et trepida atq; amens, ſecretâa hac valle reſedi.
51 772 779 805 Et nunc quæ nemora aut quæ vos iam prata morantus
53 803 649 837 Tuta ſatis, cum ſol pelagi ſe occultet in vndis,
54 837 640 870 O fidæ & caræ comites? ſic fata; repente
52 868 654 906 Fluxere ex oculis lachrymæ; tune ora comaſq;
54 902 710 933 Scindere, & incultos manibus ſimulauit amictus,
50 938 530 971 Ac ſic herboſo ſedit maleſana cubili
50 971 625 1004 Anchiſes faciem inſignem, nudataq; Leueæ
53 1005 570 1038 Pectora miratur; caſu nec territus vllo
54 1038 711 1072 Suſcipit exanimem gremio, dictiſque iacentem
52 1071 627 1104 Permulcet, tacitoq; tegit noua gaudia vultu.
52 1104 617 1138 Mortali tandem tenerâ ſe iunxit in herbâ
52 1137 630 1171 Diua viro: riſit ſummi pater auctor Olympi,
53 1171 647 1204 Vulgauitque dolos Superis, & furta retexit
54 1202 606 1240 Cælicolæ riſere omnes & plauſibus æther
