<PcGts xmlns="http://schema.primaresearch.org/PAGE/gts/pagecontent/2017-07-15" xmlns:xsi="http://www.w3.org/2001/XMLSchema-instance" xsi:schemaLocation="http://schema.primaresearch.org/PAGE/gts/pagecontent/2017-07-15 http://schema.primaresearch.org/PAGE/gts/pagecontent/2017-07-15/pagecontent.xsd"><Metadata><Creator>User123</Creator><Created>2020-04-25T21:20:19</Created><LastChange>2020-04-25T21:20:19</LastChange></Metadata><Page imageFilename="1263.png" imageHeight="1354" imageWidth="854"><TextRegion id="r0" type="paragraph"><Coords points="1,1 852,1 852,1352 1,1352"/><TextLine id="r0_l001"><Coords points="245,53 245,86 557,86 557,53"/><TextEquiv index="1"><Unicode>GAMBAR.</Unicode></TextEquiv></TextLine><TextLine id="r0_l002"><Coords points="770,63 770,86 822,86 822,63"/><TextEquiv index="1"><Unicode>IIr</Unicode></TextEquiv></TextLine><TextLine id="r0_l003"><Coords points="48,99 48,136 672,136 672,99"/><TextEquiv index="1"><Unicode>Credidit eſe Deam, tunc ſpargens lumina lotu.</Unicode></TextEquiv></TextLine><TextLine id="r0_l004"><Coords points="479,170 514,168 565,168 565,136 509,136 454,138 265,137 72,140 46,139 46,171 287,171"/><TextEquiv index="1"><Unicode>Sic ait: O virgo noſtris incognita ſiluis</Unicode></TextEquiv></TextLine><TextLine id="r0_l005"><Coords points="545,201 630,201 630,169 514,169 479,171 287,172 47,172 47,204 388,204"/><TextEquiv index="1"><Unicode>Siue Dryas, ſiue innuptæ comes vna Dianæ.</Unicode></TextEquiv></TextLine><TextLine id="r0_l006"><Coords points="707,202 695,205 667,202 547,202 388,205 325,204 191,206 45,205 45,236 539,236 578,234 650,234 707,236"/><TextEquiv index="1"><Unicode>Da mihi caniciem, ſeramque videre ſenectam,</Unicode></TextEquiv></TextLine><TextLine id="r0_l007"><Coords points="638,268 638,235 145,240 46,238 46,271 332,271"/><TextEquiv index="1"><Unicode>Et puros ſine nube dies: terra alma miniſtret</Unicode></TextEquiv></TextLine><TextLine id="r0_l008"><Coords points="510,302 629,302 629,270 442,270 157,273 45,272 45,304 386,305"/><TextEquiv index="1"><Unicode>Pabula, perpetuoſq; gregi de fonte liquores,</Unicode></TextEquiv></TextLine><TextLine id="r0_l009"><Coords points="585,334 585,304 437,304 387,305 366,307 221,305 47,305 47,337 469,337"/><TextEquiv index="1"><Unicode>Et tege Dardanios æternâ pace colonos.</Unicode></TextEquiv></TextLine><TextLine id="r0_l010"><Coords points="477,369 609,368 611,367 611,334 469,338 230,338 159,340 47,339 47,371 415,371"/><TextEquiv index="1"><Unicode>Hæc fatus paſtor. tunc ſic formoſa reſoluit</Unicode></TextEquiv></TextLine><TextLine id="r0_l011"><Coords points="523,401 678,399 678,367 415,372 264,371 216,373 71,372 47,373 47,404 451,404"/><TextEquiv index="1"><Unicode>Ora Venus: pulchri gregis ò pulcherrime paſtor,</Unicode></TextEquiv></TextLine><TextLine id="r0_l012"><Coords points="591,435 625,433 720,434 720,401 523,402 493,404 400,406 210,405 71,407 48,406 48,436 514,436"/><TextEquiv index="1"><Unicode>Non mihi ſunt Nymphæ comites: ditiſſimus Otreus</Unicode></TextEquiv></TextLine><TextLine id="r0_l013"><Coords points="608,468 677,469 677,434 462,437 416,439 48,439 48,471 467,471"/><TextEquiv index="1"><Unicode>Me genuitLibycâ quondam de coniuge Nisà.</Unicode></TextEquiv></TextLine><TextLine id="r0_l014"><Coords points="643,501 643,469 387,473 167,472 49,473 49,504 493,504"/><TextEquiv index="1"><Unicode>Ludebant mecum comites per prata ſorores;</Unicode></TextEquiv></TextLine><TextLine id="r0_l015"><Coords points="526,535 650,535 650,502 493,505 351,504 327,506 224,505 171,507 48,506 48,537 494,537"/><TextEquiv index="1"><Unicode>Læda roſis, Daphne casiâ, Cydippe hyacmtho</Unicode></TextEquiv></TextLine><TextLine id="r0_l016"><Coords points="488,569 640,568 640,536 526,536 461,539 50,539 50,571 440,571"/><TextEquiv index="1"><Unicode>Texebant gelidis fragrantia ſerta ſub vmbris,</Unicode></TextEquiv></TextLine><TextLine id="r0_l017"><Coords points="454,603 543,603 619,601 619,570 488,570 390,573 38,572 38,605 410,605"/><TextEquiv index="1"><Unicode>Et calathum vario pingebant flore Lycoris.</Unicode></TextEquiv></TextLine><TextLine id="r0_l018"><Coords points="702,599 668,599 655,601 592,603 454,604 366,607 53,606 53,637 68,638 457,638 594,635 663,635 673,637 702,638"/><TextEquiv index="1"><Unicode>Cum ſubito aſpectu horribili, ſed vulnere tardus</Unicode></TextEquiv></TextLine><TextLine id="r0_l019"><Coords points="582,668 636,668 636,639 354,639 139,641 52,639 52,671 453,672"/><TextEquiv index="1"><Unicode>Viſus aper: nec nos animis inſurgere contra,</Unicode></TextEquiv></TextLine><TextLine id="r0_l020"><Coords points="596,701 656,702 656,669 582,669 453,673 361,672 110,674 52,672 53,704 499,704"/><TextEquiv index="1"><Unicode>Sed celerare viam, rapidoſq; intendere curſus.</Unicode></TextEquiv></TextLine><TextLine id="r0_l021"><Coords points="616,734 616,703 544,703 414,707 213,706 103,707 51,704 51,738 479,738"/><TextEquiv index="1"><Unicode>Tunc ego ſic caſu, pectus concuſſa recenti,</Unicode></TextEquiv></TextLine><TextLine id="r0_l022"><Coords points="586,768 669,767 669,734 552,736 479,739 374,740 92,741 75,739 52,739 52,771 520,771"/><TextEquiv index="1"><Unicode>Et trepida atq; amens, ſecretâa hac valle reſedi.</Unicode></TextEquiv></TextLine><TextLine id="r0_l023"><Coords points="766,794 779,794 779,772 454,772 208,774 51,773 51,804 450,805 501,803 669,802 687,805 755,805"/><TextEquiv index="1"><Unicode>Et nunc quæ nemora aut quæ vos iam prata morantus</Unicode></TextEquiv></TextLine><TextLine id="r0_l024"><Coords points="649,803 501,804 450,806 247,805 205,807 115,807 97,805 53,805 53,837 649,837"/><TextEquiv index="1"><Unicode>Tuta ſatis, cum ſol pelagi ſe occultet in vndis,</Unicode></TextEquiv></TextLine><TextLine id="r0_l025"><Coords points="640,868 640,837 375,840 54,839 54,870 571,870"/><TextEquiv index="1"><Unicode>O fidæ &amp; caræ comites? ſic fata; repente</Unicode></TextEquiv></TextLine><TextLine id="r0_l026"><Coords points="654,902 654,868 641,868 634,870 572,870 500,873 315,872 74,873 52,871 52,905 249,904 415,906"/><TextEquiv index="1"><Unicode>Fluxere ex oculis lachrymæ; tune ora comaſq;</Unicode></TextEquiv></TextLine><TextLine id="r0_l027"><Coords points="710,902 415,907 249,905 54,906 54,933 710,933"/><TextEquiv index="1"><Unicode>Scindere, &amp; incultos manibus ſimulauit amictus,</Unicode></TextEquiv></TextLine><TextLine id="r0_l028"><Coords points="530,938 440,940 50,939 50,971 530,971"/><TextEquiv index="1"><Unicode>Ac ſic herboſo ſedit maleſana cubili</Unicode></TextEquiv></TextLine><TextLine id="r0_l029"><Coords points="625,971 560,971 513,973 174,972 50,973 50,1003 64,1004 625,1004"/><TextEquiv index="1"><Unicode>Anchiſes faciem inſignem, nudataq; Leueæ</Unicode></TextEquiv></TextLine><TextLine id="r0_l030"><Coords points="570,1006 392,1005 292,1007 228,1005 53,1005 53,1037 570,1038"/><TextEquiv index="1"><Unicode>Pectora miratur; caſu nec territus vllo</Unicode></TextEquiv></TextLine><TextLine id="r0_l031"><Coords points="711,1038 54,1038 54,1070 66,1071 711,1072"/><TextEquiv index="1"><Unicode>Suſcipit exanimem gremio, dictiſque iacentem</Unicode></TextEquiv></TextLine><TextLine id="r0_l032"><Coords points="627,1072 273,1073 52,1071 52,1103 627,1104"/><TextEquiv index="1"><Unicode>Permulcet, tacitoq; tegit noua gaudia vultu.</Unicode></TextEquiv></TextLine><TextLine id="r0_l033"><Coords points="617,1106 614,1105 322,1107 251,1105 52,1104 52,1135 60,1136 114,1138 617,1138"/><TextEquiv index="1"><Unicode>Mortali tandem tenerâ ſe iunxit in herbâ</Unicode></TextEquiv></TextLine><TextLine id="r0_l034"><Coords points="630,1139 489,1138 420,1140 349,1140 114,1139 52,1137 52,1168 57,1169 131,1171 630,1171"/><TextEquiv index="1"><Unicode>Diua viro: riſit ſummi pater auctor Olympi,</Unicode></TextEquiv></TextLine><TextLine id="r0_l035"><Coords points="690,1176 682,1173 391,1172 304,1173 53,1171 53,1201 66,1202 124,1204 690,1204"/><TextEquiv index="1"><Unicode>Vulgauitque dolos Superis, &amp; furta retexit</Unicode></TextEquiv></TextLine><TextLine id="r0_l036"><Coords points="527,1233 555,1233 563,1238 606,1238 606,1204 534,1204 500,1206 361,1205 297,1206 124,1205 54,1202 54,1240 518,1240"/><TextEquiv index="1"><Unicode>Cælicolæ riſere omnes &amp; plauſibus æther</Unicode></TextEquiv></TextLine><TextLine id="r0_l037"><Coords points="471,1232 471,1279 838,1279 838,1232"/><TextEquiv index="1"><Unicode>FFff ſonui.</Unicode></TextEquiv></TextLine></TextRegion></Page></PcGts>