853 1360
287 41 716 70 LAVRENTII
9 54 102 78 I92
44 87 588 124 Inſonuit, cœloque ignes micuere ſereno,
43 121 590 152 At Veneri interea mortalis forma receſſit,
45 156 592 194 Quæ vultu Diuûm lætos detexit honores.
42 188 593 223 Dardanius demiſſa ſolo ſua lumina paſtor
40 223 613 260 Fixa tenens ſeſe incuſat, Numenq; precatus
41 255 703 293 Poſcit opem. blande tunc ſic Cytherea locuta eſt;
41 289 676 324 Solue metum; nam ſponte tuos formoſa Dione
38 322 664 358 Venit in amplexus, cœlumque incenſa reliquit.
42 353 773 393 Magnanimum Æneam decimo, tua pigncra,menſe
39 390 587 426 Effundam, quà ſa Sigæo in gurgite condit
46 424 714 456 Commiſtus antho, & ſtagnantia marmora ponti
42 457 699 491 Efficit, & pinguem Simois trahit vndique limum:
40 489 692 525 Hunc pater omnipotens cœlo dignabitur alto.
40 523 677 556 Noſtrorum namque ille mihi ventura nepotum
39 556 663 593 Expoſuit memotans, atque ordine fata retexit.
38 590 602 623 At tu concubitus, conceſſaque gaudia nulli
39 623 612 659 Prodere voce velis, tacito ſed pectore ſerua:
39 656 667 693 Ne pater indignansſua fulmina Iuppiter in te
38 692 777 726 Ingeminet, ſternatque gregem ac pecus omne per agros:
40 724 592 756 Interea hos virides ſaltus, & roſcida prata
40 756 661 791 Tecum læta clam; nec me requieſcere tecum,
39 791 654 827 Aut agere ad liquidos fontes armenta pigebit.
38 825 659 862 Sic Venus Idæos colles, atque humida rura
40 858 601 893 Incoluit, magno Phrygij paſtoris amore
37 891 613 922 Dum fruitur, cœlum & tædas oblita mariti:
38 929 566 958 Felicem donec maturorempore partum
39 958 624 997 Edidit. irriguum laui Simoëntis ad amnem.
104 1013 764 1049 Liia M.Antonij clumn
265 1049 575 1077 F, ad Petrum Cannicerum.
36 1095 746 1130 SPREVERATinſano Nymphæ deuictus amore
33 1129 643 1162 Leucothoes, Venerem Mauors; ripaſq; colebat
36 1163 591 1197 Tibridis, aut Aniena iugis delapſa fluenta,
33 1197 585 1231 Et poſitis filuas armis peragrabat, & acres
35 1229 672 1263 Oblitusbellantum acies, mulcebat ad amnem
697 1260 825 1288 Indomi-
