852 1349
260 34 537 64 GAMBAR&
26 80 584 113 Indomitos cantu flammati pectoris ignes.
28 113 625 151 Quinetiam cùm paſtores in roſcida mittunt
28 145 714 181 Paſcua lanigeras pecudes, vel cum grauis æſtus
25 179 676 217 Cogit aprica greges loca linquere, & abdita ſiluis
25 214 579 249 Paſcua depaſci, pecudes comitatur, & vnâ
29 247 609 281 Auſoniis miſtus captat paſtoribus vmbras.
28 281 613 318 Sæpe etiam ceruos telis agtabat ad vndam
25 312 680 347 Tibridis, aut conualle caua, paribuſq; premebat
25 348 571 385 Curſibus agreſtes nodoſa in retia prædas;
24 382 595 418 Erranteſq; canes cornu reuocabat adunco.
25 415 670 449 Nunc eſe extollit, primo quod vulnere ceruum
26 449 688 479 Strauerit, incuruâ iamdudum in valle morantem:
27 482 604 520 Se quoq; ſetigerum dextro fixiſſe ſub armo
25 513 762 551 Iactat aprum, atque animæ calamo rupiſſe ſonanti
26 549 636 586 Spiramenta, leuis quo vulnere fugit in auras
28 581 687 619 Spiritus, exanguemque anima indignata reliquit.
26 615 671 651 Nunc etiam abſentis Nymphæ candentia laudat
24 649 595 684 Pectora, ſidereoſque oculos. & dulcia verba
26 684 747 718 Proſtratus prope fontis aquam, qua murmure rauco
25 714 702 750 Vnda fluit; fontemq; comâ louis arbor obumbrat,
26 749 625 784 At dudum ſuccenſa graui Cytherea dolore
25 783 638 819 Linquit Accidalias ſedes; & vecta per amplum
25 818 584 852 Aëra Laurentes agros, atque ardua Romæ
25 848 687 886 Tecta petit, manibus quondam fabricata ſuorum:
24 883 490 917 Vt vero ripis poſuit veſtigia Thuſci
26 916 789 950 Tibridis, illi ingens Nympharum occurrit ad amnem
27 950 572 983 Naiadum chorus, & ripâ ſeſe obtulit altâ,
28 983 673 1020 Quarum vna ante alias forma ſpectanda ſorores
26 1017 594 1051 Leucothoe defeſſa ſolo viridante teſedit;
3 1052 692 1085 Extremo quam Nympha Ephyre Laurentia partu
26 1085 572 1119 Aëreos inter montes, quà fons ſonat altis
26 1118 653 1145 Vallibus Albuneæ ſubter nemora alta virentis,
27 1152 586 1186 Syluano dedit in lucem, quæ candida toto
27 1185 620 1218 Corpore componit flauos mirâ arte capillos;
24 1218 661 1258 Et comptos premit in nodum;nec flamina curat
740 1247 805 1273 Ore
