858 1353
282 56 592 86 LAVRENTII
55 97 709 132 Ore refertque roſas; quas eircumfuſa coronant
53 132 599 160 Lilia, odoratis cum tellus floret in hortis,
54 166 647 200 Inque feras quot tela iacit, tot cæsa ferarum
54 199 655 232 Corpora procumbens ſiluis; curſuque fugaces
55 232 670 265 Præuertit capreas; amat hanc qui Tibridis alta
55 264 730 305 Flumina, & Albunoæ quiſquis bibit accola fontem
56 300 660 332 Agnouit Cytherea ſui Mauortis amores,
54 333 665 367 Fulgentes mirata oculos, & candida Nymphæ
56 366 674 399 Pectora, & albenti diuinum in veſte decorem:
55 399 667 433 In mentem venit hac formâ ſe fallere Martem
56 433 808 466 Poſſe ferum. mora nulla, Deæ faciemque, habitumqte
56 466 650 499 Ponit; & in faciem Nymphæ mutata, repente
56 499 604 529 Leucothoes ſuccenſa odiis, velamine texit
53 532 629 564 Ardentes oculos: ſimul indignata profatur:
38 564 691 599 Hinc oculi, mea cura recens, mihi cauſa doloris?
58 599 695 633 Quo caſu Dryades Nymphæ ingemuiſſe feruntur
57 632 671 666 Prata per, agreſteſq; domos; nec cantibus vllis,
63 667 698 699 Aut ſolito herbarum ſucco potuiſſe mederi
62 699 798 734 Stant circum Nymphæ comites, Telethuſa, Thoeque,
61 734 766 767 Eurynomeq; decus nemorum, domitrixque ferarum,
60 765 686 801 Et iaculo bona Dynamene; vigilemq; ſororem
63 800 693 834 Solantur, variiſque tenent concentibus ægram.
62 833 734 865 Odryſum hæc vatem cantu nemora alta trahentem
57 866 721 901 Commemorat, Stygijq; Iouis ſine ſole petentem
61 900 671 934 Regnaq; Tartareaſq; domos pro coniuge carâ,
60 933 758 967 Mulcentemq; animos fidibus, Ditemq; tremendum;
62 967 682 1001 Promeruit quibus Eurydicen deducere ad oras
63 1000 671 1034 Nthereas, certo ſub fœdere. narrat ad vmbras
63 1033 737 1067 Eurydicen redeuntem iterum, Stygiique ſecantem
64 1067 673 1102 Cærule rate fontis aquas: nam fœdera Ditis
56 1101 627 1127 Incautus violarat am ans: illa addit amores
63 1133 696 1168 Anchiſæ, Veneriſque. Pytin canit altera verſam
61 1166 685 1199 In pinum, trepidans dum per iuga denſa Lycæi
62 1199 718 1233 Amplexus Boreæ effugeret; malletque canentam
60 1232 696 1266 Audire arboreis dilectum Pana ſub vmbris:
787 1268 848 1294 Ns
