849 1357
216 43 573 78 GAR.
731 47 796 87 ip
5 93 675 131 Erigone noua nupta aderit cum coniuge Mopſo,
45 130 580 164 Flauaque Lampetic, Demoloontis amor.
8 163 602 196 Pendebunt agris opera interrupta, nec vllus
46 196 519 229 Merſabit puro flumine paſto oues.
9 227 696 266 Sed cunctimea tecta petent, cum lux noua ſeſe.
5 263 476 291 Tollet ab Eois fluctibus Oceani,
10 297 548 325 Inſtituet certos vicina ad flumina ludos
45 329 698 370 Cum Numitore Ligur Thyrſis, & Eurymedon:
11 363 622 398 Certabitque pedum curſu Mauruſius Acmon:
47 398 560 423 Emittet calamos ad loca certa Pharon.
15 431 672 464 Stabit aper, precium palmæ, iuga Rhetica propter
47 465 603 498 Captus, & horriſono turbidus ore fremet.
11 498 603 530 Adſtabunt hirci cauea prope limina ſeptem,
45 532 545 564 Frondibus incincti cornua pampineis,
14 564 607 592 Ceruus erit dominimenſis aſſuetus, & intra
47 597 605 631 Marmoreas ſomnum carpere nocte fores.
16 631 646 665 Sunt etiam gemini Pteleræ de ftrpe Moloſſi:
48 665 538 699 Hic tauros morſu ſiſtit, at alter apros.
18 698 630 733 Hic ingens tabula ingenti pendebit ab vlmo,
47 732 524 768 Qua tu conſpities Cæſaris arma tui;
13 765 604 801 Nec non magnanimo victosA Cæſare reges;
45 799 598 833 Additaque imperio clara trophæa ducum.
13 831 618 868 Inque fugam verſos Hiſpanoà milite Turcas,
48 865 547 901 Miſcentes que fero prælia Marte viros.
10 899 560 934 Adſpicies vrbem longâ obſidione leuari,
45 933 582 967 Sebethus liquidis quà petit æquor aquis:
9 967 625 1000 Diſiectaſque arces Morinum, vicinaque circum
43 999 561 1034 Oppida, pugnaci captaque ſigna manu:
10 1032 586 1067 Ticinumque atro fœdatum anguine ripas.
24 1066 554 1101 Et captos, Albis flumina ad alta,duces.
9 1100 589 1135 Ignotos habitus, atque arma ignota videbis,
39 1133 607 1168 Pœnorumque oculis agmina nigra Ieges;
6 1166 621 1200 Flammantis propior Phœbi quos inficit ignis,
41 1200 583 1235 Quà non claudit hyems florea rura gelu:
4 1233 586 1268 Cæſaris & puppes pelagi dominarier vndis.
671 1264 787 1292 Et mu--
