863 1353
279 35 635 63 LAVRENTII
54 43 114 66 29
88 78 535 112 Et multa Leptin obfidione premi.
56 107 757 146 Cernere erit Nomadum turmas, atque horrida cata
91 145 628 177 Cæſaris, & Libycum per mare mille rates:
56 177 835 213 Quas circum Nymphæ exultant, perque æquora currun
91 212 595 245 Aut vada virgineis luſibus alta petunt.
55 244 658 278 Perſonat, & conchâ Triton, notasque biremes
91 276 684 313 Reſpicit, & liquidum per mare monſtrat iter.
55 312 614 347 Proſilit æquoreis ponti regnator ab antris,
89 345 625 379 Veliuolum pelagi ſternit & omne ſolum.
57 379 612 412 Inuehitur curru Cæſar ſublimis eburno,
92 407 690 448 Et parta ante pedes plurima ſceptra gerit.
50 446 578 472 Parte aliâ de more refert ſolennia facta,
90 479 689 512 Et ſupplex multi cum prece templa tenet.
55 511 698 548 At poſtquam, miſſo certamine, debita cuique
90 545 600 576 Victori dederit dona ſenex Periphas:
59 576 800 613 Mox Dryadum plaudente choro, rapidum prope flumen
89 612 667 646 Pan Lycabæ agreſti tep ra fronde premet.
56 645 693 684 Inflabunt faciles calamos Ocnuſque Myconque,
91 679 555 714 Inflabit raucum Lydius Actor ebur.
58 712 648 745 At dum ſol curru Oceani petet aureus vndas,
94 746 695 781 Agricolæ inſtituent flumina ad alta dapes.
57 778 807 813 Accumbet menſis Dryadm chorus omnis ad amnemt
92 814 602 845 Conſident menſis aduena, & indigena.
62 845 667 883 Quare age mea vita nouos ne deſpice ludos:
95 880 625 915 Nec quæ te exiguo munere donat Acon.
58 912 662 948 Indue ſepoſitam veſtem, tege crura cothurno;
94 947 581 975 Ornet & albentes lutea concha ſinus
61 977 669 1014 Cærula ſepoſitam ſubnectant cingula vetem,
94 1014 542 1041 Et nectat flauas aurea vitta comas.
58 1046 619 1080 Talis eris Dryadas inter, comiteſq; ſorores;
94 1080 545 1115 Qualis in Eoo lucida gemma mari;
61 1112 665 1148 Qualis in irriguo florum coma cernitur horto
96 1145 616 1179 Siue hyacinthe tua, ſiue amaranthe tua.
62 1177 663 1209 Et ſi forte abitum tibi Leda nouerca negabit;
93 1209 587 1239 Protinus hanc ficto callida falle dolo:
735 1247 846 1282 Aut pe-
