861 1347
256 19 551 48 GAMBAR.
746 1 859 53 o
22 59 626 100 Aut pete Leucothoen paruâ comitata ſorore,
63 99 600 134 Quæ ſolet ad noſtras ſæpe venire domos.
25 132 648 167 Ipſa vocata aderit, comitem te adiunge ſorori:
59 166 579 200 Quid poterit de te ſæua nouerca queri?
26 199 590 232 Tu vero, noſtri decus ingens Cannicer æui,
34 232 659 266 Cui decorat gemino Phœbus honore comas,
25 266 630 300 Huc propera, noſtroſq; libens accede penates:
61 299 607 333 Non tibi per Syrtes longa perenda via eſt:
12 334 654 367 Cras poteris ſurgente. die conſcendere flumen,
61 367 568 400 Puppe leui, & noſtros tutus adire lares.
13 401 707 437 Hic celebrem cantu inuenies, & arundine Mopſum:
60 434 615 469 Nec deerit Dorylas, Pannoniuſque Lycon.
276 471 416 502 In fontem.
13 498 636 535 Hos latlces ne accede meos, nec tange viator;
63 536 614 570 Sanguine fœdata eſt ſi tua dextra manus.
14 569 689 602 Noſtræ etenim lymphæ Baechi gratiſſima miſcent
60 603 597 635 Munera: non ſæui pocula Martis amant.
265 637 449 662 In obitum Iuliæ.
12 669 668 705 Flos veluti quem riuus aquæ, quem Sirius ardet;
1 702 590 737 Deſerit, & prono vertice languet humi:
16 737 632 772 Qum fruſtra gelidi rores ſolantur & vmbræ,
70 771 581 804 Et quæ vicinum perſtrepit aura nemus:
26 804 530 837 Iulia ſic cecidit primis in floribus æui,
15 838 551 871 Sic cecidit roſeo gratus in ore color.
12 871 687 910 Hanc flerunt triſtes Sebethi ad flumina Nymphæ;
1 905 592 939 Impla & illacrimans ſidera dixit Amor.
149 938 703 972 Pra vichritiana religionis contra Turcas, ad
280 975 553 1007 Deum gratiarum actio.
16 1005 674 1041 Iam tandem pater omnipotens dignatus ab alto
19 1039 641 1075 Et noſtras audire preces, gemituſque tuorum:
27 1073 562 1108 Ia vinclis quos ille ferus noſtrique tuiq;
28 1106 654 1138 Nominis hoſtis habet, vel carcere detinet atro;
27 1140 686 1175 Ferre & opem nabis, tantarum in turbine retum,
26 1172 664 1209 Et poſt bellorum tam ſæua incendia, totque
26 1206 520 1241 xciſas ferto gentes. amiſſa; regna.
741 1247 810 1272 Nam
