852 1347
252 26 613 58 LAVRENT II
39 73 754 109 Nam nec erat ſpes vlla fugæ, furibundus & hos
39 109 644 141 Terruerat pontum, & terras victricibus armis,
22 141 612 175 Et claſſe Adriacas valida penetrauerat oras;
40 176 655 209 Oppidaque, & pelago, & terris inuaſerat vrbes,
38 208 701 243 Atque inimicum ignem ſecum, cædeſque ferebat.
36 242 740 276 Induerat quos ſe in laqueos nec fenſerat: & non
35 277 598 310 Quid poſſet, Rex o cœli, tua dextera norat.
34 311 685 344 Vnde agimus tibi nunc tanto pro munere grates;
34 344 667 376 Et templis pia thura damus; per templa, vialque
35 376 643 410 Debita ſacra tibi canimus: nam dextera partim
35 410 665 444 Threiciam claſſem tua merſit in æquore; partim
32 443 652 476 In noſtras impulſa manus eſt te duce, & ingens
35 476 708 509 Turcarum intepuit reſperſus ſanguine pontus:
33 511 697 544 Nam nec habet certas tua magna potentia metas,
31 543 659 576 Nec præſcripta tibi eſt, ſed tu potes omnia ſolus,
31 577 692 612 Tellurem & pelagi liquidas conuertere in vndas,
33 611 652 646 Et mare tellurem in ſolidam. tibi paruit æquor,
30 645 668 679 quor Erythræum; Solymæ dum robora gentis
31 678 619 713 Tranſirent vaſti ſiceo pede marmora ponti,
28 712 653 747 Atque minas fugerent duri Pharaonis, & arma.
28 747 605 781 Namque tuo iuſſu diſceſſit tunc maris vnda,
27 779 651 812 Hinc atque hinc ſaxi in faciem durata repente
29 812 660 848 Hebrææ inferrent greſſus qua parte phalanges:
27 846 711 881 Quæ retro tunc deinde fluens coniunctaque currus
23 880 683 914 Inuoluit pelago Mareotidaque arma ſequentum.
21 913 581 947 Nunc vero non ſe pontus diuiſit; at vnda
26 946 675 981 Strata, ſilenſq; tuo ſed non ſine numine ventus
23 980 574 1014 Auxilio noſtris fuit, & tot clara per annos
23 1014 558 1041 Præteritos virtus, & formidabile nomen
23 1048 625 1081 Turcarum in ventos abiit. tunc gentis Iberæ,
23 1081 598 1114 Atque Italæ ad cœlum bellando glotia ſeſe
21 1113 624 1148 Etulit; inuictamque olim per cærula claſſem,
18 1145 623 1181 Haud noſtræ timuere artes; non impetus illos
19 1176 632 1214 Barbaricus iuuit, ſparſusq; per æquora clamor.
19 1210 664 1248 Nam notra haud lunæ ſpeciem vexilla ferebant;
753 1240 817 1278 Sed
