844 1347
289 19 565 45 GAMARE.
35 60 786 96 Sed Cruce pendentem Chriſtum palmaſque pedeſque,
39 95 675 131 Traiectumque latus fero, pariteque paientom
37 128 566 162 Aſ cra dilecti lacrymantem funera nati
36 161 650 195 Gloria tota tua eſt, neque enim victoria noſtro
35 195 638 227 Conſilio, aut armis parta eſt, aut vitibus vllis.
36 228 553 261 Et miles ferus ille ſuo ſperabatin atcu,
34 261 670 297 Et gladio, quo iam toties cæſo hoſte triumphos,
33 296 574 333 Egerat, & victor prædas portarat ad oras,
34 326 684 363 Inſonat anguſta qua Boſphorus horrifer vnda.
36 362 606 400 Qid dicam? Aſiæ regnator ſæue, Deus te,
35 396 800 433 Quem colimus, meritoque ſacras veneramur ad aras,
35 430 673 464 Proterer, haud aliter quàm læti graminis herba
35 461 758 497 Cornipeds pede preſſa gregis: dicamque ego; vidi
33 497 719 532 Regem Aſiæ florentem opibus, regniſq; potentem,
35 530 677 564 Elatumque animo, & tumidum præcordia faſtu,
35 563 663 596 Non ſecus ac cedri alta comas ſublimibus arbor
34 597 600 629 Nata in verticibus Libani, ſed luce ſequenti
33 628 773 666 Dum redeo; Rex non vſquam; ſed nec leuis vmbra
35 663 584 697 Ccrporisillius, nec gloria patta ſub armis
34 696 598 729 lla erat, aut rerum veſtigia facta ſuarum.
32 729 625 762 Et nunc tempus adeſt, quo te ſulcaſſe pigebit
32 763 598 797 Ionios fluctus, & claſſe intraſſe profundum
33 796 675 830 Adriacum, tuaque armaarmis concurrerenoſtris
33 830 674 863 Permiſiſſe, Deus cum nos nunc protegat, & nunc
27 863 645 896 Pro nobis vt ta ipſe videsbella aſpera pugnet.
35 897 635 930 Tunc ego lætitiâ ingenti cumulabor, & axes,
32 930 632 963 Vertice contigam cœli, dehinc ora reſoluam
30 963 615 995 In laudes, Chriſte, tuas, magnique parentis
35 996 659 1030 Qui ſolus pontum, & tellurem condidit, & non
35 1029 640 1056 Se folia vlla mouent, tanti ſine Numinis aura,
35 1062 654 1096 Ceſſabo, & nunquam tua facta intexere noſtris
35 1096 784 1138 Carminibus, pariterque tuos memorare triumphos,
35 1129 615 1163 Nam victi cecidere hoſtes, paucique cruore
33 1163 594 1197 Aſperſi tamenad ſedes rediere paternas.
34 1196 562 1232 Et ſua viderunt verſis voa irrita fatis.
717 1231 815 1258 Te m
