863 1358
282 57 591 84 LAVRENTII
41 99 554 133 Te mare, te tellus, cœli te regialaudat,
45 133 622 167 Cæleſteſque chori, lætæq; per oppida gentes
41 167 657 201 Europæ, quæ te Dominum, Patremq; fatentur,
43 200 617 233 Inſigni ſuper aſtra ferunt te laude; tuumq;
43 231 693 265 Nomen, & annales condunt; quibus inclyta facta
42 266 677 300 Deſcribunt, quæ detra potens tua fecit in vndis
43 300 604 332 Ioniis, noſtri vt poſſint hæc ſcire nepotes,
43 332 736 367 Teq; colant vnum, penes eſt quem quidquid ab alto
44 367 610 401 Adſpectat, cœli cum Sol tenet arduus oras:
44 400 581 434 Iſtiuſq; ſacræ memores ſint lucis, & aras
42 434 640 466 Ante tuas tibi digna canant præconia laudis.
43 465 683 500 Tuq; illorum animas, fuſo qu ſanguine pro re
45 499 569 532 Romanâ, ſacrisque tuis, patriaq; ruenti,
44 532 762 564 Vulnera per,pulchramque necem cecidere ſub armis,
47 565 576 598 Sidereas ſupra ſedes, qua fulget Olympi
43 600 599 633 Regia, duc tecum, & ttâ ſtatione repone.
45 632 658 665 Et vos ftherei fontes, quos non vagus imber
45 666 697 698 Verberat, aut pedibus turbat fera, vel grauis æftus,
47 699 591 733 Aut ramis folia arboreis delapſa; ſed eſtis
47 733 649 766 Perſpicui, gelidique Deum laudate, manu qui
46 766 643 798 Pro nobis valida noſtros pugnauit in hoſtes,
47 799 623 833 Tu quoque Sol, qui vidiſti ſublimis ab alto
47 834 685 866 there pugnantes pacata per æquora puppes,
42 866 733 899 Et nunc tu canere, atque vrbis per compita pompas
47 899 646 932 Ducere ſolemnes lætus nos aſpicis; heu quam
46 932 567 965 Exiguæ ſunt, & tenues, te iudice grates,
46 966 607 999 In nos pro tantis meritis: qui contulit ille,
48 999 616 1025 Ille ſator rerum, & tanti ceriam nis auctor:
46 1032 642 1066 Iam circum ſeptem colles, ques diuidit vnda
49 1066 659 1100 Tibridis, & cuiſu præclaram inteiluit Vrbem,
48 1100 616 1132 Lætitiâ magna exultant, atque ardua voces
49 1132 583 1159 Terrarum lætas ad ſidera lucida iactant,
48 1164 688 1197 Atque nouis reſonant paſſim concentibus autar
48 1197 676 1227 Ipſa coronatis Tuſcum mare cornibus intrant
43 1229 682 1269 Fuuina, qu cutrunt de fontibus Apen
708 1267 861 1308 Certaqs
