862 1351
299 60 580 95 GAMBARÆ.
770 70 830 96 irog
53 109 610 148 Ce:taq; venturis declarant gaudia ſæclis.
53 145 664 181 Tuq; Pie antealios lætare o Quinte, tenes qui
51 180 671 213 Peruigil in terris Chriſti ſedemque locumque:
49 211 733 246 Nam ſonge es felix, ſub quo Deus optimus hoſtem,
49 246 754 279 Hoſtem opibus, ſimul & terrâ pelagoque porentem
47 280 571 314 Merſit in Ioniis vndis, qui fœdere rupto
47 312 677 346 Impia in inſontes Venetos iam verterat arma.
47 346 642 379 Ee Cypri regno expulerat, victorque tenebat
47 380 634 412 Totius pelagi imperium. ſed det tibi tantum
48 413 662 446 Omnipotens vitæ ſpatium, quo cernere poſſis
46 446 628 479 Illum amittentem terras, amiſit vt æquor,
47 480 645 513 Et dantem meritas effuſo ſanguine pœnas,
46 513 620 547 Pacatum & videas lætis ſucceſſibus orbem,
49 546 649 580 Erranteſq; greges Romana in ſepta reducas;
50 580 697 614 Qui vacuos tondent ſaltus, dumetaque ſyluæ
50 613 695 647 Hercyniæ, gelidique bibunt qui flumina Rheni,
51 646 696 680 Quosq; ferus verſat paſtor per prataBritannus:
50 680 654 713 Nam tua barbaricæ populantur ouilia gentes,
44 713 652 747 Quæ rectas liquere vias, iuſtumque piumque.
49 747 706 780 Tum iuuenem Pater alme tuâ pietate;tuumque
49 779 748 813 Ob numen ſerua incolumen, quem bella gerentem
46 813 637 846 Indomitas contra gentes, populosq; rebelles
45 846 537 874 Vidiſti toties ad curui flumina Bætis,
36 878 722 913 Germanique ſimul referentem in regna Philippi
45 913 580 947 Victrices aquilas, & cæſis hoſtibus arma:
43 945 720 979 Atque ipſum hunc etiam voluiſti ducere claſſem,
45 980 618 1012 Atque illi ſummam voluiſti credere rerum,
43 1012 623 1048 Effice, vt ipſe etiam faſces in regna reducat
43 1046 618 1081 neadum amiſſos olim, lauroq; reuincta
43 1079 736 1116 Roma comas, Macedum populis, Bactrisq; ſubactis,
41 1113 809 1150 Quique colunt Libyam, & Nilum, det iura, iugumque
41 1146 667 1180 Excutere impoſitum poſſit, violentaque fræna.
40 1180 703 1213 Huic etiam pater omnipotens da, maior vt ipſo
43 1212 660 1248 Sit patre, bellando quamuis tot vicerit vrbes,
42 1246 667 1282 Viderit & captos regesfuſasq; phalanges.
739 1280 843 1308 Et te
470 1282 610 1316 Gsss
798 1323 856 1340 .
