849 1348
308 31 612 59 LAVRENTII
61 73 630 110 Et regno ſumptis in regna reduxerit armis,
60 109 685 144 Expulſum regem, qua Bagrada currit in æquor.
37 143 645 169 Hæc tibi Alexander cecini,dum tu colis oras
60 176 661 210 Vmbroſis gelidus quas Farfarus irrigat vndis,
61 209 604 243 Commiſſisque tibi populis ciuilia reddis
59 243 635 277 Iura tuis, rituſque ſacros, & templa reuiſis,
61 276 663 311 Criminaq; & vitas diſcis. tu perlege quæ iam
59 310 605 344 Iam toties votis optaſti. & gaudia mecum
61 342 739 379 Tu cape, & ante aras,pronus, ſupplexque age grates
58 377 680 410 Immenſasque patri æterno, qui merſit in vndis
58 411 613 445 Ioniis Turcarum acies inimicaq; vela;
58 443 624 477 Atque alias magno grates perſolue parenti,
61 476 686 509 Qui cupidum belli in patriam ſedesque reduxit
56 509 733 543 Farneſium iuuenem,qui nomine te quoque reddit;
57 542 715 576 Dunerat ad bellum quem clarus auunculus armis:
57 576 596 609 Illius virtutem animi, roburque iuuentæ
56 608 674 642 Admirans, puer aduerſos dum tendit in hoſtes.
203 644 726 677 In rgem Turcarum poſ amiſſam claſſem.
55 676 726 711 Perfide Turca, tuo quid verſas pectore; poſtquam
55 711 656 744 Amiſſam pelago claſem, ftragemque tuorum
54 744 601 779 Audiſtilquâ confiſus tepoſſe putabas,
56 777 704 812 Non ſolum Adriacos fluctus, Tyrrhenaque ponti
56 810 752 846 Cærula, & Heſperii maris æquora, ſed quoque vaſtos
55 845 701 878 Cannibalum penetrare ſinus, victorque referre
52 878 707 912 In patriam prædam ingentem; regeſque, duceſq;
52 912 680 945 Ante tuos currus captiuos ducere; & vrbem
54 944 707 978 Per mediam, rapida quam Boſphorus alluit vnda,
53 979 656 1012 Ire inuectus equis, auro, gemmiſque ſuperbus;
54 1011 711 1045 Poſcere & ætherios patrs omripotentis honore.
53 1046 743 1079 Namque mare vndabat bello, atque iniecerat atrum
52 1078 752 1112 Tunc hominum terrorem animis tua barbara claſſis.
53 1111 670 1145 Sed nunc, en quantum tuate ſpes vana fefellit,
52 1145 638 1178 Atque incerta vides:quoniam ſic euenit illi,
52 1177 837 1212 Qui numerum obbellantum audax ſpem collocatvomnem
52 1211 622 1244 I regniopibusque ſuis: nec cogitat iram,
727 1251 841 1287 Qm
