857 1344
741 20 855 56 Ios
233 37 554 69 G AMBARÆ
24 73 719 126 Quam Deus omnipotens in ſontes vertit iniques.
23 115 503 152 Et nunc à Venetis Epiri in litoris ora
24 146 567 184 Audiſti euerſas acies, fuſasque phalanges.
25 171 696 220 Nec dubita, ipſa manus Domini fortiſq; potenſq;
26 207 726 261 Quæ gentem, claſſemq; tuam; mox te quoque victum
24 240 683 293 In noſtras eadem ipſa manus, Turca impie. tradet;
25 275 650 326 Atque manus geminas vinctus pedes ibis ad alta
26 311 576 353 ermixtus ſeruis Capitolia, non ſine durâ
29 341 680 392 Compede: & inſignes iuuenis aget ille triumphos
28 379 559 418 De te ſublimis curru qui nuper in vndis
28 413 549 457 Ioniis ducente Deoclaſſemque tuoſq;
28 448 476 490 Ductores pugnà nauali vicit; & irâ
32 474 662 523 Tunc magnâ pater accenſus numenque genuſq;
31 518 541 553 Delebit, Selime, tuum, veluti per aperta
31 544 666 593 Plana lutum, valido aut puluis diſiectus ab Euro,
33 579 693 626 Inque tot ærumnas commiſſa ob noſtra, Tyranne
34 608 673 653 Crudelis, nos incidimus; quarum haud tua claſſis
36 645 737 686 Cauſa fuit, non turmæ equitum peditumque cateruæ,
36 682 547 725 Sed Deus ipſe tuas, nobis iratus, im iras
36 708 682 753 Nos miſeros totiens conceſſit & oppida, & vrbes:
36 745 624 788 Et nunc, cum ſitnos cœlo miſeratus ab alto,
36 779 665 825 Et precibus noſtris non obſtruatvt priusaures;
37 816 582 854 Iras in te acuet, quas olim exercuit in nos.
37 840 748 893 Atque etiam tantis vrbs quondam aſſueta triumphis,
41 877 672 921 Noſtrorum & ſpoliis diues; quam nunc ferus ille
39 912 647 957 Incolit, atque tui contemptor numinis, 0 Rex
42 946 613 992 Omnipotens cœli, & terræ, tu turturis inſtar
42 978 672 1026 Quæ nuper thalami conſortem amiſit, & implet
43 1011 721 1055 Febilibus nemoris nigrantem queſtubus vmbram:
41 1052 579 1091 Mortua nauali pugnà, diſiectaque ponto,
43 1077 636 1118 Et monſtris laniata auidis, tua corpora defle;
42 1116 520 1158 Bt pro ſepoſitâ palla, te veſtibus atris
44 1143 713 1190 Indue, & obſcuris lacrimans te conde tenebris:
46 1182 567 1222 Tantæ inſperatæ clad is teſtata dolorem
42 1209 670 1254 Inſolitum;dehinc lætitiam ludoſque repende
471 1234 827 1280 Gg Exactos
