866 1358
253 33 590 60 OMPONII.
35 41 94 68 Ios
24 79 567 116 Exactos gemitu mœſto, caſuque recenti.
38 114 533 146 Tu verò Deus è celsà qui ſede tuâ nos
22 145 641 181 Proſpectas, dum thura tuas adolemus ad aras,
37 178 641 213 Et canimus te præſidium, præſensque fuiſſe
36 211 684 246 Robur n Ionio, dum ponto fregimus hoſtem
22 244 720 280 Threicium, lætique domum, ſpolia ampla, ducesque
37 278 661 315 Retulimus; da quod populus tuus inſuper orat,
37 314 676 351 Supplicibusque petit precibus: ne iactet amarus
26 347 608 381 Seſe hoſtis rerrâ pugnans viciſſe, marique
20 380 665 414 Dicat & inſultans; Deus illos liquit, & vltra
36 414 600 447 Illius non dextra tegit, nec pugnat, vt olim:
37 446 630 482 Iſmariam ſed tu primo in certamine claſſem,
31 480 709 515 Armaque pugnantesque viros, vaſto obrue ponto;
23 513 645 547 Inſtructæque iuuent illum non mille triremes;
24 547 637 580 Bellantum non mille acies; ſed victus in armis
40 579 611 613 Occumbat, tingatque ſuo frera ſalſa cruore.
94 655 806 700 OMP C
31 666 70 691 D
241 733 606 767 Crphus. Thamyras. Eſga. I.
31 771 654 814 ICITEPierides vatum certamina Muſæ,
39 810 662 844 VDicite magnorum Muſæ certamina vatum:
38 845 593 876 Scitis enim, nec vos fallit ſpacioſa vetuſtas:
33 877 635 906 Dicite:mortales multum meminiſſe iuuabit.
39 911 670 946 Orpheus & Thamyras ſub opaci collibus Hæmi
40 945 695 977 Conſtiterant, mites Lephyros & frigora captant.
38 978 667 1012 Hlc ne fruſtrà vllum traheretur in otia tempus,
38 1012 633 1047 Ambobus placuit certatim dicere verſus,
37 1046 602 1079 Dulciaq; alterno modulari carmina cantu.
37 1079 639 1111 Tum demum faciles per florida prata Napeæ,
38 1112 635 1146 Tum pariter montis, fluuii, nemoriſq; puellæ
37 1146 631 1172 Aduenere omnes, arrectis auribus omnes.
35 1177 630 1210 Adfuit Aonidum Phœbus pater. adfuit Euan,
35 1211 549 1244 Slenusq; ſenex celeri profectus aſello;
704 1245 820 1270 Et Sa-
