864 1353
305 27 580 63 GAVRICI.
765 19 862 52 ar
31 71 704 105 Stant nubes circum, certum eſt mihi velle perire
16 105 605 138 Ac periiſſe iuuat. ſortes amantis amarasl
70 138 673 172 Fingite olorinos mea carmina, fingite cantus.
32 171 764 206 Quid loquar? anne rogem ventos Lephyrosq; fugaces.
32 205 774 237 Me miſerum, quid me miſerum? modo claude dolores.
16 238 653 265 Heu moriare. tuis ſunt vocibus omnia ſurda:
36 271 628 305 Omnia ſurda. tuas capiant age fata querelas.
71 305 677 338 Fingite olorinos mea carmina, fingite cantus.
15 339 635 371 Ocur ſæuepuer, cur O fugis Orphea vatem?
35 371 680 405 Cur heu, cur noſtros ſperni male gratus amores.
16 406 631 439 Non ſunt mortales qu me genuere parentes:
19 439 660 473 Calliope mater, pater eſt mhi magnus Apollo.
72 474 687 506 Fingite olorinos mea carmina, fingite cantus.
39 505 601 539 Non mea ſetoſis ſunt aſpeia corpora villis;
20 537 811 573 Nec mhi barba riget. quid me fugis improbe? non ſum,
39 574 636 605 Si bene me noui, non ſum tibi turpis amator.
38 605 639 639 Nam cur me hoc dono Cyllenis attentaſſe?
74 640 676 674 Fingite olorinos mea carmina, fingite eattus.
22 672 620 706 Pr dolor& ſiluis auditaq; carmina luſtiis,
40 707 611 741 Quæenire etiam Hircanos potuere leones,
20 740 638 774 Quæ potuere altis deducere montibus ornos,
38 773 612 806 Non potuiſſe tamen puerilia flectere corda?
75 807 678 840 Fingite olorinos mea carmina, fingite cantus.
39 840 603 874 O formoſe diu, mea maxima cura, Lyconi,
21 874 592 906 O nimium dilecte, & me mihi carior ipſo,
23 906 734 941 Non te hæc noſtra mouent ſuſpiria? nonne dolores?
39 940 748 974 Non lacrimas, gemitusq; meos, puer improbe, ſentis?
73 975 674 1008 Fingite olorinos mea carmina; fingite cantus.
21 1007 678 1039 Non ſic; non, non ſic ſemper tua forma virebit.
32 1041 617 1074 Non hoc ſemper eris. furtiua relabitur ætas.
37 1074 626 1107 Adſpice quæ Paphium miſere roſaria florem,
39 1108 635 1142 Qum iaceant neglecta ſuo ſpoliata decore?
72 1141 672 1173 Fingite oloritos mea carmina, fingite cantus.
38 1172 742 1208 Gratus amor Superis. magni quoque rector Olmpi,
1 1206 686 1245 Iupiter omnipotens, nil tam ſua fulmina, nil tam
739 1240 818 1270 Opta-
