871 1353
260 45 552 84 POMPONII
31 99 604 135 Optaret metui, quàm ſeſe mallet amari.
33 131 671 169 Tu qui amant ſpernis? qui te coluere relinquis?
65 166 662 201 Fingite olorinos mea carmina, fingite cantus.
32 198 668 236 Sed quid in olios tranſmittimus omnia rupest
32 234 525 267 Dirior ille irata tigride, ſæuior hydro,
33 266 607 302 Surdior Icarii ſcopulo maris, omnia temnit,
32 301 602 335 Nil audit, nil nil teq; aut tua carmina curat.
68 333 707 361 Claudite olorinos mea carmina, claudite cantus.
32 367 635 403 At non Phœbeos ſpreuit Hyacinthus amores,
33 400 617 435 Non formoſus Hylas duro fuit aſper amanti,
31 435 515 468 Idalius nullâ puer efferitate notatus.
33 468 633 499 Dulcia mella alii, tu abſinthia amara reportas.
69 500 712 529 Claudite olorinos mea carmina, claudite cantus.
35 535 573 570 Quid facias illis qui triſtia fata minantur,
34 568 658 603 Si qui promittunt animum tibi, lædis amantes?
36 601 603 637 Quid facias illis qui dulcia munera tollent,
35 634 640 670 Si tibi qui vitam cupiunt dare, ſæuus es hoſtis?
68 668 708 697 Claudite olorinos mea carmina, claudite cantus.
33 700 748 737 En citharam, en plectrum, noftri cape ligna triumphi.
32 737 664 770 Plectra lyramq; tibi concedimus. ite Camœnæ.
34 770 594 802 Viciſti, lætere puer, puer improbe gaude
33 803 605 836 Viciſti infernas qui carmine vicerat mbras.
68 836 714 863 Claudite olorinos mea carmina, claudite cantus.
35 869 588 904 O ego ſi nullos noſſem maleſanus amores,
37 903 616 937 Aut potius ſi ſi contentus amore fuiſſem
37 936 570 972 Vſque tuo, Calai, matris decus Orithyiæ.
38 967 669 999 Sed mea ſic, ſic me miſerum mea fata trahebant.
72 1001 714 1031 Claudite olorinos mea carmina, claudite cantus.
24 1036 627 1072 Eheu quid teſtat miſero mihi? ſpiritus, eheu
26 1068 705 1105 Me fugt, & mecum, mecum mea cuncta recedunt.
39 1102 745 1138 Heu morior: nullum pietas mouet. hoc erat, hoc hoc
38 1136 708 1173 Quodq; feræ obſcœnæq; monebant voce volucres.
30 1167 716 1195 Claudite olorinos mea carmina, claudite cantus.
39 1200 661 1235 Terra ſuos fructus omnes neget, vndique venti
37 1233 669 1269 quora diripiant; cunctæ ad fera prlis gentes
706 1251 854 1300 Ooum-
