861 1359
320 42 567 67 GAVRICI.
786 48 838 70 2r
55 73 669 105 Oeeumbant: omnes fato moriantur eodem,
56 108 575 140 Et nihil in toto fiat nisi flebile mundo.
89 141 734 174 Claudite olorinos mea carmina, claudite cantus.
54 174 741 209 Nam quid erat, mecum hic grata iacuiſſe ſub vmbrâ
56 209 638 243 Argoos Minyas, diuinaq; ſacra canentem,
55 242 660 275 Interdumq; meis complexibus indulgentem,
53 275 652 311 Ipſam æternorum vitam didiciſſe Deorum?
90 309 732 338 Claudite olorinos mea carmina, claudite cantus.
53 343 685 378 Calliopeia parens, & carmina noſtra valete3
55 376 697 410 Tuq; vale o nimium male ſemper amate Lycon,
54 410 607 445 Tuq; Lyconi vale; noſtro ſatiare cruore.
53 444 624 475 Exſatiare; tuo hæc ſint dulcia mella palato.
90 477 738 506 Clanite olorinos mea carmina, claudite cantus.
53 510 588 540 Finierat vates; iam demum ſaxa videres
56 544 625 577 Hiſcere, tum pariter ſiluasq; ferasq; ſecutas
56 576 774 611 Ingemere, & mœſtum inter ſe ingeminare dolorem
55 611 558 636 Protinus aërio Parnaſi verticemontis.
58 644 655 677 Nam celſo e Pindo præcephucfama volarat:
57 677 690 710 Adcurrit chorus Aonidumum matre ſororum,
57 711 617 744 Adcurrunt quibus eſt cœli terræq; marisq;
57 745 630 777 Imperium Diui.pars commœrere dolendo
58 778 599 811 Ereptum vatem, pars & gaudere recepto.
57 811 623 845 Ergo vbi cœleſtum iuſtis de more peractis,
58 845 653 878 Ne cicones poſſent quicquid offeciſſe puellæ.
59 876 729 911 Structa pyra eſt, ſacrum deerat quæ tangere corpus
56 911 716 944 Digna foret. ſacram demittit ab æthere flammam
57 944 666 977 Hauſturam flammam dilecti membra nepotis,
56 977 724 1016 Iupiter, ac tumulum hoc ſignarunt carmine Muſæ.
59 1013 677 1059 O s&iydpr Ogia, ioo oidr,
101 1052 554 1091 Hrr glu oyis gril.
59 1092 604 1126 Sic ille egregius, Bacchi Muſure ſacerdos,
42 1126 635 1159 Ad cuius totus plaudebat carmina mundus,
58 1159 683 1193 Non mquam potuit præhamati ſpicula Amoris
57 1192 739 1226 Effugere, atq; animo tam diram auertere peſtem.
59 1226 637 1261 Aſt illum meritas tanto pro crimine pœnas.
749 1259 847 1291 Expe-
