862 1354
293 69 591 95 POMPONII
47 79 103 102 I214
47 109 670 146 Expendiſſe ferunt. nam dum clamoribus acer
46 144 567 180 Venandiſtudio montes ſiluas q; fatigat.
46 178 708 211 Dente ferocis apri diſſectus ab inguine ventrem,
46 211 660 245 Præda fuit ſic Dii ſuperi voluere ferarum,
46 245 593 285 Quas omnes vno geſtabat pectore claulas,
45 278 695 319 Vriorumq; canumq;, importunûmq; luporum.
274 313 482 345 De ſtatu Medee.
31 345 639 413 r
44 410 748 446 Tardat amat facinus: ſtrictum dolor incitat enſem:
78 446 612 484 Vult, non vult natos perdere & ipſa ſuos.
215 479 499 512 Decrœſo Diogne.
44 513 666 548 Diogenem Pluto venientem ad Tartara nouit;
79 547 570 579 At Crœſum nouit Diogenes Cynicus.
44 580 688 616 Quem poſtquam fuluas captantem vidit arenas,
63 614 622 648 Dum Stygios aurum credit habere lacus;
43 647 596 680 Accedens propius, viliq; inſtratus amictu;
77 680 519 713 Irridens, dictis talibus increpuit.
43 711 841 746 Maior adhuc ſors, Crœſe mea eſt: quæcunque tenebam
79 747 693 781 Cuncta habeo mecum; tu nihil, inquit, habes.
271 782 458 815 Doctus pauper.
43 813 575 847 Dii quibus ingenii dotes tribuere beatas,
77 848 518 880 Hllis diuitias Sors inimica negat.
268 882 456 912 Ad Maerinum.
40 913 658 948 Fortunæ miraeſt, Macrine, ac ſumma poteſtas,
76 948 636 982 Parua cito creſcunt, maxima quæq; ruunt.
40 981 630 1014 Deponent tumidas mentes, faſtusq; ſuperbi;
77 1014 647 1048 Aurea poma arbor; flumina mella dabunt:
42 1048 731 1080 Nec Boreas iuncum poterit maluamve mouere;
75 1082 606 1116 Et rurſus magnas ſternet humi platanos.
201 1117 618 1147 De ifelicitate rerum humanarum.
39 1148 701 1181 Quis queat humanæ tot ferre incommoda vitæ?
68 1180 587 1214 Humanæ vitæ quis mala ferre queat?
40 1212 592 1244 Si vitam viuas vrbanam, iam tibi præbet
40 1245 618 1280 Mille domus curas, iurgia mille forum-
788 1237 860 1326 s
