848 1343
283 48 523 86 GAVRICI.
29 90 622 121 5in tua rura colas, circumſtant mille labores;
59 126 563 158 Et pelago tecum mors comitata venit.
29 158 592 192 Nulli gratus . nops: admota vxore quietem
64 191 534 224 Ne ſperes: viduo nec potes eſſe toro.
30 225 643 257 Orbus; eris ſine piole: graues in prole labores.
64 257 571 287 Mente labat iuuenis: debilitate ſenex.
29 289 638 325 Nil quoniam ſupereſt quod me vixiſſe iuuabit,
61 324 618 359 Optandum miſero nil, niſi poſſe mori.
257 367 401 398 De Tempore.
31 404 688 438 Cuius opus? quondam yſippi. dic mihi quis tu?
63 438 708 472 Tempus. quidnam operæ fit tibi? cuncta domo.
32 472 724 504 Cur tam ſumma tenes? propero, ſuper omnia velox.
65 506 595 537 Cur celeres plantæ? me leuis aura vehit.
34 537 646 571 Cur tenuem tua dextra tenet tonſoria falcem?
68 571 590 605 Omnia noſtra ſecans radit acuta manus.
34 605 611 638 Cur tibi tam longi pendent à fronte capilli?
64 638 625 671 Fronte quidem facilis ſum bene poſſe capi.
35 671 573 703 Cur tibi poſterior pars eſt à vertice calua?
67 704 606 737 Me quia poſterior prendere nemo poteſt.
33 737 645 776 Talem me finxit quondam Sicyonius hoſpes,
66 771 587 804 Et monitorem hoc me veſtibulo poſuit.
33 804 745 840 Pulcrum opus artificem laudat; proh Iupiter: quàm
32 837 523 870 Debuit hoc pigros ſollicitare viros
262 879 457 912 De fuga temporis.
29 916 809 955 Heu ſortem miſerandam hominum, vitamq; pigendam;
65 950 566 985 Qum miſerâ nati conditione ſumus:
30 986 727 1028 Non ita Maurus eques, ita non leuis aura Fauonii,
68 1017 667 1050 Non ita per noctem ſomnia viſa breuem;
32 1049 652 1083 Qum cito formoſæ præteruolat aura iuuentæ,
61 1084 588 1121 QuAm cito iucundi temporis hora fugit.
28 1117 682 1153 Hora fugit; curæ accedunt; morbiq; ſequuntur;
63 1151 633 1185 Occupat & tremulum curua ſenecta capus.
29 1183 622 1220 Stulti mortales; lugemus morte peremptos:
60 1217 583 1260 gendu ætatis cum peit ipſe decor
739 1260 819 1285 mu
