859 1352
47 27 718 53 isLVCÆGAVRICI.
309 70 514 94 Virtus immortats.
46 101 642 130 Omnia debentur morti? mors omnia ſoluit?
84 137 640 162 Omnia mors vineit? omnia mortis erunt.
48 169 761 215 Nil veri iſtud habet: neſcit mortem inclita Virtus;
82 203 599 228 In mortis Virtus non venit arbitrium.
275 238 569 268 Diuitiurum contemptus.
45 269 607 303 Quid mihi diuitiæ? valeant mortalia vota;
81 303 566 336 Quæ ſemper magni cauſſa fuere mali:
43 335 658 370 Talia quis demens optarit habere, frequenter
78 369 544 403 Quæ domino fiunt pernicioſa ſuo?
46 403 594 437 Sat diues, quiſquis Naturæ munere paruo
79 438 573 470 Contentus, vitam quo tueatur habet.
43 469 635 502 Ah curuum genus, & veri corda inſcia: fæces
79 502 537 528 Terrenas ſummo creditis eſſe loco.
43 536 718 570 Quàm melius Schyticæ gentes, quæ talia ſpernunt,
79 570 690 610 Quæ ſat habent plauſtris poſſe manere ſuis.
44 603 612 637 Spectetur virtus, virtus ſpectetur vbique:
80 637 547 669 Cetera mortali condtione manent.
43 669 594 705 Cetera ſunt homini vario pendentia caſu:
77 704 558 741 Quæ venit ex factis glorla vera venit.
151 790 332 807 T
151 792 711 825 CEGGVVR
609 793 707 810 I
234 839 633 870 GEOPHONENSIS.
327 883 534 919 Virtus immortalis.
57 925 825 960 AVRVM quid prodeſt homini? quid gloria? quid vis?
41 959 617 993 Pallida Mors dira ſingula falce metit.
42 992 708 1026 Nil aurum, nil pompa iuuat, nil ſanguis auorum.
75 1027 609 1061 Excipe Virtutem, cetera mortis erunt.
303 1062 479 1085 Homininis vilitas.
41 1093 716 1127 Puluis & vmbra ſumus; pulum nihil eſt niſi fumus;
74 1126 632 1159 Sed nihil eſt fumus; nos nihil ergo ſumus.
40 1159 673 1194 Hora fugit, celeri properat Mors improba paſſu;
75 1191 577 1232 Et tegitur clo quidquid acerba rapit.
740 1236 857 1266 Vius
