853 1356
179 48 827 82 VBALDI GENVENSIS. I
310 95 532 121 Virtus ante aurum.
6 114 632 159 Et auro & gemmis pretioſior inclita Virtus:
809 143 851 182 C
75 160 563 194 Ingenii quoniam famæ perennis erit.
3 242 753 298 VBAL GENVENSIS.
148 306 698 342 De duelo Fed. Sauorgniani & Marti Colloredi.
38 352 707 386 VM gemini iuuenes, peperit quos Iulia tellus,
38 380 645 417 Ambo pares annis, inuictis viribus ambo,
38 418 646 453 Effoderent nudum per mutua vulnera pectus,
38 453 567 479 Vidit, & ex alto veniens Pa aurea cœlo
37 486 659 519 Sanguine rorantes pugnantibus abſtulit enſes;
37 520 614 555 Ac tali ambiguum certamen voce diremit:
36 553 637 587 Eſte pares in amore, pares velut eſtis in armis.
122 624 732 679 PETRIGHERARDII.
193 701 655 739 In defunctos prælis nauali contra Turcas.
33 746 758 816 Mer e -
30 813 577 850 .ternamq; ſibi vitam, nobisq; pararunt
65 846 593 881 Otia Chriſticolis longa per Auſoniam.
273 890 471 923 De eadem pugna.
27 921 694 955 Dardanidum Veneti genus, & Romana iuuentus,
62 955 637 988 Dux quibus ad bellum præſidet Auſtriacus;
25 988 644 1023 Argiuâ cum clafſe manus, atque hoſtibus Afris
58 1021 523 1049 Fluctibus in mediis conſeruere ſali.
24 1055 684 1091 Dum pugnant, ſpargunt faces, & ſpicula vibrant;
56 1089 486 1121 Scinduntur dubiâ ſeditione Dei.
24 1122 631 1156 Mars à Romulidis, & Troiæ Cynthius author
54 1156 509 1188 A Venetis toto pectore ſtare ferox.
21 1189 611 1223 At pelagi domitor Danais, Vulcanus & Afris
56 1223 580 1259 Ore fauerer& opem ſuppeditare ſimul.
717 1254 811 1283 Adtæ
455 1257 554 1284 Hh h h
