862 1355
289 60 611 92 GHERARDII
777 74 831 98 2
47 98 605 135 Et digna et ſacris celebri certamine ludis;
79 135 574 171 Et victor Phœbus, Pythia qui meruit.
208 171 486 198 Adhuc, deveadem.
46 202 713 237 Non iam Luna marifulget, ſed merſa profundo et
43 235 606 263 Lumine caſſa. fretum Solis ſub luce ſerenâ
42 270 654 302 Nauita percurre: hæc tutum per cærula cunctis
43 302 677 338 Reddit iter, qui claſſe parant accedere portum,
40 336 531 369 Felices degant vbi veræ tempora vitæ.
300 373 416 396 I Turcas.
34 403 675 437 Candida Luna orbem totum complere parabat:
77 437 579 463 Cornua ſed miſeræ fracta fuere modo.
197 472 549 504 In Auguſtinum arbadicum.
24 503 607 539 Vt ſaluum nouit clypeum, de pectore duxit
76 538 590 572 Thebanus iaculum dux, obiitq, libens.
32 571 598 604 Vt bene rem pelago ſenſit ſuccedere, traxit
73 605 666 634 Dux Venetum ex oculo miſſile, obirevolens.
34 640 585 672 Lætus vterque perit pro libertate tuenda,
74 672 580 706 Lætus & hoſtiles fregit vterque minas.
37 707 534 740 O tari virtute duces, & carmine digni
74 739 563 772 Perpetuo ofelix patria, quæ genuit
33 772 519 805 O priſcis potius ſæclis oriunde beatis
72 805 656 838 Dux Venetum, vt ſapiens Græcia te caneret
293 841 419 870 In eundem.
39 872 590 906 ictori lumen tibi Barbarus hoſtis ademit,
72 907 573 940 Vltima ne caperes gaudia Barbarice.
294 942 421 965 In eundem.
39 968 604 1008 Non licuit ſpectare oculis quæſita trophœa
71 1007 546 1040 De Turcis pelago dux tibi clare feris.
37 1039 668 1074 Nam tibi quæ eripuit iucundum lumen arundo,
70 1074 577 1108 Illa eadem vitam proh dolor eripuit.
279 1108 420 1132 In eundem.
35 1140 577 1174 Lietora pro tumulo ponas, victasq; carinas
68 1172 532 1206 Deſuper, vt forti ſint pia bufta duci.
35 1205 676 1239 Iſmariumq; nota Mauortem in pronte ſepulchri
66 1239 720 1276 Et Selymum: hoc tumulo contege arbaricum-
747 1273 820 1299 Voc-
440 1272 583 1300 Hh hh
