843 1356
331 48 496 73 PETRI
14 54 110 79 It2o
37 87 612 123 Vociferansq; Leo ſuper adſit, qui mea dicat
72 123 682 157 Geſta. breui magnum quid tumulatis humso?
264 165 440 187 In eundem.
36 195 624 229 Lumen eras Venetæ dux illuſtriſſime gentis:
37 229 592 263 Atque idem tenebras orbatus luce tuliſſes
36 263 510 296 Illi, ni multo per te quæſita labore
36 295 590 330 Splendorem miſeræ Victoria læta paraſſet.
297 336 425 361 In eundem.
37 368 565 402 Aſſiduo Veneti perdebant lumina letu,
74 402 567 436 Quod dux illuſtris Iumine caſſus erat.
15 436 578 462 Non tulit in tenebris Victoria læta iacere
69 468 561 510 Hos, & ſecunctis cernere poſſe dedit.
263 512 465 544 De Triumuiratu.
35 543 499 577 Quæ victrix fuerat potensq; Roma,
33 577 429 611 Paulatim cecidit Triumuiratu
33 611 407 645 Antoni, Lepidiq; Cæſarisq;:
34 645 572 678 Clades inde quot Actium ſequutæ?
34 678 521 712 Quot Mundi caput vrbs tulit ruinas?
33 712 467 745 At victrix iterum potensq; Roma
31 745 445 779 Se mox reſtituit Triumuiratu.
34 778 484 812 Nam Pii, Venetum, Auſtriiq; vires
30 811 505 844 Hoſtem non procul Actio ſuperbum
31 846 507 879 Fregere vnanimes, & expauentem
30 878 458 912 Romamq; Italiamq; recrearunt.
31 912 499 945 Gaude, Roma potens, Triumuirat
29 944 446 978 Hoc breui caput orbis es futura.
187 987 547 1019 Ad Lunm, infigne Tureatum.
27 1018 630 1053 Lumine Luna notho credis te poſſe volucrum
62 1053 602 1085 Lædere reginam, dum volat illa mari?
27 1085 575 1115 Falleris: hæc oculis radiantia lumina Solis
56 1118 555 1154 Suſtinet; & temnet lumina parua tua.
222 1159 514 1192 In obitum FabijGratiani.
22 1189 620 1221 urtriſtes, animoſe Fabi, tua funera flemus
49 1221 595 1260 Funeta nonlacrmis ſuntdecoranda tua,
694 1259 841 1306 Numt
