858 1348
292 49 616 74 GHERARDII.
782 40 856 83 I
48 90 659 126 Namq; vbi tu melius poteras fudiſſe cruorem,
86 125 632 159 Aut vitam melius ponere, bella ſequens?
50 158 631 192 Eſt tibi profuſus Chriſti pro nomine ſanguis
48 192 575 226 Qui pro te ſanguen fuderat ipſe prius.
48 225 610 260 Tu mortem Chriſti pro relligione ſubiſti;
81 259 543 292 Pro te ſuſtinuit qui prius ipſe mori.
47 293 578 325 At tibi perpetuà, iuuenis fortiſſime, vita
81 326 605 359 Mutatur tenebris mors adoperta caput;
45 359 579 394 Et Superûm pennis ſublatus, regia Cœli
81 392 584 427 Tecta petis, ſummo perfruerisq; Deo.
266 429 410 453 In eundem.
28 457 651 495 Quæ tibiglans niueum traiecit ahenea pectus,
82 495 602 526 Suſcepto igne cauis molibus acta, Fabi;
43 528 607 561 Eripuit dulcem tibi vitam, & gaudia nobis
79 561 590 594 Abſtulit, & patriæ ſpemq; decusq; tuæ.
43 593 670 634 Nam tu noſter eras amor, & ſuprema voluptas;
77 628 577 661 Et patriæ lumen, præſidiumq; potens.
38 662 624 695 Sed tibi nec dulcem vitam glans abſtulit illa,
75 695 560 728 Quin vita eſt dulcis parta cruoretibi.
42 728 609 762 Nam tu cœlicolum ſtellanti in ſede locatus
75 761 567 796 .uum cum ſuperis ſorte beatus agis.
38 794 638 829 At nos in tenebris luctuq; relinquis amicos.
74 829 562 862 Et patriæ demis ſpemq; decusq; tuæ.
318 864 400 887 Eidem.
37 890 692 929 Pro Chriſto tibi mors breuis eſt, animoſe, petita,
72 930 605 963 Qui te immortali morte redemit amans.
39 961 693 997 Vita breuis tibi pro Chriſto eſt, animoſe, profuſa.
70 997 562 1030 Qui tulit æternam vectus ad alta tibi.
39 1029 571 1063 Onimium felix letum, nimiumq; beata
72 1063 524 1097 Vitapias ſedes hæc peperere tibi.
244 1098 460 1129 In eiuſdem obitum.
26 1122 654 1164 Dum tendit Fabius per barbara tela, per ignes,
74 1164 604 1198 Tactus ab ardenti glande colorat aquas.
36 1196 638 1232 Dum cadit, & Turcas videt inclinare, ſonanti
73 1229 614 1267 Ore inquit, gaudens hoſte cadente cado.
677 1261 827 1287 Ind-
440 1263 580 1291 Hh hh 2
