864 1362
33 56 649 90 1a2PE. GHERDII
190 101 672 135 In obitum Ludoici Paulucij Praſij Mi-
359 138 499 161 litum Duu.
45 169 694 203 Nactus præproper fuoras, qui Martis honorem
79 203 588 237 Te te præpropere Mors Ludouice rapit.
6 236 618 269 Præproperè rapuit; tua ſi perpenditur ætas:
18 268 624 302 Clotho vix quatuor nam tibi luſtra dedit.
46 302 640 337 At non præproperè; ſi quis tua facta reuoluit,
80 336 633 373 Quæ feciſſe puto vix poruiſſe fenem.
300 372 429 395 In endem.
47 402 665 438 Tu generis, patriæq; nouo ſplendore ſuperftes
84 438 508 471 Aucturus fueras Italiæq; decus:
48 470 673 503 Mors tibi ſed vitam, tituldsq; inuidit honeſtos:
83 504 537 537 Noluit antiquos te ſuperare duces.
48 536 659 571 Ipſa tamen Mortis, quæ ſpicula certaretundit
85 571 565 604 Rerum geſtarum Gloria viua manet.
309 606 425 629 De odem.
45 638 758 672 Dic mihi, quid lacrymæ? miles quid pectora tundt?
86 672 671 705 Quſsvenouus reſonat mœſtus in vrbe ſonus.
53 705 673 739 Cur pullas ſumpſere togas tot in vrbe celebres,
88 739 555 772 Et genere, & factis conſpicuiq; viri?
50 773 697 805 Martis honos cecidit; Peruſinæ flosq; Iuuentæ;
83 805 613 839 Pauluciæ gentis ſpes, amor, atque decus.
310 841 426 867 De eodem.
48 870 660 898 Plus ſolito exardens cœlum cur bella minatur
83 905 620 940 Vndique; &è cœlo Iuppiter Arma pluit.
51 939 745 973 Turcarum inſidiis Iuuenem Mars eſſe peremptum
86 973 689 1007 Quem dolet, vlciſei cum Ioue promptus adeſt.
50 1006 609 1038 Sanguine barbarico Martis ſaturabitur ira;
87 1039 593 1074 Sanguine barbarico lenta erit ira Iouis.
165 1075 678 1105 Ad Fuluium Paulucium eiuſdem Ludouici
375 1108 471 1139 fratrem.
53 1139 659 1174 O quàm Pegaſeum vellem potaſſe liquorem
86 1174 629 1206 Pimplæumq; frequens incoluiſſe nemus:
50 1204 575 1234 Efficerem, Fului, late Ludouicus vt eſſet
86 1236 601 1278 Cognitus Eois, cognits Heſperiis.
786 1282 839 1308 Pro
