860 1353
148 44 858 82 ANT. ET PET. GRAVIN. un
1 93 623 127 Pro re nunc animus tibi ſuſcipiendus amici,
63 128 653 163 Vt, quod non poſſum, ſit voluiſſe ſatis.
163 220 468 240 5I
117 208 755 256 A V G RAVIN.
296 269 580 294 NEAPOLIT.
337 315 517 350 In mortem filij.
50 356 757 428 xae
49 428 621 457 Intra bis denos te oſtendit & abſtulit annds
87 462 512 496 Parca ferox, votis inſidiata mes.
52 486 720 529 Nec potuit probitas, nec amœni gratia vultus
84 529 605 561 Flectere, non ætas, nec pia turba Deûm.
53 559 772 600 Spes hominum ſtolidasl tumulaui mœſtus ephœbum,
89 595 630 632 Qui me debuerat lætus humaſſe ſenem.
174 682 711 736 PETRIRAVIN.
372 728 510 758 NEAP.
268 768 551 812 DeActio Syncero
55 821 618 864 VI diuina legis Synceri carmina vatis,
72 857 590 892 agnaq; virginei ſacra puerperii:
52 890 611 923 Non hæc humanæ credas procedere ſenſu.
85 925 582 954 Auctori mentem mouit, & ora, Deus.
52 956 670 992 Hunc ſibi delegit, quo non cœleſtia quiſquam
90 992 582 1024 Grandius, aut pleno cultius ore ſonet.
242 1036 519 1068 De Conſals Mago.
56 1066 680 1100 Te prius accepit, quam fecerit, inclita Magnum
88 1101 559 1131 Sors tua: te Virtus vindicat vna ſibi.
53 1133 634 1167 Nec Fortuna tuæ tribuit cognomina laudi;
26 1164 673 1199 Te duce ſed potius Sors bona nomen habet:
53 1199 714 1233 Cui tantum hoc debes, quod te comitata priorem
88 1232 714 1268 Non dux, ſed Magnum eſt fida ſecuta ducem.
790 1262 842 1287 Abs
471 1266 619 1314 H hh
