856 1358
289 54 563 83 BAPTIST
44 61 102 83 6
77 98 575 132 Vt ſolet æthereo plaudere Creta Ioui.
45 132 707 166 Ergo minus dono, quàm doni auctore mouemur:
82 165 672 199 Dantis honos, precium munere maius habet.
46 198 693 234 Cornipede in niueo cùm me obuia turba videbit,
80 233 522 265 Dicat delicias pectoris eſſe tui.
44 265 793 299 Verm opis haud noſtræ eſt dignas, pater optime, grateis
82 299 578 333 Soluere, nec meritis præmia iuſta tuis.
43 331 643 361 Mens tibi mercedem virtutis conſcia reddat;
79 366 580 401 Et quæ reſpiciunt Numina ſancta pios.
45 401 614 435 Illa tibi ad patrios ſaluum remeare penates,
79 434 599 468 Hoſteq; de tumido gaudia longa ferant.
258 469 541 493 Ad eundem Pannonium.
46 500 661 534 Non minus antiquis, Præſul venerande, poëtis
79 533 572 568 IANF, decus vitæ præſidiumq; meæ,
47 567 634 602 Qui patritm claris ornas virtutibus Iſtrum,
78 602 558 635 Doctrinâ, ingenio, iribus, eloquio:
47 634 650 669 Quando erit illa dies, qua tecum viſere poſim
80 668 535 703 Littora ſaxoſæ proxima Dalmatiæ?
43 702 624 736 Nlyricumq; latus, Drauus quas irrigat oras;
80 736 539 769 Et glaciem gelidi cernere Danubii?
45 769 552 803 Et caſtella iugis alte conructa niuoſis,
80 802 561 835 Martiaq; algentis mœnia Pannoniæ?
46 835 651 867 Durum iter eſt, fateor, longos perferrelabores
84 869 607 902 Per pelagus, ſiluas, flumina, ſaxa, feras;
46 902 601 937 Qà fera ſetoſis incultisq; horrida barbis,
85 936 562 970 Vocibus occurrat diſſona turba meis.
45 968 613 1002 Omnia ſed tecum viuendi optata voluptas,
82 1004 575 1037 Atque incredibilis lenia reddet amor.
46 1036 683 1070 Tecum ego non dubitem Syrtes intrare vadoſas,
79 1070 604 1105 Et loca quæ nimius torret aduſta vapor.
45 1104 767 1138 Tecum auſim pedibus mediam penetrare chalybdip,
80 1138 573 1171 Cyaneasq; vagas, nauifragosq; canes.
45 1170 576 1203 O ego ter felix: ſi te monſtrante videbo,
77 1202 591 1235 Quà patet adtrictis orbita fluminibus,
42 1235 595 1269 Q; coniuratus deduerit agmina Dacus,
771 1273 834 1308 Qs
