856 1350
313 53 555 78 GVARINI.
762 51 819 86 y
77 96 689 131 Quæ Scytha non ſtabilis, quæ colit arua Getes.
43 128 646 163 Per quos ionſus diſcurrit Sarmata campos,
80 162 608 196 Et quibus anguſti ſunt ſua plauſtra lares.
46 196 607 229 Quæ via Riphæos alto ſub vertice montes
78 229 597 264 Adſpicit; Euxini quà fluit vnda maris:
39 263 601 297 Atque Tomitanæ quà ſint confinia gentis,
79 296 531 330 Naſonis noſtri cognita terra malis.
40 326 703 364 Diſcam etiam Auguſtus quæ vicerit oppida Cæſr;
82 363 583 397 Quæ fuerit Latiis ſanguinolenta viris:
44 395 643 430 Peruida Turcarum rabies quas vicerit vrbes;
80 430 657 464 Quos dederit populos gens truculenta nei:
47 464 519 498 Qui deſoatrſæuis populatibus agris
35 498 634 531 Atque vnde ingenti præda ſit acta manu
44 531 579 565 Si te forte pudor tua dicere geſta vetabit;
82 563 640 598 Non erit hic magnus noſcere cuncta labor:
47 597 665 632 Cum valeant claris dudum vulgata triumphis,
83 632 517 665 Illa vel ignaui facta referre ſenes:
47 663 657 699 Quàm longas hiemes, & quantos ſæpe calores
83 699 509 732 Pertuleris duræ tempore militiæ.
44 731 608 767 Quæ vallata tuo fuerint, quæ diruta ductu;
79 766 527 799 Quæ defenſa tuis oppida confiliis:
44 798 684 834 Quam rapido cautum curſu præueneris hoſtem;
69 833 537 866 Diffcileisq; nouâ feceris arte vias:
43 866 645 901 Vt Mahometeæ dederint tibi terga cohortes,
79 899 505 933 Non auſæ populi tela videre tui:
45 932 623 968 Agmina quæ Stygio fugientia miſeris Orco,
81 967 573 999 Aut ferro, aut altis obruta gurgitibus.
43 1000 672 1034 Hæc pro virgineo geſſiſti prælia CHRISTO
79 1035 552 1068 Hoc habuit ſanctæ relligionis amor.
45 1067 668 1101 Nec minus adſpiciam quas præſtant ocia ſedes;
79 1102 564 1126 Hic vbi ſbat docti ſacra caterua chori:
44 1135 679 1168 Hic vbi vel legitas priſcorum carmina Vatum-
80 1168 607 1203 Vel noua tenturis ſcripta legenda canis:
43 1199 636 1236 Triſtia Mæonio celebrans nunc prælia verſu;
77 1234 631 1266 Nunc teferens claudo mitia facta pede-
778 1262 840 1291 l
