849 1342
257 26 513 71 CVARINI.
60 78 623 112 Librorum numero par, Troge magne, tuo.
31 112 668 146 Et quamcumque dedit linguis Latialibus artem
62 146 515 178 Arpinas cunctis altior ingeniis.
31 178 753 215 Nec documenta latent quæ rhetor Cantaber; aut qus
63 213 604 246 Dant Senecæ morum ſcripta deſerta vias.
30 246 627 278 Non te diuini fugiunt monumenta Plaonis,
64 279 553 313 Aut docti largum flumen Ariſtotelis.
29 314 642 347 Non quiequid dictat perplexa Academia veri,
63 347 656 381 Porticus aut rigidum Stoica quicquid habet.
30 380 589 414 Non quiſquis radio terras metitur & aftra,
62 414 550 448 Aut rerum cauſſas quærit, & ingenia.
32 448 546 481 Non te Pontificum, non te ciuilia iura
64 482 478 515 Scitaq; diuini non latuere fori,
30 513 635 547 Noſcis & antiqui numeroſa volumina Mofis;
62 549 466 582 Qui primi terras incoluere viri;
32 582 547 616 Qui ſacri vates mundo cecinere futura,
62 615 549 649 Quiq; Paleſtinis regna habuere locis.
27 648 598 684 Terrea quæ ſuetæ venerari Numina gentes
62 684 556 716 Quos Deus imperiis egit in arma ſuis.
27 716 636 750 Perfida quàm ſæuos paſſa eſt Iudæa tyrannos,
57 749 588 784 Quàm ſæpe eſt meritis obruta ſuppliciis.
28 783 768 817 Nec tantum Mc legitas, verùm hinc præcepta reqir,
61 816 519 847 Vt vita conſtet formula certa tuæ.
23 849 573 883 Fortunatus ero ſi quando ea venerit hora,
58 884 568 918 Quâ fruar hoſpitiis, optime Iane, tuis;
21 915 676 949 Et tecum inſomneis valeam perducere noctes,
57 951 545 984 Et tecum longos continuare dies.
19 984 580 1020 Interea memoriſ te non pectore ſeruem,
52 1018 592 1051 Idem etiam poſſim non memor eſſe mei.
170 1061 534 1097 In Pannonij.
17 1102 659 1139 Pannoniæ decus, & noſtri lux maxima sæcli,
50 1139 680 1174 Hic ſitus es cunctis, IAN Egemende bonis.
17 1174 595 1207 Te nemus Aonium, laceris te Muſa capillis
47 1206 544 1248 Te potâmleuit Apollo l
666 1234 814 1281 AA
