859 1356
341 50 484 82 LILII
165 119 733 156 IGE OR II
317 171 548 194 GIRALDI.
359 206 507 227 In Amorem.
43 233 602 299 oNDVM perfidiæ finis erit tuæ,
113 269 600 298 O crudelis adhuc in mea fata, Amort
170 304 461 337 Sæuis pectora flammis
173 336 442 363 Exures iterum mihi
51 369 553 403 Ardebam miſere, heu , in patrià me.
55 404 527 437 Formoſam Glyceren crinibus aureis
172 438 491 469 Auroram ſuperantem,
168 472 488 497 Et vultu Idaliam Deam.
50 503 630 539 Poſtquam hæc rapta mihi legibus improbis,
50 538 628 570 Iam me ſubtrahere hoc nam ſat erat mea
168 572 427 598 Duris colla decebat
148 605 491 640 Longum feſſa iugis tuis.
52 639 496 672 En ſæuis iterum maceror ignibus;
53 674 531 702 Rurſus bella moues dira, iterum tu
170 707 465 741 In me ſpicula torques.
169 744 541 767 lam me torret amor nouus,
54 775 470 807 Vrit me facies pulcra Lycoridis,
61 807 460 841 Vrit Sythonias ipſe ſinus niues
170 840 517 866 Vincens: ſic miſer heu heu
173 874 472 909 Duris vexor amoribus.
57 907 588 943 Qu nos vſque tuâ, ſæue puer, face
46 941 599 978 Perdes? num pharetræ eſt vlla quies tuæl
171 975 506 1008 An poſt funera noſtra, &
172 1009 535 1042 Entinctum cinerem petes?t
284 1044 464 1075 Ad Lcoram.
58 1074 762 1110 Hoc quod habes fragile eſt totum, mea pulcra Lycor;
94 1109 563 1135 Forma licet cœli vincat & iſta Deas.
56 1141 737 1174 Iucunda hæc facies, coma flaua, hæc lumina tantum
95 1175 686 1208 Quæ poſſunt; tota & denique quod Venus es,
59 1208 646 1239 Labentur nimium paucos victura per annos,
93 1240 694 1269 Niformam hanc vitæ carmina noſtra dabunt.
699 1273 844 1304 Donabunt
