842 1343
262 22 555 54 GTRALDI.
755 32 806 56 a
31 73 696 107 Donabunt vitæ formam hanc mea carmina longæ,
64 107 587 141 Si mihi tuvitam, pulcra Lycora, dabis?
290 143 460 166 Ad Amorem.
31 173 524 209 Spernes puellam plus niue candidam?
30 208 498 243 Spernes Lycoræ gratiam amabilem?
95 242 504 274 Claroſq; ocellos, & labella hæc
95 276 536 309 Qu Paphiam ſuperent Dioneml
26 309 468 337 Nectunt catenas brachia mollia,
30 342 524 372 Mittunt faces, heu, lumina feruidat:
95 375 533 410 Iam iam manus do ſupplices; iam
97 410 504 444 Caſtra Cupido tua & tuum ius
31 444 495 479 Sequor lubens. o grata proteruitasl
28 478 453 512 Amat Lycoris me face mutuâ:
98 513 522 547 O ter beatum me, quaterque
99 545 588 589 Nec Superûm ambroſiæ inuidentems
286 581 445 605 Ad Auram.
33 611 604 648 Aura leuis, noſtræ quæ lambis labra puellæ,
68 647 516 681 Diſpeream fieri te niſi perrupiam.
37 679 592 716 Te dominæ dulceſq; ſinus, & flatibus vnà
68 714 556 750 Pectora percurris candidiora niue.
34 748 665 784 Vtque mage inuideam. blandâ tibi voce Lycora
69 782 606 816 Inſtans, dulce ſuum tevocat in gremium.
32 814 675 851 Hoc mihi ſi eueniat, qui nunc mea corda peruti,
66 848 609 885 Deſinet; aut ſi non, mitior ignis erit.
314 886 444 916 De Lcor
25 915 495 951 Me dum candidior, Lycora cygno,
30 950 494 981 Algenti niue, &hinc & inde dextr
31 983 450 1017 Petit molliculâ, igneos calores
31 1017 497 1050 Senſim ſuſcitat omnibus medullis;
33 1049 580 1084 Totam qui hanc animam mihi perurunt,
32 1083 585 1117 Quis, heu quis miſero eſt locus relictus?
32 1117 473 1150 Qu ſæuos fugiam tuos furores?
31 1151 460 1185 Ignes ſi niue contegis Cupido.
323 1186 501 1215 Ad Veneem.
33 1214 403 1252 Ocœli decus inclitum
699 1253 810 1291 Sutemi
