856 1350
287 33 533 61 GYRALDI.
763 46 812 69 a
41 74 648 109 Anne parum tibi viſa vna eſt meæ puella curæ
71 109 542 143 An pulcra nobis non ſat eſt Lycora?
38 143 723 180 Parce faci, puer, & pharetræ: iam quis locus ſagittis?
69 177 604 210 Nouis quid vres ignibus, proterue?
34 209 725 247 Vna etenim ſatis in me flamma eſt. me meæ Lycoræ
70 244 558 276 Nitor perurit totum, & hinc & illinc.
33 276 740 314 Hæc niſi, nulla meas lapſura eſt flamma per medullas,
68 311 533 344 Nec ſi ipſa cœlum deſerat Dione.
237 346 528 378 Tumulo Clij Calcagnini.
32 378 557 411 Adſta viator; non moræ eſt diſpendium.
35 412 509 445 Mortalitatis hoc memor nuperrime
33 446 512 480 Sibi ſepulcrum Cælius conſtruxerat,
33 480 557 514 Quo doctiorem neminem Sol lampade.
32 512 559 547 Quacunque ſpargit lumen orbi, viderat:
30 546 552 578 Eheu, repente raptus hic eſt conditus,
31 580 500 612 Cui ſunt parem viſura nulla ſæcula.
30 613 483 646 Hic gloriæ, dum vixit, inuidit ſuæ,
32 648 481 680 Celans opes tantas auarus ingeni,
29 680 509 715 Tot ſplendida eruditionis lumina;
29 713 553 747 Quæ, maximo Alcidâ iubente Principe,
25 745 496 780 Vulgata, denſas different caligines
27 779 577 816 Quæ paſſim oberrant ſenſibus legentium.
25 814 502 847 Iam abi, viator, & memento ſedul,
25 847 528 879 Præclara tantum facta Fata vincere
210 882 601 914 Epitapium M. Ant Antimachi.
24 913 335 947 Adſta viator paululum;
23 948 393 981 Breuis moræ pretium feres.
26 981 362 1015 Hac Marcus eſt Antonius
24 1016 391 1043 Antimachus vnn conditus,
26 1048 358 1082 Qui patriæ, ac teſtudinis,
1 1082 371 1111 Conſors Maronis exſtitit,
26 1116 292 1149 Et Tullianæ lecythi.
25 1149 370 1182 Nunc Graia par facundia;
27 1183 432 1216 Seucarmen ille pangeret,
27 1216 363 1251 Seupede ſoluta ſcriberet.
472 1246 583 1276 Iiii
754 1251 803 1277 Sed
