857 1357
333 51 544 76 LII.
45 98 401 134 Sed ne putes hunc tantul
43 133 358 168 Vrna tegi, cuius volat
45 168 328 201 Virûm per ora gloria,
46 200 404 236 Quacunque florent lrteræ
46 234 416 268 Bonæ, vigetq; humanitat.
49 268 344 300 Inunc viator, collige,
49 301 367 336 Virtute nilpræſtantius.
331 334 511 359 Ad Letorem:
50 365 615 402 Sitibi profuerint, Lector ſtudioſe, libelli,
86 399 661 435 In medium pridem quos mea Muſa dedit;
53 434 704 464 Gaudeo; non fuerit noſter labor irritus omnis;
87 468 619 503 Quod ſic accendat noſtra lucena tuam.
54 500 684 534 Sin ſecus acciderit;fructus nec carpſeris vllos;
85 534 609 569 Gaudeo ſic etiam: nam voluiſſe ſat eſt.
216 570 534 600 In occafionem. E Graco.
53 601 705 635 nde hic eſt plaſtes? Sycionius. ede age nomen.
88 635 698 671 Lyippus. tu quis? Cerus ego, omne domans.
54 667 665 701 Gut ſummis inſtas pedibus? ſemper rotor alas
90 701 605 737 Cur plantis geſtas? vt leuis aura fero.
56 732 805 766 Dextræ eſt cur inſerta nouacula? ſignuim homini hoc eſt,
91 769 630 802 Vis conferri acie quod mihi nulla queat.
59 800 766 832 Cur coma fronte iacet? venientem vt prendere poſſit.
93 835 588 868 Parte eſt cur caluum poſteriore caput?
60 866 726 907 Quod poſtquam leuibus præceps effugero pennis,
96 902 555 936 Ne valeat tergo qui reuocare velit.
60 932 704 970 Talem, vos propter, me plaſtes finxerat hoſpes;
94 967 661 1003 Pro foribus poſitus qui documenta darem.
201 1003 635 1036 Ad Cynthium yraldum.
63 1037 332 1072 Senex & æger Lilius,
63 1070 419 1103 Dono ſuo dat Cynthio
65 1104 464 1139 Hoc quidquid eſt voluminis:
64 1137 386 1164 Orans Deos Nouenſiles,
66 1169 401 1203 Vt hoc velint plus ſæculo
65 1203 385 1235 Manere; amoris mutui
64 1235 405 1277 Sit teftis vt perennio,
732 1270 839 1305 dtæ
