857 1358
334 51 499 77 LILII
193 87 600 123 Ad Muſs Cæleſte, pro ſuſis.
47 123 563 161 Muſæ, quæ vario mulcetis ſidera cantu,
86 155 604 187 Et Iouis ad ſolium dulce mouetis ebur;
49 185 688 228 Adſpicite has famulas, veſtro quæ numine fretæ,
85 222 643 258 Euolitant: placidum carpere detis iter.
52 254 588 289 Non hæ Pieridum temeraria fata ſecutæ,
85 288 549 326 Vos cantu ſperant æquiparare ſuo.
12 320 657 361 Degener, ah, tantum ne vobis turba putetur:
86 355 609 393 Hoc ſat erit: placidum carpere detis iter.
288 389 531 423 Duci Herculi Eſtenſi.
54 423 585 464 Quàm magnus patet Orbis, vt ſuetus
54 458 469 495 Paruâ pingere pictorin tabell,
56 491 443 529 Sic paruo tibi colligo libello
57 522 549 556 Omnes Herculis, Hercules, labores:
55 558 520 593 Vt mirere minus, grues timentem
57 586 600 631 Pygmeum hunc aliquandoprouocaſſe.
187 624 616 659 Ad eundem, dedicatione libelli de r
352 660 449 684 nautic.
59 688 531 727 Iam claſſis benenauibus referta eſt,
59 726 483 759 Inſtructi ſimul ordines, & ipſa
58 760 555 795 Armamenta parata machinæque,
57 794 501 827 Vt fluctus ferat impetumq; venti.
60 828 545 860 Adhuc ſed tamen artifex veretut,
59 860 473 900 Ignem ne patiatur & procellas,
64 890 588 934 Quod nondum eſt datus imperator illi.
62 927 534 965 Si Dux magne, voles nouæ præeſſe
63 960 474 993 Inſtructæ ſimul & fauere claſſi,
65 994 508 1033 Non ignem patietur & procellas.
257 1029 508 1062 Proſpero Paſetho I. C.
65 1062 420 1100 Me promereri haud deſinis
65 1098 359 1129 Donis, Paſethe, regiis,
66 1129 417 1166 Et vſque & vſque & indies
65 1163 396 1197 Maiora iungis maximis;
65 1196 416 1230 Et digua magno Principe.
72 1230 384 1257 Sed vnde te remunerer?
761 1260 851 1296 Vel p
