842 1347
297 31 533 64 CTNTHII
30 34 84 65 i2t
31 77 310 108 Et vſus alterâ; niil
34 113 341 145 Opis ferente Apolline.
35 145 343 177 Nil ſcire refert amplius
30 178 433 210 Tua, aut ſua: in tuam rem abi.
17 265 807 302 O. BAPT, GRAL-
199 315 601 347 DI, FERRARIENSIS.
206 370 644 406 Ad ierculem Eſtenſem. Fortuna.
18 415 656 447 V cuncta inſtabili verſo mortalia motu.
18 442 639 481 Sors, præpes, cunctis & malefida viris,
17 481 661 515 Fima futura tibi ſemper; tibi fida, nec vnquam
63 516 488 545 Mutatura vices mobilitate meâ,
17 544 664 581 Has tibi do volueres, Dux inuictiſſime, pennas:
60 582 563 617 Inq; tuo implumis ludo benigna ſinu.
258 617 492 643 De Ioue & Amore.
14 647 631 682 Paſceret armenta Admeti cum pulcer Apollo,
60 683 622 716 Iuppiter eequid , ait, ſparget in orbe iubar?
14 716 682 750 Huic Amor: ille, inquit. qui cœlum & ſidera rexit,
57 750 629 784 Fulmine dum poſito tu quoque paſtor eras.
275 786 438 809 Ad Venerem.
13 816 664 851 Ne gnatum in triuiis fugitiuum, Cypriquæras.
59 851 645 883 Huc propera; in noſtro pectore regnat Amor.
23 883 614 917 Hicq; furit latitans, agrum & crudeliter vrit,
58 917 573 949 lgni addens ignem; nec volat hinc ali.
22 948 665 984 Tu puer hinc, Cytherea, voca: non baſia poſco.
61 983 543 1017 Sat mihi mercedis ſi puer hinc abeat.
10 1017 591 1050 Sic tuus adſiduo tecum Mars iꝑ ne caleſcat,
57 1050 538 1082 Sic ſemper cedat Iuno, Minerua, tibi.
273 1088 435 1118 De Daphnide.
21 1117 619 1151 Quid mitum Dophnis formi ſi pectora Mopſi
53 1149 540 1181 Torreat? hac poſſet ſollicitare Deos.
5 1175 641 1217 Fac petat hic cœlum videatq; hunc Iupiter; ipſi
49 1214 541 1249 Pocula miſcebit pro Ganymede loui.
700 1253 799 1279 Le bis.
