857 1357
266 50 566 76 GYRALDI.
320 95 459 127 Lerbiæ.
20 124 616 160 ic me blarda tui ſuccendunt, Lesbia, oceli,
69 160 586 196 Vt miſer ardenti concremer vſque face.
27 193 610 227 Tot rurſus rigor. iſte tuus ſub pectore luctus
71 228 622 262 Cit mihi, vt aſſiduas cor fluat in lacrymas.
25 261 623 293 Sic flamma per te exuror, ſic ſoluor in vndas:
68 295 588 328 Sic geminæ ſela es tu mihicauſſa necis.
318 332 439 355 I Tolam.
24 361 668 396 Non mihi tu Gorgon, mihi non Aeheloia Siren;
70 396 616 430 Quod rapias, potius tu mihi Scylla vorax.
23 430 562 457 Ivincas cantu Sirenas, & ore Meduſam:
68 463 644 496 Non tibi præda maris; non tibi marmor ero.
313 506 475 536 Ad Lerbiam.
23 539 623 570 Luminibus fundis tot lumina & illice vultu,
60 573 526 606 Vt Cytherea tibi cedere iure queat.
34 605 638 639 Horrida tot rurſus celas ſub pectore monftra,
68 640 553 673 Vt tibi Phoreynis cedere inre queat.
21 673 636 706 Sicque trahis miſeros illis, his perdis amantes:
51 708 655 741 Cypride pulcra magis, Gorgone ſæua magis.
305 751 478 773 Ad Marcum.
21 782 585 814 Ore nitet tanto, tot fundit lumina Cypris
68 815 605 849 Marce, tua, vt Veneri nil mage ſit ſimile.
23 847 619 882 Nique ſuæ Veneris Mauors flagraret amore,
66 884 544 921 Mars vri poterat Cypridos igne tuæ.
294 926 427 949 Amor Ioui.
1 952 585 990 Iupiter vt ſenfit Diuorum pectora Amoris
67 991 592 1025 lgne vri;his auidum corripuit puerum:
21 1024 676 1058 Pone modum flammis, Diuosque exurere ceſſa;
70 1056 549 1092 Ni ceſſes, pœnas, fulmine, crede, lues.
29 1091 706 1126 Riſit Amor;genitorque inquit, quo fulmine terres
64 1126 568 1158 Icere debueras cum mihi taurus eras.
302 1171 455 1194 Ad Gallum.
17 1201 666 1235 Quid tentas vndis extinguere Cypridis ignem,
63 1235 603 1272 Qui tibi ſub miſero pectore, alle, furit?
732 1266 815 1290 Hans
491 1268 606 1297 ii 4
807 1320 847 1344 -
