852 1354
276 50 624 80 CTNTII
29 88 710 129 Hune Venus orta ſalo genuit:iam ponito lymphas.
65 129 561 163 Ex vndis ortus non timet ignis aquas.
302 164 425 196 Dindmo.
28 184 620 229 Ipſa tibi ſoror & coniunx eſt, Dindyme, Iela:
67 229 522 262 Nimirum terris Iupiter alter ades.
290 263 465 296 Herculi Eſtenſi.
31 295 613 329 Alcide, patriæ rector, dominuſque paterque,
44 330 635 364 Sub quo læta quies, & bona cuncta vigent;
32 363 648 398 Cum tua ſceptra leges, tenui quæ carmine dixi,
70 397 548 432 Conueniens Regi pone ſupercilium.
34 430 662 464 Nec licet æqua tuis referant mea carmina factis,
68 464 586 498 Tu tamen hæc veri pignus amoris habe.
35 497 691 530 Mens mihi maior erat: ſed cum ſim viribus impar,
65 530 564 565 Deficiantque humeri; ſit voluiſſe ſatis.
185 565 597 597 D.Alfonſi Ducis Eſtenſ Manibus.
32 597 627 627 Hic Alfonſe, iaces; ſed non iacet inclita virtus
67 632 623 666 Hic tuanam celebrat te mare, terra, pulus.
269 668 497 697 D.Herculi Eten. I.
32 698 664 733 Balſama, thura, crocum. tradant & grandia dona
69 735 579 767 Queis nitet Attalica conditione domus
33 767 628 801 Do tibi populeas frondes, ſiluaſque virentes,
68 801 503 833 Alcide, inculti munera parua ſoli.
32 835 694 868 Parua tamen magni non ſpernunt munera Reges,
67 869 593 901 Parua etiam magno munera grata Ioui.
38 901 703 934 Tu cape dona libens, dantis ſimul accipe mentem,
66 934 710 967 Sic tibi erunt parua hæc, balſama, thura, crocum.
187 970 563 1002 De calii Calcagnini Hmn.
29 999 590 1035 Ann tuo rupes etiam de carmine ſurgunt?
64 1035 581 1061 Promit & arenti de Nuce Muſa nemus?
34 1069 608 1103 Aura Parætonias colubris præmiſcet arenas,
68 1102 590 1136 Marmaricuſque leo ſeruat herile latus.
30 1134 585 1169 Illyricus pater in media perluſtrat heremo
69 1169 684 1202 Cœlum, & cælicolas, tergeminumque Patrem.
28 1199 639 1236 Idem animo, idem oculis noſtræ vexilla ſalutis
63 1233 596 1268 Spectet, & ineluſum pectore numen alit.
709 1271 835 1301 Si Nux
