856 1361
270 58 560 83 CYRADI.
38 99 634 134 Si Nux tantarum monſtrat ſpectacula rerum;
71 134 635 169 De Nuce quis promptam perneget Iliada?
193 169 558 200 De D. Herrule EſtnnII.
38 199 671 234 Terribilem gereret ſummâ cum caſſide criſtam
71 234 624 269 Dux meus, & forti ſtringeret arma manu
41 268 655 302 Obſtupuit Mauors, dicitque: vt Thracia Marte
73 303 551 337 Gaudet, ſic gaudes, Auſonis ora, tuo.
264 336 507 362 De Solone d Venere.
34 368 611 403 Palladis adflatu patriæ cum conderet olim
73 403 528 437 Iura Solon, illi candida Cypris ait:
40 435 773 473 Quid ſequeris demens plena hæc monumenta laboris?
74 470 668 504 Cur placidum numen non colisipſe moum?
37 503 619 539 Forte piget coluiſſe Cyprin? Tritonia nobis
74 538 548 572 Eſt longe inferior, iudice vel Paride.
40 569 644 605 Huic ſenior: Phrygio ſi mens non læua fuiſſet,
75 605 590 631 Non eſſet flammis Troia cremata tuis.
44 639 640 674 Tu ver ne quæſo iterum me iudice certes:
76 674 618 704 Nam tibi non cedent aurea poma Venus.
40 705 637 737 Me iuuat iſte labor, vera hæc parit otia ſudor:
75 738 619 773 Otia ſed flammas quæ facis ipſa, ferunt.
254 774 517 799 Ad Petrun Bembum.
40 806 602 840 Thuſca tuo debes Petrarchæ, Muſa, parenti
76 840 586 876 Multum, Bembeæ ſed magis una lyræ.
39 872 688 908 Namque is te genuit: Bembus reuocauit ab Orco.
74 907 546 937 Illud, mortale eſthoc, reor eſſe Dei.
221 942 527 974 D.Hercule Eſlenſe II.
37 975 559 1004 Vidit vt Alciden cœlo Saturnia ab alto,
75 1009 565 1042 Geſtantem forti regia ſceptra manu;
39 1042 604 1076 Immemor irarum dixit: pulcerrime rerum,
71 1076 632 1110 Eſſe tibi poterat quàm bene Iuno parensl
254 1110 526 1140 AdDianam Areoſtam.
40 1142 663 1176 Ore refers veram, caſtiſſima Cynthia, Phœben,
71 1178 627 1210 Fronte, decore, comis, nomine, & ingenio.
40 1211 604 1246 Hoc ſolum differs, quod figit Delia ceruos:
71 1244 533 1279 At tu luminibus, ſæua puella,viros.
722 1274 825 1298 d an-
