856 1356
276 34 610 65 r.NTHII
299 87 447 110 Ad euudem.
35 114 588 152 Hactat tela, faces, & retia tendit vbique
56 150 568 183 Delia; qu vertis lumina, ſæuus Amor?
19 184 637 218 Et quicumque ſemel clatos conſpexit ocellos,
66 218 580 251 Figitur, ardet amat, captus amore perit.
34 249 566 285 Infelix igitur poſtquam tua lumina vidi,
65 283 513 317 Hei miſero, patior retia, tela, faces.
172 320 528 352 De eadem. ad Herc. Eſtenſem.
16 350 665 386 Quid pendent lychni, Alcide, laquearibus aureis?
64 384 578 420 An forte vt noctis nubila luce fugent?
25 416 622 453 Nubila luee fugat, mediaque in nocte niteſcit
61 451 578 486 Delia:ſint procul hi; nam ſatis ipſa nitet.
158 488 511 521 Ad Turcum de Carolo Imp.
23 516 621 555 Quid fruſtra cogis molles ad bella phalanges,
60 552 556 588 Si Caroli audito nomine, Turce, fugit?
223 589 464 619 D. Hereule Eſten.
18 617 580 647 Cum meus Alcides inter thoracas ahenos
57 653 505 684 Arderet, vibrans fortia tela manu,
17 685 628 721 Hunc ſpectans Cypris cœlo delapſa per auras,
59 720 599 755 Venit in amplexus, Marte negante, Ducis
10 752 691 796 Tc gemuit Mauors: &quid mihi numina proſut,
58 786 505 816 Si nunc mortali lumine vincor? ait
226 823 449 854 De Diana Areota.
13 852 577 890 Vidit Amor Mheben;visâ cecidere ſagittæ:
50 885 544 923 Ipſa illas ſumpſit. pro pueroque ferit.
196 925 537 956 Tumulus Ann Bereguardæ.
3 953 683 992 Cur flent hic Charites?ut hic et aurea Cypris
47 988 610 1027 An fato eſt hominum fas lacrim e Deas?
17 1021 737 1053 Non flent Diu hominem; lociæ le iuſta ininiſirant:
44 1058 575 1094 Anna etenim terris, Gratia, Cypris, erat.
230 1093 503 1123 De Amore & reſtâ.
6 1121 699 1159 Sumpſerat arma Puer Veneris. quo pectora Phœbes
16 1157 500 1191 Vreret igne ſacro frigidiora niue.
12 1183 662 1229 Vt vero hunc vidit ſinuntem cornibus arcum,
41 1220 594 1258 Flammiferis oculis trux petit ipſa Deum:
735 1265 806 1302 d
