857 1362
225 47 517 72 GIRALDI.
742 52 808 75 4â
20 87 564 124 Quid nos vt ferias, dixit, tua tela farigas?
65 121 596 154 Nunc age, nunc noſtras experiare faces.
21 155 561 182 Et dicto citius oculis ſic vſſit Amorem,
65 188 545 221 Ceſſerit vt Phœbe ſpicula ſæua puer.
32 221 591 254 Illa triumphales deprompſit læta ſagittas,
64 256 593 283 Vrit & hinc homines, vrit & inde Deos.
239 291 503 322 Artuſi Canis tumulus.
32 321 581 355 Cerberus eſt ſedis cuſtos Plutonis opacæ:
63 356 520 390 Poſſidet Icarius lucida regna canis.
30 390 535 423 At ſi virtuti tradantur præmia digna,
62 424 555 458 Artuſo danda eſt, illa vel illa domus,
30 454 661 491 Namque is dum vixit, ſuperauit grandibus au
62 491 549 523 Facta canis Stigii, vel canis Erigones.
220 525 506 555 Ad Dianam Areoſtam.
29 557 625 591 Pectora cur flammâ flagrent, cur frigida fiant
63 591 529 626 Sæpe gelu, quæris, ſæua puella, mihi.
25 622 658 659 Non ſcis? quod claros in me cum vertis ocellos.
63 659 566 692 Oraque inhumanâ virgine digna Deâ,
29 692 617 719 Vrit crudeles miſero mihi flamma medullas,
62 726 566 760 Nec requies vitæ tunc datur vlla meæ.
21 755 697 798 Quodque ego ſi ſpecto quanta eſt reuerentia famæ
64 792 608 827 uncta tibi, in mediis ignibus oſſa rigent.
27 827 616 860 Sic per te vruntur, per te ſic pectora torpent;
61 860 581 895 Vnaque tu glacies, ignis & vna mihi es.
281 896 452 927 De ſuo amore.
28 927 625 960 Exuror glatie in mediâ. dumque vror, in igne
60 961 593 994 Algeo:cur patiar hæc mala quæris? amo.
223 995 488 1022 De Statu Veneris.
23 1027 621 1061 Sic ſimilem Veneri Venerem cælauit Ilus,
61 1060 661 1093 Vt Mars non lapidem, ſed putet eſſe Cyprim.
27 1095 678 1128 Vt vero hic ſtatuam cupidus complectitur, inquit
59 1128 662 1161 Aut Venus in lapide eſt, aut riget ipſa Venus.
236 1164 507 1195 Tumulus Is. Manrdi.
25 1193 757 1229 Non hæc quam ſpectas claudit breuis vrna Manardum;
57 1228 701 1268 Claudere tam magnum nam breuis vrna nequit,
718 1255 800 1289 Et ipſi
