854 1356
287 46 627 82 CNTHII
38 101 631 136 Eſt ipſi tumulus, quicquid Sol lumine luſtrat,
71 136 586 171 Et quicquid magnus proluit Oceanus.
266 169 506 201 DeDDAffnſo Eſten.
39 201 675 237 Alfonſo exſtincto Mors ſecum læta;quid, inquit,
77 236 591 269 Hoc potuit maius ſternere dextra mea?
42 270 618 300 Hoc cæſo, cecidit Mars, hoc, bellica Pallas,
76 304 599 338 Hoc, decoris toto quicquid in orbe fuit.
183 339 570 371 Ad Flauium Antonium.
40 371 601 399 Fortunæ nimium, Flaui, ne crede ſecundæ:
75 404 655 438 Sed mage quo blanda eſt, hoc grauiora time.
32 438 794 472 Nam modo quos placida extulerat, nunc deprimit atrox,
73 469 533 504 Et firma in ſolâ eſt mobilitate Dea.
39 503 588 537 En, erxes, Crœſusque, aſtris felicibus vſi,
73 536 570 564 Mox triſtes dominæ ſuccubuere rotæ?
38 570 632 606 Et Priamus ſæui vrebant cum Priamon ignes,
74 604 550 636 Indiguit flammis ad ſua buſta miſer.
41 638 618 670 Crede mihi, ex tenui pendent mortalia fils;
74 670 558 706 Et celeri fugiunt gaudia noſtra pede.
269 707 468 740 De Iulo ſculptore.
44 735 587 773 Si poſſet ſaxis animam coniungere Iulus,
75 773 591 808 Arte eius poſſent marmora dura loqui
221 807 568 840 Ad D. Herculem Eſten.II.
42 840 687 873 Magna canant quamuis de te, Dux inclite, vates,
79 873 586 907 Nemo tuis meritis verſibus æqua facit
41 907 687 941 Et quamuis eupiant quamplurima fingere cantu,
75 940 643 973 Tu quoque, Dux, fictis maxime maior eris.
42 974 741 1006 Namque vt nulla valent lucem addere lumina Soli,
76 1007 618 1042 Sic tua carminibus creſcere fama nequit.
39 1040 615 1072 Ergo licet creſcant vates, & carmina, nullus
73 1074 614 1110 De te vnquammendax eſſe poëta poteſt.
325 1112 470 1134 Ad eundem.
42 1141 729 1175 Non quod me Phœbus ſuper ardua culmina Cynthi
73 1173 583 1209 Duxerit, ad ſacras aut Heliconis aquas,
39 1206 701 1240 Hæc pango Alcide, tibi quæ modo carmina mitto:
69 1236 514 1265 Adflatu veniunt numinis iſta tui.
698 1276 826 1314 Namque
