853 1353
283 34 575 66 GYRALDI.
37 77 680 117 Namque ego te ſpectans, diuinos protinus ignes
75 114 593 148 Haurio, & inuadit pectora noſtra furor.
42 147 591 181 Muſæ aliis adſint, adſitq; vocatus Apollo,
36 182 555 217 Mi faueas; ſolus tu mihi numen eris.
245 215 547 249 De ſe & Diani ad auras.
43 248 672 284 Auræ, quæ legitis, quos mitto e pectore queſtus,
74 282 602 317 Quosque hilari fundit Delia voce ſonos:
43 316 588 350 Aut illuc rapidæ noſtras deferte querelas,
75 348 652 382 Aut huc, quod ſpirat Cynthia ab ore melos.
39 383 591 418 Sic illa, aut noſtris miteſeet flexa querelis,
74 417 589 452 Voce eius linquet vel mea corda dolor.
43 451 648 484 Sic vobis Boreas nigris non obſtrepat alis,
74 484 587 518 Agnaque ſic vobis candidaſæpe cadat.
285 521 414 552 In Lycum.
39 550 643 584 Narciſſus liquidis dum ſe ſpectabat in vndis,
76 585 588 619 Ipſe ſui hei miſerovictus amore perit.
45 618 645 654 Nunc tua forte tibi ſi occurrat turpis imago,
74 651 489 682 Infelix, odio mox moriare tui.
236 688 548 713 Deliæ Damianæ tumulus.
46 719 683 754 Quæ Veneremforâ rererebas, arte Mineruam,
76 753 567 786 Ingenio Phœben, hic Damiana iaces.
45 787 660 820 Quid ſperem in terris firmum, ſi munera tanta,
77 820 612 853 Totqueænimi dotes Parca inimica tulit?
191 854 551 887 Baſaru Bardeli tumulus.
41 884 650 922 Balthaſar hic iaceo,primo quem flore iuuentæ
74 919 569 952 Decerpſit rapidâ Mors inimica manu.
43 953 630 987 Si ſpectes annos, iuuenem me fata tulerunt,
76 987 576 1026 Si ingenium, dices me periiſſe ſenem.
296 1024 494 1048 In tchenorum.
39 1053 669 1089 Fortunam Archemorus petulanti voce laceſſit,
73 1089 648 1125 Nunera quod meritis non ferat æqua ſuis,
41 1122 667 1159 Huic Dea:pro meritis dedero ſi munera digna,
74 1157 540 1188 Iro pauperior ire eris Archemore.
122 1190 687 1225 De Goorg. Loxano & Catharina Aquila coniugg.
38 1221 636 1258 Tectus Olorinis plumis Pater ipſe Deorum-
751 1256 825 1284 Venit
