847 1358
278 63 570 92 CINTHII
51 74 141 103 I46
89 110 568 144 Venit in amplexus, Læda beata, tuos.
56 143 682 181 Nunc Aquilæmirum fictâ ſub imagine Iuno.
89 176 602 212 Loxani in gremio fœdere iuncta cubat.
57 208 705 248 Tyndaridas Læda enixa eſt, duo lumina Diuum:
91 244 651 278 Nil mirum, ediderit ſi quoque luno Deos.
266 278 611 310 Ad Lilium reg Gyraldum.
57 309 643 348 Implumem quod me niueris ſubuexeris alis,
93 345 574 375 Et tua deiectum Muſa leuarit humo;
58 377 596 416 Hæc tibi do, Lil, nobis non debita ſerta,
90 411 618 450 Iſtaque honoratis munera digna comis.
57 443 751 481 Tu modd quem rapidis fers alta. ad ſidera pennis,
57 480 567 516 Ne linquas, ne te deficiente cadam.
266 513 535 543 AlD Renatam Eſten.
57 544 645 582 Diues opum Iuno, prudens Tritonia Pallas,
90 581 586 613 Delia caſta, nitet pulcra decore Venus.
58 613 675 649 Tudiues, prudens, tu caſta & pulera, Renata, es:
93 648 685 676 Te minor eſPhœbe, Iuno, Miuerua, Venus.
238 683 538 714 Ad Cælium Calcagninum.
59 714 612 751 Ve Sol cum totoradios diffundit Olympo,
95 748 577 783 Sidera fulgenti lumine cuncta fugat:
61 779 636 818 Sic Cælii promit ſeſe cum dædala Muſa,
90 810 706 850 Carminibusque nouum ſpargit in orbe iubir,
62 847 713 883 Sola micat, cunctosque premit qui luce coruſca
93 882 579 918 Flagrabant vates lampadis igne ſuæ.
241 917 501 946 De Venere & Areoſt.
61 947 709 981 Vidit vt alma Venus radianti lumine Phœben,
97 982 596 1017 Cœleſtes cunctas exſuperaſſe Deas;
61 1014 696 1053 Non ego vincar, ait; perfuſaque nectaris imbre,
95 1050 566 1084 Diuum exeruit conſpicienda iubar.
63 1082 763 1120 Sed poſtqua exprompſit fulgentia lumina Phœbe
98 1115 692 1151 Cedo, inquit; Venerem nil iuuat eſſe Deam.
60 1149 620 1184 Hancſi vidiſſet Phryx olim in collibus Idæ,
95 1184 686 1224 Tunc mihi tunc poterat dicere, cede Venus,
339 1217 493 1246 Ad eebiam.
59 1248 675 1285 Sitotme iculis fgis, totqne ignibus vrs,
725 1282 845 1311 Nmint
