842 1349
294 49 532 74 ;RALDI
733 56 798 88 I4
62 88 536 121 Nomine vix ſolo, Lesbia, nota mihi;
37 124 649 160 Quos ignes patiar. quæ ſpicula, Lesbia, ſi in me
68 158 540 185 Conuertas oculos, ſidera clara, tuos?
37 191 594 226 Ignis ero totus, totus comburar; eroque
67 224 622 260 Qui modo vir fueram, puluis & aura leuis.
329 260 455 282 De eadem.
36 291 635 326 Sparſerat auratos crines, mea Lesbia ventis,
69 324 665 359 Sparſerat & nitidum lumine in Orbe iubar.
36 357 704 394 Cum Sol hanc ſpectans, radios contraxit, & inqui
68 392 580 419 Cedant luminibus lumina noſtra tuis.
36 425 567 458 Hactenus humanosviciſti, Lesbia, vultus:
67 459 606 492 Nunc gaude, cedunt numina ſacra tibi.
237 493 504 522 De cuiuſdam amoribus.
20 525 639 559 Aurea te quondam Cypris, nunc triſtis adurit
71 558 556 591 Vesbia, Tiſiphone fœdior & grauior:
38 593 705 627 Quæ matre Eumenide, & Stygio generata parente,
71 626 580 659 Imo ignes in te. de Phlegethonte tulit.
36 659 610 693 Siface te quondam ſæus vſſit pulcra Dione;
71 692 705 728 Quam grauis hæc miſero flamma futura tibi eſt
300 729 486 753 In Eudolemum.
35 759 687 794 Preſſerat Eudolemus tollentem colla chelydrum,
70 793 652 819 Cum ſæue hic fixit dentibus Eudolemum.
37 827 668 861 Sed quæ illi ſerpens properabat dente venena,
69 861 522 894 Sanguine guſtato ſenſit & interiit:
34 894 676 928 Nec mirum, Eudolemiperiit ſi ſanguinis hauſtn;
65 928 603 959 Corpore nam toto nil niſi virus habet.
309 962 463 987 I Vebiam.
34 992 678 1029 Tres habuit Furias quondam;ſed Vesbia manes
64 1028 576 1062 Vt petiit, Furias quatuor Orcus habet.
316 1066 454 1090 D moe.
30 1094 690 1130 Quid mirum exultet ſi ſæuis, Lygdame, flammis,
65 1128 584 1165 Si fletu gaudet nec minus acer Amor?
27 1161 654 1198 Mulciber eſt illi genitor, flammâ altus & ige:
62 1196 591 1229 Hunc peperit medio nata Ericina mari.
21 1229 726 1269 Ego illie pectora adurit.
681 1267 819 1298 Cumque
