860 1355
316 104 551 135 CVNTHII
83 149 778 185 Gumque vndis flammas, cum face miſcet aquas.
49 185 571 219 Sic verſat lacrimas oculis, ſic vritur igne
70 219 669 252 Pectore ſub medio, Lygdame, quiſquis amat.
285 254 442 277 Ad Lesbiam.
45 285 684 319 Audit Sirenas, qui te audit dulcae canentem;
82 320 560 353 Et qui te cernit, Gorgonis ora videt.
47 353 661 387 Hinc riget alta ſilex; ſubit inde pericula ponti,
80 387 569 421 Et geminâ per te, Lesbia, morte perit.
307 430 464 462 De Paſiphaë.
45 462 669 495 Dum pudet & cupit optato concumbere tauro,
76 495 516 527 His ſeſe dictis Gnoſia corripuit.
24 527 646 559 Cur mihi crimen erit tergus ſubiiſſe iuuenc?
84 561 575 593 Et tenerum tauro ſuppoſuiſſe femur?
45 594 707 628 Non quondam, vt pulcrâ potiretur Agenore natâ,
77 628 586 661 Iupiter in pratis mugiit ore bouis?
45 660 727 695 Hoc ſi ipſum decuit, quis me damnauerit vnquam,
80 694 634 728 Vt boue perfuerer, numc ſubiiſſe bouem?
264 739 483 770 Lucretia Roman.
46 768 634 805 Candida fama mihi cum vitâ carior eſſet,
79 805 536 838 Sanguine ſeruaui damna pudicitiæ
43 834 643 872 Roma tamen noſtrâ fuerit cum libera morte,
81 872 551 905 Sic me pro patriâ procubuiſſe iuuat.
201 1037 673 1068 NOVOCOMENSIS.
212 1085 656 1121 Ad Franciſcum Iulium Caluum.
33 1138 685 1202 C tenui calamo Iouius tibi, Calue poëta;
103 1172 677 1204 ADum vacat à curis, diſticha compoſuit.
274 1215 499 1244 Veſtibulum Domus.
44 1253 588 1286 Prima ſalutatrix implebit turba clientum
78 1285 679 1320 Veſtibulum;dominos dum ſopor altus habet.
748 1323 829 1346 Ianua.
