860 1356
253 48 566 82 IENEDICTI
34 60 89 93 H5o
72 89 629 132 le tenues auras, hc quoque poma cap.
277 127 468 153 Iortu Vrbaus.
41 161 459 199 Non cœna cula picta, non dietæ
71 191 580 230 Ridentem facient domum; ſed hortus.
279 229 476 254 atiuus.
35 256 678 302 Tempore quo certo, naſcatur maſcula proles:
75 292 550 329 Vxor cauta ſerat;meq; maritus edat.
284 330 399 363 Soliſiqua.
45 358 662 397 Vertor ad occaſum;rurſus conue. tor ad ortum:
81 391 587 430 Solis amo radios, an mihi ſenſus ineſt?
318 444 397 465 Buus.
44 470 747 514 Perpetuus mihi fronde viror: ſine munere trcum
77 506 552 546 Eſſe putas: & me ſedula quærit apes.
304 540 449 572 Amygdalus.
41 570 714 614 Quæ tibi prima nouo Calabris denſifſima campis
72 604 623 642 Flore viret: quondam Threſſa puella fuit.
252 641 391 672 Craſus.
45 671 637 710 Non colitur Latas qui me tranſuexit in oras
78 704 588 739 Vitis at imuentor dic mihi cur Deus et?
319 741 530 766 Mala Armeniaca.
45 776 659 806 Armenios fulmus quæ tantum nota per agros;
80 805 656 840 Nunc Itulis & nos menſa ſecunda ſumus.
271 852 462 884 Vaapeniles.
45 882 612 922 ſtis vere nouo cum totâ veſcere bruml:
83 916 560 950 Si tamen viridi plmite ſuſtuleris.
296 952 422 981 Defrutum.
48 982 643 1024 Perpetuum ſeruo qualem dedit vua ſapore
83 1017 529 1049 In condituris mella minoris eme.
303 1050 460 1082 Triſius Piſi.
47 1082 608 1122 Triius ardenti mihi ſit bene coctus oliuor
84 1116 554 1148 Da iocur & lactes: cætera reddo tibi.
317 1160 431 1193 Angta.
55 1189 641 1231 e colubram fortaſſe pata: ſum piſcis obeſus;
37 1224 645 1269 Toſtaque pot ſtam gloria prima fero,
731 1262 849 1290 Tt.
