868 1358
260 52 577 86 BENEDICTI
32 55 95 95 ni
83 97 652 140 Vulgus iners; populis tum cara ſupprimitur.
302 138 471 168 Ieiunii tempus.
56 165 535 204 Saturnliciis fas eſt tibi ludere feſtis;
88 200 553 233 Mandere Lenæis: nunc erit eſuries.
307 235 510 268 In calce ieiunii.
57 263 684 305 Cum tibi palma datur ſacrique piamina templi;
90 297 697 339 Plebs quoque denſa viis; tum caro pulſa rcdit.
309 337 540 362 Vinum Voltureum.
60 365 634 405 Nibernos celebret Diuos & feſta Decembris
92 400 582 437 De Volturrenà quod tibi caute venit.
179 434 557 464 Vinum Grantinm & Varenenſe.
58 464 724 499 Hoc madeat Pomona mero, quod amœna Gianti
92 498 637 534 Rura ferunt; & quod clara Varena dedit.
197 534 556 566 Larius lauris & oliuis redimitus.
59 563 725 601 Pallada fi neſcis, magnumq; ab origine Phœbum
94 600 607 630 Hos coluiſſe locos; laurus, oliua docent.
200 634 591 671 Fons intumeſces & reſidens apud
338 671 439 694 Larium.
61 699 593 732 Inſcie cur fontem docti de nomine Plini
90 736 622 770 Ducis? ab indigenis quæ Pluuiana uocor.
153 769 631 805 Quos Larii piſce, tot cotum auicul.
60 800 657 839 Quot tibipiſciculos argentea lympha reanit,
97 835 576 869 Collibus apricis tot numerabis aues.
255 870 535 901 Paſſer ſolitarius in cauea.
59 901 547 932 Si ſalio tectis, & rura domeſtica cantu
52 933 690 972 Rumpo libens; ſcelus eſt claudere me caueis.
313 972 379 994 Idem.
45 1002 600 1037 Aſperius vinclis nihil eſt & carceris antro:
94 1035 647 1074 Soluite me miſerum; ſoluite, dulce canam.
323 1071 424 1094 Hirundo.
60 1101 632 1136 Hoſpitis humani tectum mihi fecit amicum
92 1134 624 1167 Cantus; vt hic edam pignora, necccapiar.
315 1171 421 1193 Coturnix.
59 1194 681 1232 Cur fuit hæc volucris menſis ingrata priorum,
90 1232 580 1271 Qg modo ſupremis ſola petita viis?
739 1267 837 1295 Natus
