867 1354
293 56 515 82 PAVLLI
73 102 545 133 Candorem vitæ commaculare ſuæ.
293 137 422 160 Pœnitentia.
45 169 576 200 Emendare velis infectos crimine mores,
77 202 636 239 Deſpicient animum Numina nulla tuum.
249 237 469 269 Præmium & pæna.
46 267 660 301 Virtutis ſectanda via eſt; vitiumque fugandum:
77 301 610 337 Præmia digna bonis; pœna parata malis.
307 340 383 361 Fama.
47 368 627 407 Quid ſupereſt morti? geſtorum gloria fatum
78 403 651 436 Neſcit, & hæc cineri poſtumat vna ſuo.
272 439 442 461 Victoriæ animi.
48 468 688 507 Quod ſi magnificæ deerunt tibi munera famæ;
79 502 709 536 Vincere diſce animum, tu quoque magnus eris.
194 585 660 623 PALIOVII
289 634 561 660 IVNIORIS
270 687 645 722 Sub eigie Nicolai Picinini.
32 726 684 797 ÆC tbi manſuras æterna in ſecula laudes,
101 762 743 801 AHæc ſpolia, & victo celebres ex hoſte triumphos,
46 798 612 832 Robur, & aſtutæ præſtanti in corpore vires,
46 831 663 869 Et populis defenſæ vrbes, tuaque inclyta virtus
50 864 624 902 Sanguinea peperere ſolo, fortiſſime ductor
45 895 725 939 Quſonidum: quiſquam an tanto tibi certet honore
46 931 626 963 Armorum, ac titulis clari Mauortis, & almæ
46 961 685 999 Militiæ? Nonne hos oculos atque ora ferebas?
49 996 720 1033 Nonne ſub hoc quondam gladio cecidere volantes
48 1030 800 1069 Turmæ equitum, peditumque ſimul, pulſique tremore
50 1064 662 1100 OEnotrii obſtupuere duces, atque Itala ſigna?
46 1101 537 1134 At nos exigui miramur corporis artus
45 1129 663 1164 Sufficere hoc oneri, & tantos perferre laboresl
47 1163 600 1196 Scimus, & Iſmenias bello fregiſe cohortes
45 1195 615 1231 Sæpius, in paruis victorem Tydea membris.
42 1229 593 1265 Ipa equidem, longe terris Atlante relicto.
724 1264 830 1290 Canoa-
