858 1359
345 57 527 81 IOVII.
45 98 629 134 Caueaſeiſque iugis, & cincto nubibus oſsA,
43 133 703 167 Laurigerum redimita caput, petit ardua cœli.
44 166 601 198 Inde alacris ſeſe tollit ſuper æthera Virtus.
191 202 618 233 Iniimagi em Coſmi Medici magnifici.
45 233 668 268 QVID de Sidonio bis tinctam murice veſtem?
44 267 680 299 Quidve manus ſimilem doctas formare figuram?
41 301 678 335 Artificiſque decus tantum admiramur, & artem?
41 334 564 367 Suſpice grandæui cæleſtes oris honores,
41 368 609 402 Effigiem quicumque vides, & fixus in illis
41 401 706 435 Tranquilium Heroa, & mixtâ grauitate verendum
37 435 635 467 Sume oculis, dulcique nota pia lumina vultu.
42 468 587 502 Non hicinſigui gladio. per tela, per hoſtes
41 501 700 535 Egit equum, aut largo fdauit ſanguine dextram.
43 535 622 563 Non illi Mars durus erat, non claſſica cordi,
41 568 588 601 Verum conſilii fœcundum pectus, & alto
40 602 555 636 Ingenio virtus: quâ toto cognitus orbe
39 634 634 668 Ipſe ſui columenque foti, ſanctique ſenatus
40 667 655 700 Et ruſcum decus & nomen ſuper æthera vixit.
40 702 725 735 Sed qui honor? aut vlli laus maior contigit vnquam?
38 734 626 768 Ingrata quàm de patriâ duxiſſe triumphum,
39 768 598 801 Hadriacis exul veniens reuocatus ab oris?
38 799 737 835 Quæ poterant potiora peti? quam cùm modo ſæuam
38 835 668 867 Mortem expectabat, diramque in colla ſecurim
37 868 609 901 Audiret populi tollentem ad ſidera vocem,
37 902 598 935 Expectate veni patriæ pater inclite noſtræ.
204 936 560 968 In percuſſores Galeacii Sforria.
37 967 693 1002 QISte dira cohors furor? & quæ inſania tanta
67 1001 435 1033 Impulit, horribili ſtimulata
33 1034 627 1068 Eumenidum rabie, & ſæuis agitata colubris,
68 1068 434 1098 Vt domini nil tale merentis
35 1101 728 1142 Corpus in egregium, crudam conuertere dextram
69 1135 429 1168 Auderes, ſceleriſq; nefandi
33 1167 660 1201 Pro laqueo, & meritis pnis, tibi præmia certa
68 1203 468 1235 Sperares, nomenque perenne?
33 1232 580 1276 Te non eximii iuuenis deterruit alto
