865 1359
315 58 498 84 IOVH
771 66 824 88 ss
187 100 602 133 I Caithbeium Magnum Sultauum.
57 132 683 166 SI quondam Heſperio quos miſit Bætis ab orbe
57 166 695 199 Dalmatave, aut Lybies Mauris circumona tellus
58 200 655 233 Æneadum faſces, Capitoliaque alta tenentes
59 234 641 266 Obſtupuit populus Latialis, & inclyta Roma
56 266 690 299 Externos quamuis dominos æquauit Olympo,
55 300 575 327 Inſueta admirans alienæ nomina terræ,
56 332 643 359 Nonne erit hic etiam toto admirabilis orbe?
57 366 635 400 Qui genere ex humili Rphæis natus in oris
55 399 642 433 Aduerſi fines mundi, rigidamque relinquens
56 431 712 466 Arcton, Cimmerias vbi Boſphorus aſperat vndas,
56 465 629 499 Venerit ad magni ſeptemflua flumina Nili?
57 500 608 533 Atque ibi ſeruiles habitus exutus, & ora
57 533 669 566 Conſenſuque ducum magno prælatus honore
57 564 792 598 Tum demum Hgyptum, & Pharias compeſcat habenas?
56 600 685 633 Et Syriam quacumque rapax procurrit Orontes
55 632 654 666 Sceptra tenens late magna ditione gubernet?
55 666 606 699 Scilicet hæc & virtuti,ingenuoque labori.
56 698 753 733 Conueniunt, namque ille diu in ſua damna ruentes
55 732 546 766 Victor Eryt hræi depellit littore Ponti
54 764 611 795 Prædones Arabum; ſimul & felicibus aus
56 798 726 832 Transfluuium Euphratem, trans pictæ Perſidis aru
55 832 618 866 Cogit Ithyræo gaudentes vulnere Patthos.
53 864 700 899 An nemorem quod Coryciæ prope mœnia Tar
53 898 675 932 Bettulit infefto ex Turcâ ſublime trophæum?
53 931 651 965 An ſubito oppreſſa Nthiopum ſeruilia bella?
54 965 663 999 Sed nec adhuc tanto famæ contentus honore;
53 999 649 1031 Muneribus placet Italiam penetrare, ſuaque
53 1032 686 1065 Laude frui: magno ſic vecta per æquora ſumptu
53 1065 632 1099 Bellua, quam priſci coniuncta voce Camelo
53 1098 692 1132 Pardalim appellant, geminum cui ertiee coru
52 1132 647 1166 Fulget, & inſigni diſtinctum tegmine corpus.
52 1163 617 1198 Felix ile quidem cunctis qui cognitus oris
54 1195 601 1228 Non vitam ferro amiſit, ſed morte quiet
51 1224 739 1266 t natus lachrmans poſuit ſua membra epulchro
725 1259 830 1285 I Mi-
