866 1353
320 59 535 83 PAVLLI
196 101 584 133 Is athiam Cruinum,ege.
35 134 356 168 VOS qui celeri gradu
74 166 484 200 Lucum Caſtaliæ rupis, & ardua
40 201 329 234 Parnaſſi iuga ſcandere
76 236 608 268 Certatis viriden per nemorum coma,
37 267 357 303 Qu riuo reſonans ſacro
71 299 605 334 Leni lympha fugax perſtrepit alueo;
38 335 408 368 Auratæ cytharæ modos,
80 366 545 401 Inſignemque lyram ponite, ponite:
38 401 326 435 Si quis poſſe putat ſuo
72 432 600 466 Cantu, & grandiloqui carmine Pindari
39 468 362 502 Regem Pannoniæ decus
74 499 566 526 Coruinum meritis tollere honoribus.
39 531 334 563 Nam ſiMœonii ſenis,
74 566 518 601 Seu quæ irgilii Muſa canit Deos
40 601 329 629 Seſe reddat ab inferis,
74 631 546 672 Nec curet Siculæ regna Proſerpinæ;
40 668 383 702 Haud vnquam valeat ſatis
73 699 563 735 Summis, ceu deceat, tollere verſibus
39 736 429 768 Coruinum egregium ducem;
70 767 552 803 Quem nec Laurigeri paſcet Apollinis
41 802 336 830 Laus, nec Pierii Chori
67 832 595 871 Princeps, dulce canens Calliope melos.
300 869 488 892 In Vitellorium.
35 898 811 935 EHEVquid faciant, cuiqua homines curve habeant fide
38 934 668 968 Ten ſic negligis?atque ipſe tui nil memor impii
38 967 688 1001 Te imprudens potuiſti manibus credere Borgiæ,
35 1000 619 1034 Infauſtis manibus, ſacrilegis, atque nefariis?
37 1032 697 1070 Quid ſi non tibi notiſſimus vſque, & ſatis, & ſuper
30 1067 664 1098 Cunctis ille fuiſſet rabidus, Barbarus, impotens,
37 1101 717 1134 Humani generis pernicies, atque hominum lues:
35 1133 659 1167 At non te latuit quid fugiens Cæſaris impetum
33 1166 579 1191 Olim dixerit e carminibus Mœonii ſenis
33 1198 641 1232 Pompeius, Pharii quum peteret littora perfida
28 1230 635 1266 egis naue cit. Non equidem vita ferocibus
676 1265 816 1294 Commit-
