857 1351
332 59 521 84 PAVLLI
45 67 106 89 62
49 100 605 132 Suſtulit Herculeo confoſſum Feltrius icm,
119 138 342 165 Sciliet vt merito
49 167 570 205 Snblatus terris Stygias inuiſeret vmbras
115 205 432 238 Tergeminumq, canem;
50 234 545 272 Perpetuas illic pœnas, & ſæua daturs
118 269 438 305 Supplicia. heu miſerum,
49 301 591 339 Te pudor & pietas, & relligionis honores
116 339 338 371 Deſeruere ſimul:
48 366 685 407 Pro quibus inuidiam & rabiem exercereſolebes,
118 405 338 439 Imperium patriæ
50 436 561 465 Affectans, tumidi dum te victoria Galli
120 474 363 506 Erigit, atque putas
48 502 587 538 Ilius auſpiciis cuncta exoptata referre:
118 539 330 565 Sed vetuere Dei.
50 570 614 603 At vos iam dudum cæſo gaudete Tyranno,
119 605 369 632 Patritiorum animæ
50 637 620 672 Et tu cum placido lætare, Bononia, Rheno,
120 672 426 707 Nam quis erit ſcelerum
52 701 652 739 Tantorum inuentor, qui trites improbus iras
118 739 429 778 Effugiat Superum?
211 779 476 809 In Barfhol Liuianum.
51 825 717 862 Cæſar eras quondam exectus iam matre petempt
53 860 574 890 Infans vitales blandi dum luminis auras
53 894 629 926 Haurires, cœlum medium Mauorte tenente
55 926 667 964 Mox quia te cuncis clarum tua maxima virtus
53 959 583 992 Fecit, & æternâ vexit ſuper æthera famà,
55 990 778 1031 Qud te magnanimum, qubd fortem pectore, & armis
57 1026 677 1061 Contra mille acies, atque agmina millia contra
56 1059 646 1094 Hadriaci cenſere patres, Venetmq; Senatus,
57 1092 658 1127 Certe non aliud tibi, quam de Cæſare nomen
57 1124 639 1162 Sumere debueras; quis enim te dignior illo?
57 1157 651 1194 Quum toties validum bello deieceris hoſtem,
56 1190 674 1224 Ettoties referas Veneto victore triumphumt
54 1222 628 1258 Teſtis erit Germana ſuo cum Cæſare pubes,
743 1262 842 1292 Fulmi-
43 1316 126 1348 m
