<?xml version="1.0" encoding="UTF-8" standalone="no"?><PcGts xmlns="http://schema.primaresearch.org/PAGE/gts/pagecontent/2019-07-15" xmlns:xsi="http://www.w3.org/2001/XMLSchema-instance" xsi:schemaLocation="http://schema.primaresearch.org/PAGE/gts/pagecontent/2019-07-15 http://schema.primaresearch.org/PAGE/gts/pagecontent/2019-07-15/pagecontent.xsd"><Metadata><Creator/><Created>2022-04-13T06:45:22</Created><LastChange>1970-01-01T00:00:00</LastChange><Comments/></Metadata><Page imageFilename="1336.png" imageHeight="1353" imageWidth="870"><TextRegion id="r1" orientation="0.0" type="paragraph"><Coords points="1,1 868,1 868,1351 1,1351"/><TextLine id="l1"><Coords points="341,51 341,76 538,76 538,51"/><TextEquiv><Unicode/></TextEquiv><TextEquiv index="1"><Unicode>PAVLLI</Unicode></TextEquiv></TextLine><TextLine id="l2"><Coords points="630,127 630,93 57,93 57,127 101,129 338,129"/><TextEquiv><Unicode/></TextEquiv><TextEquiv index="1"><Unicode>Speauit facibus fulmineis ſpargier omnia:</Unicode></TextEquiv></TextLine><TextLine id="l3"><Coords points="332,161 464,162 551,160 683,160 683,128 339,129 184,131 56,128 56,162 280,163"/><TextEquiv><Unicode/></TextEquiv><TextEquiv index="1"><Unicode>Tormentoq; ſtrepenti indoluit mœnia concuti</Unicode></TextEquiv></TextLine><TextLine id="l4"><Coords points="696,162 332,162 280,164 55,163 55,195 696,195"/><TextEquiv><Unicode/></TextEquiv><TextEquiv index="1"><Unicode>At qui Tuſca colunt littora, quà pulcher Etruriæ</Unicode></TextEquiv></TextLine><TextLine id="l5"><Coords points="688,196 555,195 369,197 55,196 55,226 87,226 95,228 688,228"/><TextEquiv><Unicode/></TextEquiv><TextEquiv index="1"><Unicode>Arnus rura rigat, veliuoli olim domini maris</Unicode></TextEquiv></TextLine><TextLine id="l6"><Coords points="628,229 561,228 297,231 135,231 104,230 94,228 54,228 54,261 628,261"/><TextEquiv><Unicode/></TextEquiv><TextEquiv index="1"><Unicode>Pſani, eximiâ laude canunt illius inelytum</Unicode></TextEquiv></TextLine><TextLine id="l7"><Coords points="54,262 54,296 643,296 643,262"/><TextEquiv><Unicode/></TextEquiv><TextEquiv index="1"><Unicode>Nomen, iuſtitiâ percelebre, &amp; munificenti.</Unicode></TextEquiv></TextLine><TextLine id="l8"><Coords points="718,296 455,296 351,298 218,297 125,298 94,296 55,296 55,329 718,329"/><TextEquiv><Unicode/></TextEquiv><TextEquiv index="1"><Unicode>Salue Auguſte diu; teq; ſimul magnanimus nepos</Unicode></TextEquiv></TextLine><TextLine id="l9"><Coords points="663,330 645,329 423,330 317,332 126,331 51,329 51,362 663,362"/><TextEquiv><Unicode/></TextEquiv><TextEquiv index="1"><Unicode>Inuictus Carolus, perpetuis auctet honoribus,</Unicode></TextEquiv></TextLine><TextLine id="l10"><Coords points="32,363 32,397 655,397 655,363"/><TextEquiv><Unicode/></TextEquiv><TextEquiv index="1"><Unicode>Ardentis Libyes perdomitor. Nam tua gloria</Unicode></TextEquiv></TextLine><TextLine id="l11"><Coords points="54,397 54,431 603,431 603,397"/><TextEquiv><Unicode/></TextEquiv><TextEquiv index="1"><Unicode>Eſplendore ſuo nobilior fulget; vt aureis</Unicode></TextEquiv></TextLine><TextLine id="l12"><Coords points="706,429 564,429 469,432 308,431 224,432 54,430 54,470 125,470 130,468 161,468 173,470 513,470 524,460 545,459 655,461 667,470 706,470"/><TextEquiv><Unicode/></TextEquiv><TextEquiv index="1"><Unicode>Ex Phœbiradiis pulchra micant cornua Cynthiæ.</Unicode></TextEquiv></TextLine><TextLine id="l13"><Coords points="192,476 192,509 547,509 547,476"/><TextEquiv><Unicode/></TextEquiv><TextEquiv index="1"><Unicode>In tres Duces familia Balione.</Unicode></TextEquiv></TextLine><TextLine id="l14"><Coords points="54,518 54,554 626,554 626,518"/><TextEquiv><Unicode/></TextEquiv><TextEquiv index="1"><Unicode>Tres ſimul Heroas pictor, tria fulmina belli</Unicode></TextEquiv></TextLine><TextLine id="l15"><Coords points="395,587 395,555 121,555 121,587 272,589"/><TextEquiv><Unicode/></TextEquiv><TextEquiv index="1"><Unicode>Pinxit in hac tabulâ.</Unicode></TextEquiv></TextLine><TextLine id="l16"><Coords points="674,581 446,581 436,587 430,588 272,590 101,588 69,585 61,581 53,581 53,622 67,622 71,620 130,620 186,622 674,622"/><TextEquiv><Unicode/></TextEquiv><TextEquiv index="1"><Unicode>Hoſpes ſummiſſis genibus ter lumine luſtra:</Unicode></TextEquiv></TextLine><TextLine id="l17"><Coords points="120,623 120,648 379,648 379,623"/><TextEquiv><Unicode/></TextEquiv><TextEquiv index="1"><Unicode>Ter venerare duces</Unicode></TextEquiv></TextLine><TextLine id="l18"><Coords points="52,655 52,690 695,690 695,655"/><TextEquiv><Unicode/></TextEquiv><TextEquiv index="1"><Unicode>Gaudeat vt geminis pater inclitus, aſpice, natis;</Unicode></TextEquiv></TextLine><TextLine id="l19"><Coords points="119,691 119,724 359,724 359,691"/><TextEquiv><Unicode/></TextEquiv><TextEquiv index="1"><Unicode>Et pariter gemini</Unicode></TextEquiv></TextLine><TextLine id="l20"><Coords points="572,723 406,723 290,726 49,723 49,756 572,756"/><TextEquiv><Unicode/></TextEquiv><TextEquiv index="1"><Unicode>Vt patre lætentur nati, Mauortia pubes.</Unicode></TextEquiv></TextLine><TextLine id="l21"><Coords points="123,758 123,783 357,783 357,758"/><TextEquiv><Unicode/></TextEquiv><TextEquiv index="1"><Unicode>O celebranda diu</Unicode></TextEquiv></TextLine><TextLine id="l22"><Coords points="690,791 51,791 51,823 68,823 73,821 109,821 136,823 690,823"/><TextEquiv><Unicode/></TextEquiv><TextEquiv index="1"><Unicode>Norica progenies, centum dominata per annos,</Unicode></TextEquiv></TextLine><TextLine id="l23"><Coords points="390,825 306,826 243,824 165,825 119,823 119,849 390,849"/><TextEquiv><Unicode/></TextEquiv><TextEquiv index="1"><Unicode>Te mea Muſa canet.</Unicode></TextEquiv></TextLine><TextLine id="l24"><Coords points="54,857 54,893 665,893 665,857"/><TextEquiv><Unicode/></TextEquiv><TextEquiv index="1"><Unicode>Nam patrem inſigni clarum virtute, maligna</Unicode></TextEquiv></TextLine><TextLine id="l25"><Coords points="120,893 120,924 335,924 335,893"/><TextEquiv><Unicode/></TextEquiv><TextEquiv index="1"><Unicode>Perculit inuidia.</Unicode></TextEquiv></TextLine><TextLine id="l26"><Coords points="639,924 381,924 371,926 178,926 52,924 52,960 59,957 72,956 163,957 188,959 639,960"/><TextEquiv><Unicode/></TextEquiv><TextEquiv index="1"><Unicode>Credulus heu nimium, ſummiſit colla ſecui</Unicode></TextEquiv></TextLine><TextLine id="l27"><Coords points="341,960 188,960 163,958 118,958 118,983 341,983"/><TextEquiv><Unicode/></TextEquiv><TextEquiv index="1"><Unicode>Præſidis Auſonii.</Unicode></TextEquiv></TextLine><TextLine id="l28"><Coords points="52,991 52,1026 600,1026 600,991"/><TextEquiv><Unicode/></TextEquiv><TextEquiv index="1"><Unicode>At vos Etruſci meruit nam ſculpier auro</Unicode></TextEquiv></TextLine><TextLine id="l29"><Coords points="120,1028 120,1059 401,1059 401,1028"/><TextEquiv><Unicode/></TextEquiv><TextEquiv index="1"><Unicode>Carmine perpetuo</Unicode></TextEquiv></TextLine><TextLine id="l30"><Coords points="649,1058 429,1058 423,1060 407,1061 106,1060 93,1058 51,1058 51,1089 649,1089"/><TextEquiv><Unicode/></TextEquiv><TextEquiv index="1"><Unicode>Ductorem veſtrum Baleonum tollite ad aſtra,</Unicode></TextEquiv></TextLine><TextLine id="l31"><Coords points="464,1126 464,1094 301,1095 122,1093 122,1124 125,1125 405,1127"/><TextEquiv><Unicode/></TextEquiv><TextEquiv index="1"><Unicode>Ob patriam, atque domos</Unicode></TextEquiv></TextLine><TextLine id="l32"><Coords points="657,1125 500,1125 405,1128 270,1128 51,1125 51,1159 60,1159 65,1156 115,1156 200,1159 657,1159"/><TextEquiv><Unicode/></TextEquiv><TextEquiv index="1"><Unicode>Hoſlibus ereptas, ſeruataq; templa Deorum.</Unicode></TextEquiv></TextLine><TextLine id="l33"><Coords points="120,1160 120,1191 409,1191 409,1160"/><TextEquiv><Unicode/></TextEquiv><TextEquiv index="1"><Unicode>Nec minus interea</Unicode></TextEquiv></TextLine><TextLine id="l34"><Coords points="610,1190 423,1190 415,1192 372,1193 51,1190 51,1221 610,1221"/><TextEquiv><Unicode/></TextEquiv><TextEquiv index="1"><Unicode>Egregius toto celebretur Horatius orbe</Unicode></TextEquiv></TextLine><TextLine id="l35"><Coords points="119,1224 119,1257 316,1257 316,1224"/><TextEquiv><Unicode/></TextEquiv><TextEquiv index="1"><Unicode>Viuite in Elyio</Unicode></TextEquiv></TextLine><TextLine id="l36"><Coords points="766,1264 766,1294 844,1294 844,1264"/><TextEquiv><Unicode/></TextEquiv><TextEquiv index="1"><Unicode>Fei-</Unicode></TextEquiv></TextLine><TextEquiv><Unicode/></TextEquiv></TextRegion></Page></PcGts>