870 1353
341 51 538 76 PAVLLI
53 58 113 82 I264
57 93 630 129 Speauit facibus fulmineis ſpargier omnia:
56 128 683 163 Tormentoq; ſtrepenti indoluit mœnia concuti
55 162 696 195 At qui Tuſca colunt littora, quà pulcher Etruriæ
55 195 688 228 Arnus rura rigat, veliuoli olim domini maris
54 228 628 261 Pſani, eximiâ laude canunt illius inelytum
54 262 643 296 Nomen, iuſtitiâ percelebre, & munificenti.
55 296 718 329 Salue Auguſte diu; teq; ſimul magnanimus nepos
51 329 663 362 Inuictus Carolus, perpetuis auctet honoribus,
32 363 655 397 Ardentis Libyes perdomitor. Nam tua gloria
54 397 603 431 Eſplendore ſuo nobilior fulget; vt aureis
54 429 706 470 Ex Phœbiradiis pulchra micant cornua Cynthiæ.
192 476 547 509 In tres Duces familia Balione.
54 518 626 554 Tres ſimul Heroas pictor, tria fulmina belli
121 555 395 589 Pinxit in hac tabulâ.
53 581 674 622 Hoſpes ſummiſſis genibus ter lumine luſtra:
120 623 379 648 Ter venerare duces
52 655 695 690 Gaudeat vt geminis pater inclitus, aſpice, natis;
119 691 359 724 Et pariter gemini
49 723 572 756 Vt patre lætentur nati, Mauortia pubes.
123 758 357 783 O celebranda diu
51 791 690 823 Norica progenies, centum dominata per annos,
119 823 390 849 Te mea Muſa canet.
54 857 665 893 Nam patrem inſigni clarum virtute, maligna
120 893 335 924 Perculit inuidia.
52 924 639 960 Credulus heu nimium, ſummiſit colla ſecui
118 958 341 983 Præſidis Auſonii.
52 991 600 1026 At vos Etruſci meruit nam ſculpier auro
120 1028 401 1059 Carmine perpetuo
51 1058 649 1089 Ductorem veſtrum Baleonum tollite ad aſtra,
122 1093 464 1127 Ob patriam, atque domos
51 1125 657 1159 Hoſlibus ereptas, ſeruataq; templa Deorum.
120 1160 409 1191 Nec minus interea
51 1190 610 1221 Egregius toto celebretur Horatius orbe
119 1224 316 1257 Viuite in Elyio
766 1264 844 1294 Fei-
73 1310 186 1351 .
