<PcGts xmlns="http://schema.primaresearch.org/PAGE/gts/pagecontent/2017-07-15" xmlns:xsi="http://www.w3.org/2001/XMLSchema-instance" xsi:schemaLocation="http://schema.primaresearch.org/PAGE/gts/pagecontent/2017-07-15 http://schema.primaresearch.org/PAGE/gts/pagecontent/2017-07-15/pagecontent.xsd"><Metadata><Creator>User123</Creator><Created>2020-04-25T21:20:21</Created><LastChange>2020-04-25T21:20:21</LastChange></Metadata><Page imageFilename="1337.png" imageHeight="1358" imageWidth="862"><TextRegion id="r0" type="paragraph"><Coords points="1,1 860,1 860,1356 1,1356"/><TextLine id="r0_l001"><Coords points="320,32 320,81 513,81 513,32"/><TextEquiv index="1"><Unicode>IOVI.</Unicode></TextEquiv></TextLine><TextLine id="r0_l002"><Coords points="757,50 757,75 827,75 827,50"/><TextEquiv index="1"><Unicode>I:</Unicode></TextEquiv></TextLine><TextLine id="r0_l003"><Coords points="608,82 556,82 548,84 516,84 450,82 290,82 286,80 95,81 69,78 1,78 1,121 608,121"/><TextEquiv index="1"><Unicode>Pelices animæ. quorm tener æthera virtus</Unicode></TextEquiv></TextLine><TextLine id="r0_l004"><Coords points="115,122 115,147 323,147 323,122"/><TextEquiv index="1"><Unicode>Sidere nobilior.</Unicode></TextEquiv></TextLine><TextLine id="r0_l005"><Coords points="201,167 201,199 526,199 526,167"/><TextEquiv index="1"><Unicode>In Pandulphum Peruccium.</Unicode></TextEquiv></TextLine><TextLine id="r0_l006"><Coords points="48,209 48,243 568,243 568,209"/><TextEquiv index="1"><Unicode>Occultine iuuere tibi ſub pectore ſenſus</Unicode></TextEquiv></TextLine><TextLine id="r0_l007"><Coords points="590,247 401,244 234,244 144,246 44,245 44,278 590,278"/><TextEquiv index="1"><Unicode>Petrucci tacitæv artes, ſecretaq; rerum</Unicode></TextEquiv></TextLine><TextLine id="r0_l008"><Coords points="645,280 406,278 204,278 136,280 44,279 44,311 645,311"/><TextEquiv index="1"><Unicode>Conſilia, atque aſtus veteris prudentia ſolers?</Unicode></TextEquiv></TextLine><TextLine id="r0_l009"><Coords points="635,314 417,311 203,311 136,313 43,313 43,337 635,337"/><TextEquiv index="1"><Unicode>An contecta dolis mendax tibi credita virtus:</Unicode></TextEquiv></TextLine><TextLine id="r0_l010"><Coords points="638,347 446,345 156,345 42,347 42,378 146,379 202,377 410,377 638,379"/><TextEquiv index="1"><Unicode>Atque humeris pullata diu circumdata veſtis,</Unicode></TextEquiv></TextLine><TextLine id="r0_l011"><Coords points="700,378 690,381 410,378 202,378 146,380 44,379 44,411 700,411"/><TextEquiv index="1"><Unicode>Nullaq, celſa domus, comitum tibi nulla caterua?</Unicode></TextEquiv></TextLine><TextLine id="r0_l012"><Coords points="618,416 616,415 410,411 212,411 159,413 43,412 43,443 618,443"/><TextEquiv index="1"><Unicode>Dum tu diſſimulans pro libeitate tuorum,</Unicode></TextEquiv></TextLine><TextLine id="r0_l013"><Coords points="634,448 427,445 173,445 92,447 42,446 42,478 56,479 534,478 634,480"/><TextEquiv index="1"><Unicode>Artibus his blandis incautam decipis vrbem;</Unicode></TextEquiv></TextLine><TextLine id="r0_l014"><Coords points="637,481 534,479 43,479 43,511 637,511"/><TextEquiv index="1"><Unicode>Et patrias leges renouans, ſoceroq, perempto</Unicode></TextEquiv></TextLine><TextLine id="r0_l015"><Coords points="769,512 698,512 685,514 453,512 135,512 96,514 43,514 43,544 769,544"/><TextEquiv index="1"><Unicode>Arripis Imperium, atque in te iura omnia transfem,</Unicode></TextEquiv></TextLine><TextLine id="r0_l016"><Coords points="703,548 449,545 218,545 160,547 42,546 42,577 55,578 703,578"/><TextEquiv index="1"><Unicode>Laude equidem dignum facinus, ſi numine dextro</Unicode></TextEquiv></TextLine><TextLine id="r0_l017"><Coords points="616,579 597,580 478,578 340,578 80,580 43,578 43,606 616,606"/><TextEquiv index="1"><Unicode>Di foueant; aut ſors non auerſata ſecundet.</Unicode></TextEquiv></TextLine><TextLine id="r0_l018"><Coords points="353,643 606,643 614,640 632,638 632,612 342,610 215,613 41,612 41,645 229,645"/><TextEquiv index="1"><Unicode>Sed qui te caſus, quæ te Fortuna ſequatut</Unicode></TextEquiv></TextLine><TextLine id="r0_l019"><Coords points="625,645 41,646 41,677 625,677"/><TextEquiv index="1"><Unicode>Aſpice; bis exul numquam tranquilla vidiſti</Unicode></TextEquiv></TextLine><TextLine id="r0_l020"><Coords points="584,678 338,677 207,678 142,680 39,678 39,710 584,710"/><TextEquiv index="1"><Unicode>Tempora turbatæ per mille pericula vitæ:</Unicode></TextEquiv></TextLine><TextLine id="r0_l021"><Coords points="658,707 631,707 624,710 608,711 382,710 306,712 201,711 126,713 39,712 39,744 239,744 402,742 473,742 528,744 658,744"/><TextEquiv index="1"><Unicode>Adde quod &amp; nati, quibus impia Regna parati</Unicode></TextEquiv></TextLine><TextLine id="r0_l022"><Coords points="562,745 403,743 240,744 191,746 40,745 40,775 562,775"/><TextEquiv index="1"><Unicode>Conuulſi inter ſe fœde, pars cæſa ſecuri,</Unicode></TextEquiv></TextLine><TextLine id="r0_l023"><Coords points="37,776 37,810 580,810 580,776"/><TextEquiv index="1"><Unicode>Haud vixere diu rgnandi heu dira libido;</Unicode></TextEquiv></TextLine><TextLine id="r0_l024"><Coords points="34,811 34,843 554,843 554,811"/><TextEquiv index="1"><Unicode>Diſcite mortales contenti viuere paruo.</Unicode></TextEquiv></TextLine><TextLine id="r0_l025"><Coords points="264,857 264,891 478,891 478,857"/><TextEquiv index="1"><Unicode>Pompeio Columnæ.</Unicode></TextEquiv></TextLine><TextLine id="r0_l026"><Coords points="662,900 660,898 36,898 36,932 169,932 299,930 367,932 662,932"/><TextEquiv index="1"><Unicode>Virtutem miratatuam, tuaq; inclyta facta</Unicode></TextEquiv></TextLine><TextLine id="r0_l027"><Coords points="547,933 367,933 328,931 169,933 69,932 69,965 547,965"/><TextEquiv index="1"><Unicode>Lætata eſt tanto Roma ſuperba viro,</Unicode></TextEquiv></TextLine><TextLine id="r0_l028"><Coords points="755,971 750,965 197,965 140,967 36,966 36,997 52,998 755,998"/><TextEquiv index="1"><Unicode>Virtutem illa eadem indoluit, tuaq; inclyta facta</Unicode></TextEquiv></TextLine><TextLine id="r0_l029"><Coords points="483,1000 411,998 244,998 198,1000 71,999 71,1031 483,1031"/><TextEquiv index="1"><Unicode>Ingenio ciuis Roma caduca ſui.</Unicode></TextEquiv></TextLine><TextLine id="r0_l030"><Coords points="570,1030 536,1030 532,1032 316,1031 161,1033 36,1032 36,1064 570,1064"/><TextEquiv index="1"><Unicode>Sic patriæ carum virtus te fecerat; orbi</Unicode></TextEquiv></TextLine><TextLine id="r0_l031"><Coords points="70,1065 70,1102 649,1102 649,1065"/><TextEquiv index="1"><Unicode>Illa eadem ingratum reddidit, &amp; patriæ.</Unicode></TextEquiv></TextLine><TextLine id="r0_l032"><Coords points="200,1118 200,1153 593,1153 593,1118"/><TextEquiv index="1"><Unicode>In Baſilium Moſcouiæ Pripen.</Unicode></TextEquiv></TextLine><TextLine id="r0_l033"><Coords points="535,1159 26,1159 26,1193 535,1193"/><TextEquiv index="1"><Unicode>Et ſi te nullis inſignem fama trophæis</Unicode></TextEquiv></TextLine><TextLine id="r0_l034"><Coords points="651,1200 627,1200 611,1196 605,1196 600,1198 456,1198 439,1195 403,1194 204,1195 97,1193 69,1194 69,1228 651,1228"/><TextEquiv index="1"><Unicode>Baſili fine laude per orbem,</Unicode></TextEquiv></TextLine><TextLine id="r0_l035"><Coords points="717,1234 717,1264 822,1264 822,1234"/><TextEquiv index="1"><Unicode>At ſ</Unicode></TextEquiv></TextLine><TextLine id="r0_l036"><Coords points="480,1234 480,1260 602,1260 602,1234"/><TextEquiv index="1"><Unicode>LIll</Unicode></TextEquiv></TextLine><TextLine id="r0_l037"><Coords points="797,1335 797,1352 832,1352 832,1335"/><TextEquiv index="1"><Unicode></Unicode></TextEquiv></TextLine></TextRegion></Page></PcGts>