855 1356
313 41 512 67 PAVEEE
34 80 671 118 At ſemper victum referat, ſemperq; ſubactum
70 116 464 152 Horribili in certamine Martis.
38 147 659 185 Sarmata quum toties te fuderit, atque Gelonus
73 183 433 214 Obruerit tua caſtra ſagittis;
38 212 687 250 Et tua Regna ferox pubes populata Scytharum.
72 250 413 283 Te patriâ ſolioq; fugarit:
40 280 580 316 Non ingrata tamen tibi ſe debere fatetur
56 315 534 342 Haud meriti immemor Itala tellus,
42 345 606 383 Namq; tuo nobis ignotos muncre Mofcos,
77 383 399 415 Et Scythici Borealia cœli
42 413 780 455 Regna aperis, Tanaimq; Trueem, penitusq; repoſtam
78 448 473 481 Perpetuis ſub nubibus Arcton.
45 474 689 515 Sed quid Hyperboreos veterum mendacia iactat
76 516 460 548 Riphæo ſub caxdine montes?
44 546 639 572 Tu Baſili nobis cæcam tu diſcutis vmbram
79 583 458 613 Nos ideo pro munere tanto,
45 613 701 648 Rite tuam effigiem Lari veneramur ad vndam;,
80 648 491 681 Nomenq; immortale ſacramus.
206 689 583 723 I Muleſſen TuetanumRgem.
46 733 649 766 inque tuasrupes; & inhoſpita ſaxa Celeno,
80 766 596 799 Infandis Strophadum fixa diu ſcopulis;
49 800 619 832 Currite vos aliæ Harpyiæ, furialia monſtra
81 832 616 866 Non Calais, ethes non agitator erit.
49 865 643 897 Huc agite: antiqui renouetur fabula Phinei,
82 899 636 931 Atque iterum iutactas polluite ore dapes.
45 931 731 964 Non erat Oedipodes, qui fœda obcrimina, lucem
85 964 532 996 Ipſe ſibiinfenſis vnguibus eripuit.
50 998 608 1028 Pnorum ille fuit cunctis notiſſima labes,
83 1031 663 1065 Maurorum ille fuit peſtis, & opprobrium.
52 1064 612 1098 Nec duro exilio factus miſer, atq; ſuperbus
85 1097 574 1130 Pontificis ſanctis oſcula dat pedibus.
50 1131 582 1159 rui huic lumennatus, vel numinis ira
85 1162 521 1194 Illius vt fiatres, & pater vltus eat.
47 1194 748 1232 Tutamen his gaudes ſcriptis Rex Barbare, qud te
763 1235 853 1270 io;
