859 1360
350 51 505 89 rOv I.
71 104 519 136 Poſſe diu credis viuere in hiſtori;
41 140 731 174 Sribitur hæc aliis, ne tam impia facta ſequantur,
29 172 636 207 Vtq; auctor ſcelerum in Tartara ſolus agas.
223 219 512 254 In Pyrhum Stipicianum.
21 256 691 297 Hunc cinerem, & magni ſaxum venerabile buti,
40 297 578 330 Et nimis ereptum propere vitalibus auris,
38 329 625 366 Heroa inſignem lacrymis decorate ſupremis,
37 365 678 404 Ingentemq; animam mmſtà ter voce vocate
38 398 705 436 Heu Prceres, quibus ardor ineſt, & gloria Martis,
40 430 665 468 Quis melius fera bella colat? venerandaq; iura
38 464 625 501 Mili:iæ? tu fransge comas; & percute pectus
36 497 620 534 Ipſa tuum, Belloca, manu, validisq; lacertis
38 529 568 562 Enſ sq;, & galeas, & forti haſtilia ferro
21 563 595 599 Diſiie deturbans, immittiq; obrue ponto
36 597 587 632 Qicquid in .oliis excuſſit Lemnius oris.
36 630 684 667 ſe per Eiyſium, perq; vmbriferas conualles
36 666 592 700 Teirenam exutus molem, noſtriq; laboris
35 699 674 735 Securus, veteres Phrygas inter, & inter Achiuos,
35 731 663 767 Romulidumq; Duces, Romani ſanguinis ipſe
35 766 646 800 Nunc acres exercet equos, nunc agmina victor
36 796 667 835 Pailim pugnaci ſternens quæque obuia dextrâ
33 832 659 868 Prorerit, atque hoſtes cogit dare terga ſequenti
35 864 581 901 Sed quid in Eſyſio prodeſt victoria campo
33 897 562 930 Auſoniæ? quæ mœſta diu ſarcire ruinas
34 931 663 965 Hoc duce ſperabat. Cimbros non illafurentes,
32 963 642 997 Aut ſæuum duris Gallum extimuiſſet in armis
34 996 550 1035 Obſidio, & rerum triſtis penuria teſtes.
31 1031 774 1067 Ille animum inuictum numquam in diſcrimin ſumm
30 1064 529 1100 Deiecit, dum ſe crudeli traderet hoſti,
30 1097 561 1133 An ſe iactabit Caſilini gloria tantum?
31 1130 669 1168 Extremamq; famem perpeſſa Petilia quondam?
30 1164 702 1204 Nunc gemat Auſonia & certe c eſt ira Deorum
31 1198 626 1240 Vos Manes gaudete pii, ſanctnmq; per altos
31 1230 512 1269 Fortunaterum altus, ſedesq; beatas
729 1268 819 1303 r:
