856 1359
352 46 508 84 IOVII.
758 61 819 85 ts
38 98 557 131 Conuerſo felix ſtudio Fortuna fauebit.
132 146 660 181 In Coſmum Medicem Florentinum Principem.
34 191 626 226 Qualis Hyperboreo lætus Gradiuus in orbe
34 225 635 259 Fumantes quum ſoluit equos, ſudantiaq; ors
34 259 622 293 Strymonis in ripa victricibus abluit vndis;
33 292 632 326 Iam furor, & rabies armorum, iræq;, minæq;
32 325 621 359 Belligero cecidere Deo, tranquillus inerrans
33 359 615 391 Ore rubor, placido fignat ſua lumina vultu;
33 391 588 426 Ille ſedet luſtrans oculis & mente benignâ
33 425 721 459 Armiferam Thracen, defenſumq; hoſtibus Hebru
36 458 584 492 Proſpicit, & Geticæ ſecuta mapalia terræ;
36 492 685 526 Tam Veneris blandum pertentant gaudia pectus.
34 526 537 558 Talis magnanimi diuino lumine Coſmi
35 559 566 594 Ante alias longe radians effulget imago,
35 591 719 626 Ingentesq; gerens humeros, auguſtaq; membra
34 626 648 660 Effigies vllum numquam peritura per æuum
32 660 587 693 Vertice nudato celſum caput exerit armis;
32 692 578 726 Sidereosq; oculos, regalia lumina vibrans
31 725 571 759 Pacatam ſe ſe populis ſpectantibus offert.
31 759 636 793 Ceu cum depoſito magnarum pondere rerum
32 793 626 826 Olli tranquillam demulcent gaudia mentem,
28 826 599 858 Igenti cum iam ceciderunt monſtra ruinâà
31 859 614 892 Qua ſe deuicto mons Murlius erigit hoſte;
7 892 621 926 Quum iam læta ſuo felix Duce Flora quieſcit
29 924 693 959 Atque Etruſca ſalus tanto fb Principe tuta eſt,
201 1018 644 1054 IVLIIIOVII.
347 1076 512 1102 Io. AMſedici.
31 1116 712 1159 RINCIPISErruſci genitor fortiſſimus Heres.
31 1156 608 1189 Qui noua belligeri gloria Martis eras:
29 1188 642 1222 Barbara gens vidit quantum pollebat in armis
65 1221 601 1258 Vis tua, quæ ſempor terror in hoſte fuit.
471 1261 584 1294 LlI3
750 1260 817 1282 At te
