861 1351
259 35 587 62 IVLII IOVII.
39 78 717 117 At te equidem conſtat percuſſum fulmine, fato
34 113 504 148 Italiæ potius, quam cecidiſſe tuo.
42 145 589 176 Attamen es felix Italam fortiſfime ductor
77 180 586 216 Non quia perpertuos det tibi fama dies.
41 206 749 249 Sed poſtquam imperium, tibi quod virtute parabas,
75 247 528 282 Magnanimæ proli fata dedere tuæ.
145 293 643 326 In Carolum Aurelianum Franciſci Regis fil.
36 333 644 373 Te fera mors Carole eripuit florentibus annis,
76 374 618 406 Inſubriæ Cæſar dum tibi regna parat.
38 402 678 440 Illa diu extinctum ingemuit, te ſoſpite, nam ſe
79 440 552 473 Crediderat tantis poſſe carere malis.
39 472 620 506 Inſubriæ, & Gallis raperis; maiora ſed illi
69 506 649 539 Damna tulit, mœſtæ mors tua quàm patriæ.
264 555 510 590 Ferdinando Gonzaga.
39 591 657 629 Macte aimo egregio decus inſuperabile gentis
38 624 648 662 Gonzagæ; quem tanta rapit ſuper æthera belli
44 659 576 696 Gloria, quæ ſtabit claris æterna trophæis,
43 691 686 727 Auſonios inter proceres, & Martis alumnos.
44 725 677 761 Sic ſplendore nites, quantum omni ſidere maior
42 758 695 794 Sol micat irradians, totum qui illuminat orbem.
42 791 718 829 Belgica gens, Libyæq́; vrbes, Rhodanusq́; ſuperbus,
41 825 644 860 Arnus, & ingens Danubius, Tybrisq́; fatentur
37 858 639 895 Quantum conſilio Fernandus poſſit & armis;
43 892 604 927 Æternos cui bellipoteus conceſſit honores
43 925 639 959 Militiæ, vt Carolo dignus, dignusq́; Philippo.
42 959 616 994 Inſubriæ regeret iuſto moderamine gentes.
39 992 625 1028 Ergo tibi partos inuicto Marte triumphos,
44 1024 673 1061 Suſcipe magnanime Heroum. te celſa fugatis
38 1059 614 1093 Hoſtibus aſſequitur celeri Victoria paſſu.
42 1091 671 1127 Viue igitur felix, volitans tua nam inclita virtus
42 1124 742 1159 Clara per ora virûm, celſum conſcendet Olympum.
204 1174 567 1197 In Ioan. Tarnouium Sarmatam.
41 1210 611 1245 Salue o Sarmaticæ gentis fortiſſime ductor;
744 1243 827 1271 Iuſti-
