860 1358
257 36 580 61 ENEDICTI
103 73 699 111 Ibit hac illac iuuenis pallidus, & redibit
39 111 296 144 Se ſe in equo lupata
38 144 626 176 Mandenti oſtentans, auroq; & cine decorus
38 177 475 210 Compoſito, qui vulnere Amoris
40 206 649 245 Victus ſtare loco neſciet: ac, certa velut canum
40 244 472 278 Fides herum quærit latentem,
43 277 338 310 Per fora perq; domos,
45 309 555 344 Sic illum trepidans cor feret, ac miſer
43 342 722 380 Suſpiciens, oculos vertet modo huc, illuc modo,
42 376 386 409 Cernere vt queat ſuam;
44 411 537 442 Licet hine obſtiterit magnus & inde
46 442 702 485 Populus, qui ftudiis ſe paribus fundet eodem
112 476 573 509 Nam quæ voluptas fugerit inuida?
43 509 362 538 Sen certamina blandius,
20 542 474 576 Seu te percutient ſtolæ decentes,
46 576 495 609 Totq; luxn regifico apparatus,
43 607 572 643 Vt hæſites, quo lumina intendas tua,
47 641 310 675 Vbiue defigas priùs.
47 675 488 710 Inde, vbi præmia iam peracta, &
47 709 518 745 Confecti erunt ludi, ſerena quando
48 743 303 771 Nox induxerit atro
52 775 215 803 Sidera cœlo,
117 808 513 843 lpſas inibunt lætitiæ domos,
47 842 416 874 Tunc cœnæ arbiter & meri,
45 876 508 910 Vinctus crinem apio. decem iubebit
43 910 556 943 Principem Augutum cyathis bibamus,
45 945 556 976 Quem nuper aureus capitum maxime
47 976 338 1010 Sol reddidit genti ſuæ,
46 1009 414 1041 Præcipue tibi præter omnes,
45 1042 457 1076 Qu oara ſemper Sforciis fait,
46 1076 364 1113 Ex quo ſe omine primo,
45 1108 195 1139 Dia iugarat
111 1142 786 1173 Blanca Franciſco, vnde deus Sforciadum, furorem
45 1172 351 1205 Qui toties repreſit
42 1203 639 1242 Hoſtilem. victus nunquam; iuſtiſſimis idem
765 1247 828 1277 Siue
