851 1362
240 59 551 89 LAMPRIDII.
32 99 479 137 Animi; pareſq; moribus raris viæ,
62 137 373 169 Idemq; virtutum calor,
29 235 639 268 Heu dum reuoluo hæc, mens perhorreſcit mea,
59 269 420 302 Nec quid loquar ſatis ſcio.
26 293 630 336 An quicquam amico dulcius nobis datum?
56 335 453 363 Vincis Thebalde, & me fimul
27 369 614 404 Rapis grauem in luctum, dolentem téne ege
55 402 406 435 Videbo, quin ſim particeps
20 437 579 469 Doloris? anne quenquam amare tu potes,
52 469 454 496 Vt non eundem tecum amem,
18 502 575 535 Viſum licet nunquam? ſed vt cunctos dios
53 535 449 563 Bonum fleamus Timotheum,
24 569 541 604 Nunquam remixtæ lacrymis voces piis
54 602 435 637 Plutonium flectant canem.
24 634 521 670 Quicunq; naſcimur breui poſt lumine
1 669 371 702 Æternus impedit ſopor
24 701 511 738 Nectum genus,puriq; candor ingeni.
54 735 329 769 Nec qualis illius fuit
19 763 656 802 Plena hoſpitum domus, ſemel vinctum excitent.
41 803 333 835 Fatis nihil potentius:
20 834 426 860 Mutare ſæua fata noc volubilis
50 868 400 901 Valet potens cœli Deus:
10 901 452 934 Qui ſi velit caris rogos depellere,
48 935 316 960 Euadat irritus labor.
219 967 576 1001 In obitum Card. Sedunenò.
47 1000 578 1034 Erg ne ſic poſitum aſpicio ergo ne
18 1035 305 1067 Te vetitum æthereâ
16 1068 317 1099 Luce paſci, te optime
16 1101 485 1133 Matthæe, qui maioribus edirenullis
16 1133 466 1167 Tantus fuiſti? rurſus obuerlabitur
14 1166 295 1196 Ille mihi ante oculos,
15 1199 498 1232 Quo maius inter milla nullum aliud
15 1232 607 1267 Monſtrum vrbs alit, quo ſoſpite ſempererut
693 1260 803 1291 ee,
