858 1362
261 50 574 76 L. A.MMPR I. D II.
36 90 342 128 Formoſo exeſpiat ſinu,
35 125 506 161 Namque olim mihi ſæpe tu ſolbas
36 161 402 193 Hunc ſuper dulci mero
36 190 518 226 Præcipuis dare laudibus anglum
100 227 462 259 Olim viuax fama ſequentes
34 259 504 294 Dicet per annos, hic iuuenum fuit
33 293 493 323 Decus, hic ſtudiorum fuit vnicum
33 326 506 362 Specimen, dum fugeret triſtia fata:
32 362 383 395 Horret pectus amore
33 392 595 428 Iam iam propinquam te videre ad Helſm
25 429 295 454 Mente nouâ videor.
35 462 196 490 An mea læti
33 490 703 527 Vota reſpectant ſuperi? iam mihi Maeehe Gnoſum
31 526 658 561 Linque tuam, hue ſuper Icarios allabere fluctus
31 561 366 594 Delie, ſoſpite nil patrono
30 594 286 626 Dij beatius ferant.
172 644 634 679 Ad liuetam vilam Laurentij Putci
30 692 552 725 Dij collium, & Pallas te Oliuetum tua
32 729 323 761 Omnes diligat annos:
31 756 502 793 Læta etenim gremio excipis obuio
32 793 429 827 Nos vrbium actos principe
29 825 460 858 Româ cedere, finibuſq; amatis;
30 855 574 893 Quando immane ſonans arcus Apollinis
31 894 317 926 Sæuit, & atra lues.
31 925 409 958 Contigit omnia pent tecta.
97 955 637 992 Hue ergo venimus, tuum ſequuti herum,
31 992 326 1017 Per diſerimina multa,
31 1023 541 1059 Cum populis fugeremur ab omnibus,
32 1059 455 1091 Contagium teu peſtilens;
30 1090 488 1124 Nec victu reuocare nec ſopore
28 1122 497 1154 Tellus ſollicitos vlla animos daret
29 1158 367 1190 Quin etiam horrida nox
30 1189 461 1224 Per nemoa &loca ſenta euntes
104 1223 425 1259 Diſpicit inaros viarum.
