852 1361
241 47 551 76 LAMPRIDII
33 92 530 132 Quos amat. ergo ſub arbore laſſulum
35 129 365 161 Notat ſagax quærentium
35 161 474 191 Cura, non ſecus ac canes Lacænas
35 194 563 229 Vis innata & amor prædæ inhians regit.
35 230 262 262 Interea & reliqui
35 260 445 289 Caſum animo tulerant acerbo:
101 296 594 329 Nemo tamen Laurentio magis duce,
32 329 314 364 Quo propenſior alter
35 362 615 396 Non fuit inq, Detm, inq; hominum genus:
36 397 348 430 Cui ſi latens vis acrior,
35 426 553 462 Si mens læua patrum minus fuiſſet,
34 462 567 498 Antiquum obtulerant Imperium Remi,
37 497 356 530 graque nunc lacrymis
35 529 436 562 Roma vacet, miſeroque luctu.
101 555 531 596 O Roma qualis nunc es, quam
35 596 479 629 Mutata: ſed quid nænias Thalia
38 631 304 664 Ingrediamur nunc?
38 662 487 688 Nunc choris & lætitiæ vacandum.
36 696 330 730 Pan loci potens iubet,
34 729 517 761 Id Helſa Naiadum decora, quâ cum
37 764 423 796 Se oblectat modo per nemus
35 798 444 830 Palladium correptus amore;
32 828 537 863 Modo prop amnis murmura limpidi.
214 882 576 915 In obitum M. An. Columnam.
35 926 566 958 Te lemus almo Marce caſſum lumine,
36 960 555 986 Et noſtra damna flemus occaſu tuo.
36 994 495 1028 Non, quandiu ſoſpes fuiſti tu, fuit,
37 1027 566 1062 Quacumq; belli ſurgeret furor, metus;
37 1061 523 1091 Conſulta ſiue poſcerent ſocii duces,
37 1093 517 1126 Seu tempus eſſet arma cingi fulgida,
35 1126 511 1159 Et plurimas miſcere lethi imagines,
36 1160 579 1192 Cum funebrem pulſæ cient ſonum tubæ,
36 1192 563 1225 Teſtantur Etruſcorum amœna collium,
35 1226 526 1261 Notaſque Veronæ domos interfluens
740 1260 812 1284 Sacro
