859 1356
278 40 606 65 BEEDICTI
43 81 634 116 Sacro Atheſis amne, quem tegebas cognit.
45 116 540 150 Non ante vi, non vſtatis artibus,
47 149 572 184 Neptuniæ qnando obſiderent Venetiæ,
45 182 603 216 Totoq; militum incubarent robore.
41 215 555 248 Ah nunc tuis dum gratiam perſolueres
48 248 652 280 Gallis, Ducem acri Sfortiam bello petens,
42 282 494 314 Direxit ictum ferreæ Mauors pilæ,
44 315 571 349 Ceu fulmen atris emicat de nubibus.
45 349 568 384 Genti an quod inuiſæ doleret additum,
44 382 574 417 An quod doieret eſſe Diis parem virum,
44 416 519 449 Ortumque Tydeo timeret alterum,
46 449 611 482 Cum re eminentem cæteros omnes ſupe
45 482 552 515 Humeroſq; latos, cum Leonis lumina;
43 516 581 547 Et cerneret non imparatum, aut vincere
43 548 542 583 Quoquo irruiſſes, aut perire fortiter.
44 582 562 616 Vtrumq; magnis editos auis decet,.
45 615 546 647 Vir tute iuxta viuere & mori auſpice.
43 648 526 682 Ergo iaces, ita æmulo viſum eſt Deo:
45 683 628 716 Sed non iacet nomen tuum famâ inclytum,
46 716 556 749 Pro quâ genus Columnidarum ducitis
42 749 570 782 Nihil graue: at nos ciuitas omnis tamen,
45 783 574 815 Atq; Itali omnes, Galliæq; omnes male
40 814 543 847 Tantum dolorem ferre poſſumus pij,.
40 847 521 881 Eheu pij fruſtra: Charon omnes rate
41 881 527 913 Vltra vehendos acoipit, nullum citra.
278 930 543 954 Ad Petrum Melinum.
47 974 516 1010 Quando, Pierides, triſtior vrbs fuit
75 1007 655 1043 Qum nunc. quum ſubitus perculit omnia
75 1042 501 1075 Romani populi pectora nuntius
76 1076 396 1108 Implens ſollicito metu?
44 1105 506 1140 Eheu ne tenebris ſæua Proſerpina
75 1140 578 1173 Inuoluat iuuenum præcipuum decus:
74 1172 491 1203 Eheu ne generis corruat vltima
76 1204 411 1236 Spe, ſpes corruat vltima
708 1252 827 1281 Mdinus
