853 1361
298 56 607 79 LMPRIDII
42 96 520 132 Melinus generis, ſemper in hoſpites
73 131 560 165 Mqui, ſiue rubris hæcpareret domus
75 164 524 197 Vittis, pileoloque implicitos ſacro,
74 198 419 231 Seu magnos potius Duces.
41 229 561 263 Romanum eft, rigidas tollere fraxinos.
36 263 553 298 Et ferro egregiam quærere gloriam;
71 297 545 330 Marte vt Bitonio progenitos decet
75 331 381 365 Ater quem galea cruor.
37 363 522 396 Perouisà exiliens, & carebrum iuuat
70 397 544 429 Diſiectum intrepidi vulnere militis,
71 430 592 466 Qualem olim Marium pertimuit ferox
71 464 404 495 Rex, & cuncta Neapolis:
39 496 483 532 Cuius tu Marij ſanguis eras Petre,
71 528 625 564 Namq; illum populus non modo bellicis
68 563 521 595 Acrem rebus, at &iuſtitæ giauem
72 597 381 631 Nuper carmine lugubri
34 629 555 661 Feuit; nec dum etiam lumina lacrymis
68 663 537 692 Sunt abſtrſa, recens eſt adeo dolor,
69 696 608 731 Quem duro nimium tu cumulo auxeras.
66 731 376 764 Eheu pectus inhorruit
33 761 522 794 Dij tantum ſcels auertite, nue ſit
64 795 573 830 Mens diro Superum obnoxia crimini.
67 830 522 862 Sed flenti melius reddite coniugi
66 864 383 897 Et matris genibus piæ;
31 895 523 929 Cui pars vix ſupereſt tertia nominis
64 920 663 962 Huius. lapſam agedum reſtituat domum
62 962 598 996 Petrus, neu patriam prolis inops bonæ
62 997 411 1029 Tanto ſanguine pauperet.
28 1030 435 1062 Sed nobis alii ſe ſe Hieronymi.
60 1063 505 1095 Se ſe. Celſi alij nomina proferant
60 1096 510 1129 Non ignota; tener ludat in are
60 1131 365 1164 Imprimis Marius puer.
263 1165 382 1188 Ad Veios.
59 1196 495 1230 oo tandem video diu cupitos
32 1230 392 1265 Veij, quos memorant viris
734 1256 809 1293 lm
