859 1358
254 51 602 76 BENEDICTI
32 95 456 127 Olim Martigenis horrida prælia
32 127 615 161 Auſos conſerere, & lato dare plurima campo
33 163 301 194 Sæuæ corpora morti
104 194 543 227 Sed vobis fuit hæc priore in æuo
32 229 425 262 Laus; nunc percutiunt meum
33 262 564 295 Pectus cauſſæ aliæ, quæ magis attinent.
35 295 599 327 Gratum Diuitio arridetis, quo mihi in vno
34 326 327 361 Vita eſt ſoſpite ſoſpes.
104 361 453 395 Quàm dulce magnis à viris
31 393 449 427 iſdem eſt amari de ſtudiis lyrâ
30 429 499 461 Suaiore tamen præterit Angelus,
32 462 562 495 Nam ducit agmen ille, quicquid aggredi
30 494 549 527 Auſus eſt amplo, & tenui peræque
30 528 221 554 Comis amico.
97 559 563 595 Non turget, fora non ſuperbus ore
32 592 327 626 Inceſſuq; perambulat.
33 628 530 661 Sed laudem tribuit cuiq; ſuam bonus:
32 661 628 689 Nec ſe vt miremur, ſed Diis auctoribus omnia
31 695 298 728 Vult accepta referri.
96 726 519 762 Quin etſi patrui efferas galerum;
14 761 333 794 Surdis audiat auribus;
30 795 567 829 Narrariq; hominis poſtulet inclitum
29 828 591 861 Ingenium, quo ſe æthereis permiſcuit oris
30 862 352 895 Fortunæ illud enim dat;
96 895 457 929 Virtutis eſſe hoc autumat,
31 926 496 962 Quæ ſola veri nomen habet boni,
31 961 686 995 Proinde, quod decet, hunc quilquis amat, fimul
29 994 566 1026 Et vos amet. Iubenter hac vos gratiâ
28 1025 593 1062 Viſoque; & ſaluum volo vtrumq; leni hoc
23 1060 267 1086 Carmine ſexum.
278 1093 515 1126 Bal. catilioni
26 1125 512 1160 Quid ceſſas? agedum cingere Cypriâ
23 1160 486 1192 Myrto & tu nitidas Caſtilio comas,
60 1191 393 1224 Et paulum abiice magnas
90 1222 367 1255 Curas rege ſuper tuo.
747 1264 814 1297 Non
