862 1359
272 49 594 77 LAMPRIDII.
25 83 522 124 Ne tantum eriguis attenuem modis,
38 126 468 158 Fit longe melior, tollit & in dies
40 159 477 192 Se ſe; ceu tacito tempore populus
74 192 356 224 Vdo conſita margine.
38 225 562 258 Sic pondus, mea dum prorogo munera.
37 258 633 292 Creſcens vſque humero ſuſtineo impari,
36 292 546 334 Nil quamuis aliud mecum agitem diu
70 329 441 357 Secretum peragrans nemus,
35 360 606 394 Qum grato vt iuuenem pectine concinam,
36 392 561 428 Quinam ſæpe animo prima remetior,
36 425 552 458 Iam tum & Calliopes voce, & Apollinis
64 458 378 485 Cantandus citharâ fuit.
34 492 476 526 Ergo de teneris dicitur vnguibus
36 526 525 560 Non temnenda virûm conſiliis loqui
36 559 534 592 Auſus, quod Siculis gaudia ciuibus,
67 592 526 625 Et ſpem præbuit haud leuem;
34 625 537 659 Fruges terra licet Sicelis, & genus
33 658 582 690 Diuûm, & pennipedes iactet Olympio
34 691 513 727 In certamine equos, vnde virentibus
65 724 367 758 Intactæ foliis Deæ,
32 758 542 791 Altum vincta caput, lætitiam, & vagos
32 791 522 824 Per longum fremitus audiit æthera.
32 824 529 857 Ornatumque lyræ laudibus hoſpitæ,
66 857 389 890 Narraruntque domeſtici
30 887 558 925 Vates; blanda viris, quum dapibus ſuper
14 923 503 957 Plectro diuiderent carmina Dorico:
31 957 531 999 Hæc ſuprema homines gloria lucidas
66 990 481 1021 Euexit ſuperum ad domos.
31 1022 558 1058 Hac victor meruit, degeret vt ſequens
23 1057 460 1089 Euum lene oculis altior inuidis.
28 1089 501 1124 Addamne illa ſacro mira celebium
65 1123 447 1155 Vaum cognita carmine?
32 1154 521 1188 Nempe vt multiplici laude ſuperbiat,
29 1189 532 1221 Non parui tamen hunc fecerat inſula,
30 1221 548 1255 Sed quin te à reliquâ Trinacaria eximo,
705 1258 805 1286 Nn nnnPanot-
