860 1360
261 45 581 71 LAM PR I.
760 47 833 69 I-
49 88 490 116 Vaſtorum, & validæ militiæ bona
84 123 365 156 Sub magni alite Iulii.
50 154 584 181 An non ſollicitis rebus iaeſt modus
51 186 599 221 Non illi puto mens integra, quem labor
52 221 485 255 Vrget, perpetuum ſi valeat iugum
83 255 370 281 Collo demere libero.
48 287 586 323 Quem non dos nitidi littoris incitet?:
49 321 530 354 Villa, vrbem propius deſpicias tuam
48 354 524 387 Vnde, & latiflui per ſtrepitum ſalis
85 388 401 421 Puppes currere feruidas?
48 418 602 454 Huc & pomiferis menſibus inferunt
51 455 450 488 Se ſe virginei Nereidum chori;
51 485 546 520 Et longum maneant, nitrepidæ ſalax
84 522 444 555 Formident Satyros genus.
51 553 609 580 Hic nunc ille comâ ſub viridi arborum
53 587 593 621 Nunc & garrulæ vbi deſiliunt aquæ,
53 621 525 656 Saxo, æſtus rapidos frigore amabili
86 656 410 689 Solans te interea vocat;
54 685 563 721 Te abſentem patrui quærit amor ſenis:
52 722 446 754 At deſiderii temperat impetus
54 753 656 789 Mox, quum te reputat iam melior parenss
90 787 480 821 Laudatque in dominos fidem.
53 820 569 855 Te magnus Leo, cui rector Olympicus
52 856 519 889 Caros imperium detulit in greges,
54 889 464 920 Te tanti facit vt participem ſui
87 922 346 950 Arcani velit intimi,
53 955 557 989 Atque altis opibus ſemper adaugeat;
53 988 570 1020 Quæ ſolæ vt miſero nil homini ferant.
56 1021 546 1053 Nil virtute tamen non faciunt duce;
88 1056 408 1088 In te plurima quæ nitet:
55 1086 680 1122 Quanquam immitis adhuc, ſed tamen vt ſnes
53 1122 511 1155 Maturi ſtupeant. nam tibi contigit
53 1155 531 1188 Ante annos, aliis quod dare cælites
89 1188 438 1220 Raro ætate graui ſolent.
54 1220 589 1262 Qd mirumtegregiam nutrit indolem
463 1253 848 1289 n n Is
