844 1342
244 1 563 36 BENEDICTI
13 19 74 42 3e4
21 54 537 88 An diuerſa magis iubes? voluntas
20 90 407 122 Mea ex imperio tuo mouetur.
22 121 496 151 Hæres, nec color idem in ore, vultus
23 155 533 188 Non idem manet. ah mei lepores,
25 188 444 221 Meæ delitiæ, mea ah voluptas
24 221 614 256 Quid iraſcere? nunquid ipſe quicqua-
25 255 435 280 Te nolente volo? meus valebit
23 288 456 322 Chilo, te potior mihi nec ille eſt:
21 322 499 355 At tu iam mea Teutonilla pone,
24 354 538 388 Pone iram obſecro. quid tuere toruum
25 389 458 422 Susq; deq; caput mouens labellis
25 421 593 454 Compreſſis? agedum quid ægra es? ede.
26 455 529 485 Ah ne talia dic. te amo, te amare
26 488 418 520 Nec piget, iugulas inauguratis
25 520 536 549 His verbis. tace, ah tace labellum
27 553 549 588 Meum. iniuſta dolet nimis querela.
27 587 651 621 Quod ſ quicquam animo meo putaram
26 621 533 655 Tale, nunc miſer oppid ante Cyprin
26 654 547 683 Hanc cadam: exanimor miſer, ſed audi.
26 688 560 721 Non abs te veniam petebam eundi?
28 722 542 762 Non das: accipio lubens, placere
28 753 399 787 Quod tibi videoq;, ſentioq;.
25 787 459 820 Amabo mea cara Teutonilla
24 820 488 846 Exorem fine te, fine oſculum dem
25 853 483 883 Prenſis auriculis, ſalus mea es, mel
26 887 480 921 Meum es. Chilo vale, tenet puella
24 921 506 955 Vlnis me mea, cruribusq; vinctum,
27 954 486 992 Vt nec laurum hederæ tuam peræq;
171 994 489 1034 De Iulio Med. agrotante.
22 1044 322 1073 Vexator laterum dolor
58 1077 580 1111 Quid tentas Latii præſidium alterum?
21 1111 356 1141 An quo, peſſime, ceteros,
57 1143 556 1173 Hoc & nobilem habes ordine Iulium:
19 1173 302 1207 llo ſoſpite ſoſpes eſt
678 1222 805 1248 Si co-
144 1308 239 1332 P
