<?xml version="1.0" encoding="UTF-8" standalone="no"?><PcGts xmlns="http://schema.primaresearch.org/PAGE/gts/pagecontent/2019-07-15" xmlns:xsi="http://www.w3.org/2001/XMLSchema-instance" xsi:schemaLocation="http://schema.primaresearch.org/PAGE/gts/pagecontent/2019-07-15 http://schema.primaresearch.org/PAGE/gts/pagecontent/2019-07-15/pagecontent.xsd"><Metadata><Creator/><Created>2022-04-13T07:04:43</Created><LastChange>1970-01-01T00:00:00</LastChange><Comments/></Metadata><Page imageFilename="1376.png" imageHeight="1342" imageWidth="844"><TextRegion id="r1" orientation="0.0" type="paragraph"><Coords points="1,1 842,1 842,1340 1,1340"/><TextLine id="l1"><Coords points="244,1 244,36 563,36 563,1"/><TextEquiv><Unicode/></TextEquiv><TextEquiv index="1"><Unicode>BENEDICTI</Unicode></TextEquiv></TextLine><TextLine id="l2"><Coords points="21,54 21,88 537,88 537,54"/><TextEquiv><Unicode/></TextEquiv><TextEquiv index="1"><Unicode>An diuerſa magis iubes? voluntas</Unicode></TextEquiv></TextLine><TextLine id="l3"><Coords points="20,90 20,122 407,122 407,90"/><TextEquiv><Unicode/></TextEquiv><TextEquiv index="1"><Unicode>Mea ex imperio tuo mouetur.</Unicode></TextEquiv></TextLine><TextLine id="l4"><Coords points="496,121 434,121 385,123 22,122 22,151 496,151"/><TextEquiv><Unicode/></TextEquiv><TextEquiv index="1"><Unicode>Hæres, nec color idem in ore, vultus</Unicode></TextEquiv></TextLine><TextLine id="l5"><Coords points="23,155 23,188 533,188 533,155"/><TextEquiv><Unicode/></TextEquiv><TextEquiv index="1"><Unicode>Non idem manet. ah mei lepores,</Unicode></TextEquiv></TextLine><TextLine id="l6"><Coords points="444,190 438,189 25,188 25,221 444,221"/><TextEquiv><Unicode/></TextEquiv><TextEquiv index="1"><Unicode>Meæ delitiæ, mea ah voluptas</Unicode></TextEquiv></TextLine><TextLine id="l7"><Coords points="614,221 273,223 24,222 24,253 27,254 436,254 496,256 614,256"/><TextEquiv><Unicode/></TextEquiv><TextEquiv index="1"><Unicode>Quid iraſcere? nunquid ipſe quicqua-</Unicode></TextEquiv></TextLine><TextLine id="l8"><Coords points="435,255 25,255 25,280 435,280"/><TextEquiv><Unicode/></TextEquiv><TextEquiv index="1"><Unicode>Te nolente volo? meus valebit</Unicode></TextEquiv></TextLine><TextLine id="l9"><Coords points="23,288 23,322 456,322 456,288"/><TextEquiv><Unicode/></TextEquiv><TextEquiv index="1"><Unicode>Chilo, te potior mihi nec ille eſt:</Unicode></TextEquiv></TextLine><TextLine id="l10"><Coords points="499,326 488,326 477,323 21,322 21,353 184,355 499,355"/><TextEquiv><Unicode/></TextEquiv><TextEquiv index="1"><Unicode>At tu iam mea Teutonilla pone,</Unicode></TextEquiv></TextLine><TextLine id="l11"><Coords points="538,354 521,354 515,356 442,357 24,354 24,387 538,388"/><TextEquiv><Unicode/></TextEquiv><TextEquiv index="1"><Unicode>Pone iram obſecro. quid tuere toruum</Unicode></TextEquiv></TextLine><TextLine id="l12"><Coords points="25,389 25,422 458,422 458,389"/><TextEquiv><Unicode/></TextEquiv><TextEquiv index="1"><Unicode>Susq; deq; caput mouens labellis</Unicode></TextEquiv></TextLine><TextLine id="l13"><Coords points="593,421 25,421 25,454 593,454"/><TextEquiv><Unicode/></TextEquiv><TextEquiv index="1"><Unicode>Compreſſis? agedum quid ægra es? ede.</Unicode></TextEquiv></TextLine><TextLine id="l14"><Coords points="26,455 26,485 529,485 529,455"/><TextEquiv><Unicode/></TextEquiv><TextEquiv index="1"><Unicode>Ah ne talia dic. te amo, te amare</Unicode></TextEquiv></TextLine><TextLine id="l15"><Coords points="418,488 26,488 26,519 418,520"/><TextEquiv><Unicode/></TextEquiv><TextEquiv index="1"><Unicode>Nec piget, iugulas inauguratis</Unicode></TextEquiv></TextLine><TextLine id="l16"><Coords points="478,520 380,522 25,520 25,549 478,549"/><TextEquiv><Unicode/></TextEquiv><TextEquiv index="1"><Unicode>His verbis. tace, ah tace labellum</Unicode></TextEquiv></TextLine><TextLine id="l17"><Coords points="549,587 549,553 532,553 529,555 519,556 306,554 27,554 27,585 36,586 490,588"/><TextEquiv><Unicode/></TextEquiv><TextEquiv index="1"><Unicode>Meum. iniuſta dolet nimis querela.</Unicode></TextEquiv></TextLine><TextLine id="l18"><Coords points="563,587 490,589 27,587 27,617 33,618 41,617 54,619 117,621 564,620"/><TextEquiv><Unicode/></TextEquiv><TextEquiv index="1"><Unicode>Quod ſ quicquam animo meo putaram</Unicode></TextEquiv></TextLine><TextLine id="l19"><Coords points="533,622 26,621 26,653 533,655"/><TextEquiv><Unicode/></TextEquiv><TextEquiv index="1"><Unicode>Tale, nunc miſer oppid ante Cyprin</Unicode></TextEquiv></TextLine><TextLine id="l20"><Coords points="547,656 26,654 26,683 547,683"/><TextEquiv><Unicode/></TextEquiv><TextEquiv index="1"><Unicode>Hanc cadam: exanimor miſer, ſed audi.</Unicode></TextEquiv></TextLine><TextLine id="l21"><Coords points="26,688 26,721 507,721 507,688"/><TextEquiv><Unicode/></TextEquiv><TextEquiv index="1"><Unicode>Non abs te veniam petebam eundi?</Unicode></TextEquiv></TextLine><TextLine id="l22"><Coords points="507,722 28,722 28,752 31,753 346,754 420,756 435,758 444,762 507,761"/><TextEquiv><Unicode/></TextEquiv><TextEquiv index="1"><Unicode>Non das: accipio lubens, placere</Unicode></TextEquiv></TextLine><TextLine id="l23"><Coords points="399,757 389,756 148,755 28,753 28,787 399,787"/><TextEquiv><Unicode/></TextEquiv><TextEquiv index="1"><Unicode>Quod tibi videoq;, ſentioq;.</Unicode></TextEquiv></TextLine><TextLine id="l24"><Coords points="459,787 437,787 431,789 98,788 25,789 25,819 459,820"/><TextEquiv><Unicode/></TextEquiv><TextEquiv index="1"><Unicode>Amabo mea cara Teutonilla</Unicode></TextEquiv></TextLine><TextLine id="l25"><Coords points="488,820 379,822 24,820 24,846 488,846"/><TextEquiv><Unicode/></TextEquiv><TextEquiv index="1"><Unicode>Exorem fine te, fine oſculum dem</Unicode></TextEquiv></TextLine><TextLine id="l26"><Coords points="25,853 25,883 483,883 483,853"/><TextEquiv><Unicode/></TextEquiv><TextEquiv index="1"><Unicode>Prenſis auriculis, ſalus mea es, mel</Unicode></TextEquiv></TextLine><TextLine id="l27"><Coords points="480,888 26,887 26,918 36,919 480,921"/><TextEquiv><Unicode/></TextEquiv><TextEquiv index="1"><Unicode>Meum es. Chilo vale, tenet puella</Unicode></TextEquiv></TextLine><TextLine id="l28"><Coords points="506,923 502,922 24,921 24,951 37,952 506,955"/><TextEquiv><Unicode/></TextEquiv><TextEquiv index="1"><Unicode>Vlnis me mea, cruribusq; vinctum,</Unicode></TextEquiv></TextLine><TextLine id="l29"><Coords points="486,956 321,954 27,954 27,992 101,992 105,990 192,990 222,992 486,992"/><TextEquiv><Unicode/></TextEquiv><TextEquiv index="1"><Unicode>Vt nec laurum hederæ tuam peræq;</Unicode></TextEquiv></TextLine><TextLine id="l30"><Coords points="171,994 171,1034 489,1034 489,994"/><TextEquiv><Unicode/></TextEquiv><TextEquiv index="1"><Unicode>De Iulio Med. agrotante.</Unicode></TextEquiv></TextLine><TextLine id="l31"><Coords points="22,1044 22,1073 322,1073 322,1044"/><TextEquiv><Unicode/></TextEquiv><TextEquiv index="1"><Unicode>Vexator laterum dolor</Unicode></TextEquiv></TextLine><TextLine id="l32"><Coords points="580,1077 373,1077 355,1079 58,1077 58,1110 580,1111"/><TextEquiv><Unicode/></TextEquiv><TextEquiv index="1"><Unicode>Quid tentas Latii præſidium alterum?</Unicode></TextEquiv></TextLine><TextLine id="l33"><Coords points="356,1113 216,1111 21,1111 21,1141 356,1141"/><TextEquiv><Unicode/></TextEquiv><TextEquiv index="1"><Unicode>An quo, peſſime, ceteros,</Unicode></TextEquiv></TextLine><TextLine id="l34"><Coords points="556,1143 415,1143 405,1146 333,1145 310,1146 187,1143 57,1143 57,1170 92,1173 556,1173"/><TextEquiv><Unicode/></TextEquiv><TextEquiv index="1"><Unicode>Hoc &amp; nobilem habes ordine Iulium:</Unicode></TextEquiv></TextLine><TextLine id="l35"><Coords points="19,1173 19,1207 302,1207 302,1173"/><TextEquiv><Unicode/></TextEquiv><TextEquiv index="1"><Unicode>llo ſoſpite ſoſpes eſt</Unicode></TextEquiv></TextLine><TextLine id="l36"><Coords points="678,1222 678,1248 805,1248 805,1222"/><TextEquiv><Unicode/></TextEquiv><TextEquiv index="1"><Unicode>Si co-</Unicode></TextEquiv></TextLine><TextEquiv><Unicode/></TextEquiv></TextRegion></Page></PcGts>