856 1357
262 43 573 69 LAMPRIDII.
66 85 524 116 Si contra acciderit, non valeat Leo.
1 112 366 154 Oquam conſuluit bene
65 151 477 186 Rebus falciferi progenies ſems,
1 183 451 221 Quæ noſtram hunc voluit ratem
66 220 538 252 Fundari geminis firmius anchoris,
27 255 316 287 In magn:s licet altera
62 285 538 319 Longe immobilior fluctibus hæreat,
35 320 331 347 Sed multi facias decet,
64 353 555 387 In partem ſolidum ſi quis onus iuuet.
34 387 356 420 Di pro munere maximo,
64 420 522 446 Nobis incolumem reddite Iulium.
35 454 335 480 Et ſeruate diu domum.
3 480 512 522 Coſmi, quo Pietas vindiceclaruit.
2 517 376 554 Vnum hoc: præterea nihil
3 553 530 586 Orant ſollicitâ vos populi prece
133 599 524 633 Ad Portiam ſiortum Roma nobils.
34 644 432 675 Verno, Portia, mollior roſeto,
34 678 487 713 Aurei bene quam decent amictus?
34 711 451 745 Vix & cui Tyros ipſa ſat laboret,
35 744 522 774 Collaltum viden?; vt tibi huc & lluc
33 779 513 811 Flammâ curſitet actus impotente?
34 811 435 845 Natus regibus ille Taruiſinis
33 844 462 874 Arua vomere multo auita findit.
34 879 546 913 Qui tot e dominam volet bonorum
33 912 448 946 Quin & nobilibus vacat poëtis,
33 945 478 978 Qui ſimul tibi concinent trecenti.
30 979 462 1012 Eſt gratus domino deoq; notro,
31 1010 544 1045 Vt non quiſquam alius probetur æqut.
33 1045 579 1080 Quid hæc commoda deſpuis? quid audes
29 1079 430 1104 Illi te iuueni male inuidere?
31 1111 576 1147 Quanuis mille proci obterant frequents
29 1145 486 1174 Frmam liminis ærei tabellam,
30 1177 517 1211 Collaltum, ſapias, amabis, vnum
30 1211 459 1253 Collaltum placido ſinu fouebis.
759 1248 822 1274 Non
