857 1356
280 44 596 75 BENEDICTI
96 91 608 128 Quod comi ingenio præditus, & giaui.
62 127 437 163 Quod prudens alios ſupre
97 158 576 192 Te tam magni oneris dimidio leuat:
63 193 432 228 Quod doctos colihoſpites
97 223 554 263 Qud toto miſeros excipiens ſinu,
62 261 442 294 Et plantis tumidos premens,
97 290 559 323 Sublimis vacuum contigit æthera,
65 327 461 361 Sed quid prouehor impotens;
100 359 530 392 E clauo melius barbite pendeas
67 393 412 427 Et puluis numerum fugit:
103 423 614 460 Nec digne Medicum tu reſones genus.
69 460 420 492 Sit tentaſſe aliquid tamen:
104 490 613 526 Non quiſquis ſpatiis ſudat Olympicis,
69 527 429 559 Veloces agitans equos,
103 557 638 589 Pulcris iuncta refert tempora frondibus.
183 604 616 638 In Roſas, quarum ſtinu puella fuerat:
343 638 444 663 contacta.
72 682 513 716 At vobis mala multa Di, Deæq;,
70 716 492 744 Dent cuſtodia inutilis roſarum
70 749 514 786 Spinæ, quas digitum meæ puellæ
71 783 462 816 Iuuit cuſpide perculiſſe durâ-
72 816 478 852 Qæ fiducia, quæve cauſa vobis
68 849 557 885 uecitq; animos, ſcelusq; mouit?
71 882 510 910 Nam ſi incedit amœna Fancioli,
69 915 510 948 Per vireta & amabiles per hortos
69 948 533 983 Hinc legens teneias roſas & inde;
69 982 470 1014 Nulla iniuria facta, nulla obis
68 1015 475 1047 Vis allata, malæ impiæq; ſpinæ.
71 1049 531 1080 Non vos, ſed dommus virentis agri
70 1081 598 1114 Eſt Marcus meus: ille quando veſtrum:
69 1114 562 1146 Factum intelliget. haud feret ſereno
67 1147 515 1174 Vultu, nec ſine maximâ vltione.
67 1177 534 1210 Audetis nimium: an putatis eſſe
65 1210 535 1248 Pulctum, lædere ſic bonas puelas?
776 1254 854 1285 Scele
