854 1365
243 53 566 79 LAMPRIDII.
36 97 376 131 eæ ſiderei Neæræ ocelli
37 130 480 165 Quo vos proripitis gradu citato
36 164 487 198 Quin hæres animo magls Neæra?
34 198 433 224 Hære hære animo meo Neæra.
35 230 478 264 Nil tu viſa licet mihi, frequenter
35 265 416 297 Hære fixa meæ Neæra menti.
30 296 506 331 Da nam fata iubent abire ſaltem
33 331 477 362 Dulci oblecter imaginatione,
29 364 439 398 Et graues ita leniantur æſtus,
32 397 409 430 Seu vicina iugi Bononienſis
31 430 510 464 ger tranſgrediar, meum ſequutus
31 464 479 497 Regem, ſiue Douattulam tenebo,
31 497 540 531 Quo Laurens vocat optimus, merends
34 531 509 564 Omnes qui ſibi me obligauit annos.
32 563 555 596 Anne alas etiam hunc Cupido in vfum
32 598 419 630 Geſtat, vt reuoletis elegantes
31 629 589 663 Formæ, durum, animos peroſæ amantumt
31 664 440 698 Eheu quid volui? ſupremus ille
30 698 505 731 Decor par Cypriæ, vt negat videri;
31 731 430 765 Quaſi de ſpeculo ilicet refugit.
246 766 451 789 Laur. arrholino.
33 798 448 831 Quis poſit vlli fidere fœminæ?
32 831 510 864 Quis poſſit? ignem cum tua Lesbia
65 865 474 899 Suſpiret externum, atq; mores
97 899 462 931 Fraudibus ingenuos Iberis
26 930 491 964 Poſtponat? eſt eſt perſpicuus mihi
26 965 484 998 Iam ſermo vulgi peruetus; eligit
62 998 472 1030 Semper ſib aduerſa ille ſexus,
46 1031 427 1064 Et ruit in fugienda vots
23 1062 504 1097 Promiſſa quo nam ſæpeabiit fides?
23 1098 488 1132 Et verba? quæ te ſuſtulerant Deos
61 1131 496 1166 Felicem ad ipſos. quoue blandus
96 1164 519 1198 Ille oculus, gemituſq; in arctos
22 1199 517 1232 Ducens amores, vnde pedem male
23 1231 491 1268 Obnius effes? i bone, lacrymas,
650 1252 797 1303 IAmp-
