856 1360
273 40 595 75 BENEDICTI
44 53 98 81 M8s
48 92 630 125 Pectore geſtantes atro, qui ſemper id inſtant,
49 125 671 159 Vipereo afflatu contingant hunc feri, & illum.
44 158 678 193 MHoc ego dum mecum reputo, perſuaſus amore
53 192 639 225 Noſtro perueteri nam tu me ſemper amaſt,
53 225 688 259 Quæ facilis natura tua eſt, animuſque, Latine
53 259 575 291 Optime, & officiis, iuuiſti; pectore ſeruo
52 293 618 326 Quæ memori,neq; te nobis obliuio vellet,
53 326 564 358 Optatâ liceat veſci dum luminis aurâ.
52 358 732 389 Inſtituante omnes carmen tibi tradere noſtrum,
51 392 735 426 Quod dulcem ad citharæ ſtrepitum, Thebanaq; fila
52 426 636 460 Paull concinui, magnæ dum gratulor Vrbi,
50 458 656 492 Paullbſupremum virtus cui nuper honorem
54 492 581 524 Detulit, & triplici crines innexuit auro;
52 525 747 561 Lætitiam vnde omnes fundunt, & gaudia. nam quis
55 558 578 594 Sepoſitis adeo traducit tempora terris,
53 592 591 626 Vt Solem, radioſq; nouos, & pulcra diei
54 625 642 659 Tela renaſcentis, hilari non corde receptet?
55 659 656 694 Quæ mihi lux animm ſuai percuſit amore:
52 692 708 728 Vnde nouum increpui carmen teſtudine fumptâ;
54 725 589 761 Auſus in Itali natus, propterq; fluenta
53 759 598 794 Eridani, ſacrum Dirces haurire liquorem,
52 794 627 827 Et patria externis adiungere verba choreis:
54 826 725 860 Non leue onus; neque enim triti nos ducere calles
54 858 631 893 Hue poſunt: aliud iuga per Parnafi nectar
54 891 578 926 Veftigo, neq; difficilis me ſemita terret:
53 928 718 962 Hoc autem male nonnullos habetvt fit in omii
52 960 615 994 Semper laude rudesarcana rupis: id ergo
51 992 713 1028 Mœrent, ſi cui monſtrat iter Pimplea, nec ante
52 1024 704 1063 Ceſſant bacchari, quàm cuncta euerſa relinquant.
50 1059 740 1096 Quid veid tandem? qum culpam infligere certant?
31 1092 721 1130 Nota ſit vt tibi re omnis, crimenq; repellam.
47 1126 657 1160 Aures his aiunt nondum aſſueuere Latinæ;
36 1159 733 1197 Hos Flaccus numeros, horcontempſere poetæ,
44 1190 582 1229 Quiſquis Romana Muſco pectim voces
46 1223 633 1265 Molliin cantum, citharæq; aptauit eburns.
646 1270 854 1312 Audiſtit
