870 1364
242 54 598 82 L ATMPRIDII
48 98 715 133 uditi? quaſi non liceat quicquam addere pattis,.
50 134 590 167 Et quæ maiores liquere intacta, vetemur.
52 166 577 199 Ipſi inuadere, nec plantâ ſignare recenti
53 199 593 232 Poſſimus terram, & veſtigia figere noſtra:
52 233 697 266 Præſertim oſtendat vacuos cum Græcia campos,
53 266 663 300 Atque inuitet adhuc integros carpere fructus.
52 300 589 334 Si ferat intro quis ſe ſe, duretq; laborem;
51 332 729 370 Quem fugiunt, peiuſq; nlgris ſerpentibus horrent,
51 368 524 401 Ignaui à tectis verſu diſcedere notis.
51 399 664 433 Ire opus eſtmare trans altum, formoſaq; rura
52 434 663 468 Viſere: quæ quanuis cingantur epribus hirtis
53 468 582 500 Denſior & ſepes defendat vimine acuto;
53 501 646 534 Muſa tamen fauet ingeniis, & tantaecludit
54 535 567 567 Mœnia paulatim, ſi te non deficis ipſe;
55 567 654 601 At Flaccus non hac potius ſe fronde coronat.
55 601 714 635 Contemnitne igitut ramos, qui fontibus vmbram
54 634 696 668 Obtendunt lætam veteris prope mœnia Cadmi?
52 668 659 696 Pulcrum aliis aliud, ſtudiis nec viuimus iiſdem
53 701 667 735 Mortales, nec cuiquam vni dant omnia Parca:
54 734 642 770 Quod placuit, fecit: ſua libera euiq; voluntas.
52 768 609 803 In magno veluti prato ſi ſplendeatomnis:
52 801 709 835 Florum copia, & hue Nymphas Cytherea decentes
52 835 651 862 Vere illecta nouo, rediit cum menfis amatus,
55 869 669 902 Duxerit, & iubeat digitos intendere ſertis,
52 900 787 936 Non capiet color idem omnes: legat illa hyacinthos
53 936 587 966 Hæc violas, aliam delectet lutea caltha;
51 969 699 1005 Quoſq; volent flores:addant, texantq; corollas,
51 1003 653 1038 Nec vitio cuiquam quod fecit vertere fas et.
50 1036 690 1069 Hi vero inclamant ſtulti, obſiſtuntque repente,
49 1071 662 1105 Præcepit niſi quod quiſquam, decerpſeris illud
49 1104 755 1140 Tu quoque idem. At rauco cœlum clangore vorao
52 1138 701 1172 Ceu corui repleant, ſola qui per ſumma volantem
51 1172 756 1206 Cum Iouis armigerum ſuſpectant, guttura rumpunt
49 1205 647 1240 At volucrum regina humiles illudere gaudet
49 1239 549 1275 Alatum ſeremigio ſub ſidera tollens.
685 1273 829 1308 Ne tame.
