886 1361
275 57 623 84 BEEDICT
36 103 708 137 Ne tamen, hac quia ſum forte vſus imagine, terge
54 137 676 169 Crede meo celeres aquilæ me affingere pennas:
35 169 676 202 Nec tantum agnoſco, nec poſtulo: ſed mihi ſæpe
55 202 558 235 Hi bellos faciunt ludos, & rideo ſæpe
53 236 643 270 Inuitus licet, interea nam & pectora feruent,
52 268 702 303 Rideo ſed tamen, & poſſum quâ, perfero, mente
47 302 688 337 Quid refert his ſi nondum aſſueuere Quirites
39 334 751 370 Verſibus? aſſueſcant, quid enim vetat? anne Latinas
37 368 609 401 Vſq; adeo nouitas offendit carminis aures?
55 403 672 436 Incidit vnde nouus ſtupor, & dementia vecors?
41 436 695 469 Omnibus ergo datur maculas apponere rebus,
56 470 625 505 Et quas maiorum nobis induſtria liquit,
55 502 624 536 Et quas ingeniis ſolers hæc repperit ætas.
56 535 592 561 Poſteritas etenim noſtris inuenta diebus
43 568 649 603 Plurima laudabit, quæ ſæcula priſca latebant,
58 603 646 637 Nunc prandet iucunda loquax obſonia liuor.
58 637 648 669 Si, quia nata modo res eſt, abolenda videtur,
58 669 666 705 Debuit hæc ſemper lex eſſe vt Ountius heros
41 703 617 737 Calfecit lapides animâ, ſobolemq; nouauit
58 737 685 771 Humanam, effuſis quæ nula remanſerat vndis.
60 770 658 804 At fruimur multis quæ ſi ſublata fuiſſent
45 805 712 838 Continuo ex illo quo primum tempore in almam
58 837 674 869 Ingeniis prognata hominum ſunt edita lucem,
56 871 575 905 Natura indigeat, vitæq; expoſtulet vſus
46 904 774 937 Cumſuperis, quod ſe ſtent multa incommoda circum,
61 938 733 971 Cum quibus aut non naſci homines, aut illico natis
62 971 630 1005 Præſtiterat Lacheſm vitalia rumpere fata.
61 1005 646 1038 Adde. poteſt noſtris priſcum nihil eſſe diebus
65 1038 779 1073 Quod fuerit non ante nouum, aut res tempore ftuſtta
48 1072 638 1105 Metimur, falſoq; imis numeramus ab annis.
56 1107 643 1141 Tum natura viros magno nouitatis amore
61 1138 670 1173 Incendit: quare nequeunt conſiſtere mentes,
59 1171 645 1207 Perpetuiq; agitant cognatâ indagine motus,
59 1202 679 1233 Deniq; quid nobis vetus eſt cum naſcimur? illa
61 1234 766 1277 Quæ prius haud vidi, necquicquam antiqua putabo:
719 1280 851 1314 Nempe
