866 1364
264 63 616 101 LAMPRIDII.
35 107 762 143 Nempe mihi ſaltem noua ſunt, in quæ incido primum.
36 142 680 175 Fuſior at ſermo eſt: certum nunc dirigo ferrum,
36 176 600 208 Si Deli præſes facilem non inuidet. arcum.
40 209 723 244 Nqnne fuit tempus, cum nondum cornua noſtri
43 242 624 275 Bellica, Tyrrhenaſq; tubas, & prælia ſcirent,
51 276 647 309 Herois complexa modis, & carmine grandi?
51 308 741 341 Nemo negat. mox deſctiptus cum obtunderet aures
37 343 636 376 Romuleas clangor, ruerentq; in bella poctæ
49 376 638 409 Auſonij, & gladios tractarent, ſcutaq; tabo
49 410 654 442 Illita, & undantes augerent cœdibus amnes.
42 443 655 476 Num regum ex tectis ploratum Muſa receſſi?
37 477 649 510 Muſa, dedit quæ mox æuo labente Maronem,
41 510 828 543 Et Vatium, atq; alios, quorum extant nomina tantum:
52 544 641 576 Vt nil de ingeniis demas, ſed tempora culpes.
40 576 678 609 Non igitur, quanuis litui nondum ante fuiſſent
37 610 632 643 Auditi, nondumq; acies per carmina dictæ,
48 643 683 676 Bellantes tamen antiqui exploſete Camœnas,
53 676 703 710 Tunc primum aduectas miiati, culmina ſeptem,
53 710 645 743 Tibridis & ripas reſonare horrentia bella.
43 741 832 779 Hoc mihi iam cum dent, nequeunt vltra addere verbum:
41 777 704 812 Quod valet in ſimili re qualibet, vſq; valebit.
50 812 638 843 Auctores vtrinq; graues, & mater vtramque
40 844 682 875 Cum Muſis genuit ſcribentum Græcia prolem:
44 877 743 912 Cætera quid memorem generatim lumina vatum,
52 910 642 945 Quiq; Sophocleo ſuras vinxere cothurno,
53 944 676 978 Et qui maluerunt humiles inducere ſoccos?
45 976 729 1011 Tantundem eſt, neque propterea plus fecero: adepti
54 1011 656 1045 Cum ſimus punctum, medioq; inſederit orbe
39 1044 653 1076 Aduerſo cuſpis, quid perdere tela moranur?
36 1076 721 1110 Non ſecus ac ſi quis, poſtquam confecerithoſtem,
41 1111 704 1143 Et fugiſſe animam moribundos viderit artus,
52 1144 723 1179 Nequicquam euacuet frigenti in corporevires.
43 1177 727 1211 Sed cedo, mihi cur nouitatis crimen inurunt?
52 1211 661 1242 Vt vitium magnum nouitatem aſſentiar eſſ,
53 1244 681 1289 Nunquid ego peperi Flacco velteſte, quod vrbi
673 1276 823 1315 Eneadum
