861 1361
239 59 562 84 BENEDICTI
25 65 85 89 ta
25 102 677 137 Eneadum fuerit non ante hæc tempora natum
27 137 682 171 Quin potius quaſi de ſtratis Muſam excito Iongo
28 170 628 203 Oppreſſam ſomno. confectaq; puluere multo
28 203 555 237 Barbitæ detergo, vt carie purgata, ſituq;
28 237 672 270 Explorem, an poſint laudatos promere cantus.
28 270 638 304 Muſica floreret cum res, quo tempore Flaccus,
30 303 637 338 No ſatis audiri potuit, nec ob id, qud inepte
31 335 644 371 Scripſerit, aut multâ ſine doctrinâ, ingenioque:
29 369 627 396 Sed Venuſina modos auditu reddere blandos
31 403 680 438 Carmina quod nequeant digitis percuſſa ſonoris.
30 438 540 470 Qurecantorem verbis infeſtat acutis
29 471 640 504 Hermogenom vates, pugnaſq; exercet amaras.
28 503 749 539 At non iudicium hoc noſtrum eft, neq; ſoluere litem
28 536 608 572 Hane venidemens, ſed Horati limina ſolum
29 569 667 605 Tangere ſi poſſum, bene mi nunc atq; beate ef,
29 604 622 637 Cuius ego illoro non tractem pollice librum:
30 636 633 672 Sed veneror timidus, ſemperq; excerpo, fideli
30 669 712 706 Quodſcribam in mentis tabulâ, necpœnitet. ergo
27 704 649 739 Me iuuat interdum citharam pulſare Matinam.
24 736 592 771 Eſt vbi Pindatico me oblectet tibia verſu,
26 770 594 803 Acrior & ſonitus rapit in ſpecioſa virorum
25 804 661 840 Ornamenta, animum curis ſublimibus augens:
29 837 659 874 Nam bene de patriâ ſudore, opibuſq; merentes
28 871 620 907 Heroas celebrare decet: merces ſua cuiq; eſt.
27 904 686 939 Vomere qui proſcindit humum, & quiretia ponit
29 937 582 974 Alitibus, pecoriq; fero, qui flaua virentes
27 973 612 1007 Seruat per oampos armenta errantia, quique
27 1005 701 1040 Prædam ex æquoribus petit, omnibus vna laborum
28 1038 661 1072 Spes, vt latrantem poſfint compeſcere ventrem.
26 1073 598 1107 At res qui gerit egregias tune munera factis
26 1105 660 1140 Digna refert tantis. nitidum cum fama per vrbes
29 1137 626 1165 Oſtendit, vectum Muſarum in curribus altis.
27 1168 611 1207 Ter felix auriga poteſt qui dexter habenas
24 1201 643 1235 thereo in ſpacio verfare, & currere cœlum.
16 1232 674 1278 Dicile eſt: tamen id ſtudio contendirur omni
650 1277 859 1311 Tollam
