858 1357
246 49 566 74 LAMPRIDII.
29 88 692 124 Tollam vt humo, fi qui nomen geſſere, decuſque:
41 123 636 150 Hoc damnant, hoc oceultos illidere dentes
41 157 612 190 Abſenti tentant non conſuetudine pulcrâ.
43 189 606 223 Seilicet auxilio quoniam præſentia nobis
41 222 676 257 Eſſe nequitnoſtra, & morſus defendere nigro
40 257 677 290 At ſpes magna in te poſita eſt: non neſcio quale
40 291 602 324 Alloquor ingenium. nec te pugnatior vllus
39 324 574 357 Pro veri neque pro iuſti ratione, fideque
39 356 586 383 Dulcis amicitiæ: tum me ſolatur & illud,
42 390 752 425 Quamuis auertant hinc pulica commoda, quòd non
42 425 630 457 Res agiturunc indoctâ cum Principis aure:
41 458 666 491 Quin omus nouit numeros, & tramite rupem
43 490 685 524 Saxoſo quondam Cirrheam adſcendit, & amnes
34 524 596 557 Epotusſanctos, & pulcræ frondis amator,
43 557 651 591 Qua caput implicitus pexum ludente ſororum
44 591 670 624 Ctu Theſpiadum carmen modulatut Apollo.
45 624 601 658 Ovtinam Italiæ claris in mœnibus cfſent,
45 657 619 691 Qui ſalebras, pofſentq; vias aperirelatentes
44 691 675 725 Caſtalium ad fontem noſtro ſic tempore, vt olim
46 725 641 759 Feruehant doctæ ftudiis florentibus artes,
41 758 643 791 Cum primos nondumfructus oſtenderet æu
46 791 688 825 Paullus, ne tenerâ indueret lanugine malas.
47 823 634 859 Non hos audirem ſtrepitus apiuntq; poetæ
45 857 703 892 Plus noſtri, inuidiaque graui minus ilia rumpu
47 891 665 918 Nobilis anteetenim fuit hæccontentio noſtris
44 923 676 959 Principibus, quiſnam plures, quiſnam meliores
47 958 616 991 Cogeret accitos retiis non vilibus, omns
47 991 593 1025 Quamuis vel longo præceſſerit interuallo
46 1024 595 1051 Lautentis irtus Medicis: ſi dicere verum
45 1056 671 1092 Nil prohibet, veniamq; aliis ab regibus æquam
46 1091 683 1125 Impetro. pollicita eſt quid non Florentia nobis
47 1124 604 1158 Dum Laurens dio frueretut mnsere lucis?
48 1156 677 1192 Namq; vbi mortem obiit, patuerunt oſtia belli,
42 1189 603 1225 Et bona turbauit placidæ furor otia pacis.
38 1224 646 1260 Quocirca immeritos traxit fertuna nepores
733 1260 828 1293 Atqus
