848 1338
252 26 581 52 BENEDICTI
43 68 695 104 Atque hunc expunxit titulum, donec Leo caſus
45 104 628 136 Poſt varios, robu tenuit ditione Quiritum,
45 136 714 170 Qui ſubi:o acceſit ſapientum pectora, Bembum,
45 170 660 203 Pra cipue Bembum, ac Sadoletum qualia ſæ cli
33 203 730 235 Incolumit decora; inde alios, quibus aurea pleno
47 237 684 269 Dona ſinu dabat effundens: aluit quoq; Achæos
43 270 599 305 Artibus ingenuis pueros, linguaq; vetuſta
47 302 675 337 Gentis, quo ſtudia illa magis ſe tollere poſſent.
45 337 647 370 Fecerat id pater ante, fuitque perutile; doctor
47 371 581 405 Vnde meus. age Muſuro da lilia, manes
45 403 646 437 Lacte voca, fletuq; pium veneiare ſepulcrum.
28 437 770 469 Spero tquidem iam tempus adeſt voluentibus horis,
49 470 699 509 Cum fimul illuſtris iuuenum flos inſtar auorum
46 504 611 536 Expedient aditus Muſis, lauroq; nitebunt
39 537 651 570 Antiquâ generis, magno quod fama beatas
48 570 601 595 Laurenti ferat ad ſedes: lætabitur heros.
49 603 645 631 Cuius diſſimulat nomen non vltimus orbis
49 638 616 671 Terrarum, non naſcentis qui flumina Nili
47 670 632 705 Potat, Hyperboreo non qui ſeiungitur Iſtro.
29 704 625 737 Huic Diuæ primum colles Helicone relict
48 738 718 770 Tyrrhenos habitare, atq; Arni flumen amœnu
49 770 622 804 Non dedignatæ ſunt hauſtu ducere plero,
48 804 584 836 Pierioſq; ltalis cantus extollere in aruis.
48 837 598 871 Ergo dioerſis hue turba ferebat ab oris
50 871 617 903 Se ſe diſcentum, natalia mœnia linquens:
47 904 637 938 Ingeniumq; omnes pulcrâ virtute colebant.
45 938 660 971 Rettulit inter qos non vltima præmia laudis,
48 971 696 1004 Qui nunc imperio bcat æquo, & legibus orbem.
47 1005 598 1038 Quare vel pimis croceo cxornatr s honore
46 1037 669 1070 Annis, tunc tandem trbeâ fulgente decorus
47 1071 516 1103 Iliadæ ſolio magni ſubnititur alto.
35 1103 664 1137 Nullæ ergo ambiguis porerunt ſeducere dictis
41 1136 648 1164 Inſidiæ Pau lum, non candida vertere furuis
43 1169 673 1203 Proderit inuidiæ, quâ ſe nhil extulit vnquam
43 1199 680 1238 Triſtins infenii, hominiq; nocentius vmbris
683 1239 831 1276 Virtutem
