859 1363
238 50 609 74 L MPRII.
44 91 688 124 rtutem contra, & meliores comminus audet:
52 124 665 155 Cum vitio pax ſumma & cuim peioribus illi eſt,
54 157 657 189 Non etian nugæ cantando pondus habebunt,
54 190 653 217 Non furti honor vllus erit: nam ſi Maro, vates
54 224 587 257 Et repetant ali ſua, non mi etur olores
56 256 724 290 Tanquam alos, cœco fertut quod pectore vulgus.
54 291 610 323 Ante Therapnei, cum res Spartæna vigeret,
56 324 578 355 Sanxere, vt cuiuis furari impune lice et,
55 357 710 390 Dum tecte id facerent; alioquin pœna manebat
56 390 664 424 Deprenſos grauior duplo, atque infamia longè
54 424 614 457 Foimidabilior pœnâ. quod nemo volebat,
55 457 576 490 Pauperis ingenij, vi io, craſſique notari:
56 490 670 524 Quandoquidem cælare catus qui furta valeret,
58 523 670 556 Huc Lacedæmonij tribuebant mentis acumen
56 556 659 591 Egregium. ſtetit hæc autem ſententia propter
57 590 678 622 Aiſiduum bellorum vſum, quibus vtile fraudes
55 623 651 657 Moliri: dolus an virtus quis in hoſte requirat?
58 656 607 689 Vatibus hæc noſtris ſi lex penderet, opinor
56 689 640 723 Non tot haberemus fures; pereantq; poeſes
58 722 706 756 Conſutæ ex fractis aliorum verſibus. & quàm
57 756 706 789 Odi ego, qui rapto carmen ſibi pangere quærunt,
58 788 527 821 Precipue vis ingenij ſi nulla renidet.
57 821 673 855 Aut per ſe ſcire, aut fallendi addiſcere debent
53 856 744 891 Artem, ſi proprium nequeunt excudere quicquam,
57 888 617 922 Qui ſeſe cupiunt laudari ab ciuibus amplis.
56 922 661 956 At noſtii Autolyci perrumpunt limina vatum
56 955 627 989 Nobilium, lucet quandovultuq; patenti
54 988 679 1022 Quod neq, lex prohibet fatuos peccare poetas,
52 1021 760 1057 Ferrea nec frons: quin vitium quoq; nomine donant
52 1052 610 1090 Virtutis: nam ſi dicas, hoc Publius ante,
52 1081 674 1132 Hoc dixit Flaccus, docti illud forte Catuli eſt,
51 1121 631 1158 Vt cornix olim cultus ſtudioſa nitentis
52 1152 621 1186 Pennarum ſe ſe furtiuo compſit amictu;
50 1185 658 1224 Tunc in ſe toto ſibi magni pectore gaudent,
48 1218 659 1258 Tunc nectar fundunt oculi dulcedine pleni,
734 1259 830 1285 t
