861 1364
284 52 639 85 BENEDICTI
54 94 647 129 Tunc animam cernas motos geſtire per artus
55 127 663 163 Tanquam hæc ingenij ſua ſintſtellantia verba,
56 161 709 196 Non horum, à quibus haud vllo eripuere pudora.
51 195 628 230 Id ſaltem non negligerent, vt rapta coitent
54 227 621 262 Egregie ſarta. at ſperabitur id quoq; fruſtra.
55 260 662 296 Denique nil ſani eſt: huc Imprudentia & illuc
54 294 640 330 Effrenis ſaltus, atq; æquora plana peragrat
46 329 556 363 Donec præcipiti vectorem fregerit axe
52 361 695 396 Ferre domo est opus. at ſ quem natura relinquit
46 395 681 428 Iudicij expertemcalamum deponere mandem,
55 428 695 453 Et tabulas: bimarem non omnes ire Corinthum
44 460 609 496 Poſſumus, vtnon te fallit, cui nota, Latine,
56 494 673 529 Sunt exempla domi, dein tu quoq; labra rigaſti
41 527 722 561 Fonte ſacro, & poteras Iuenalibus eſſe coruſcum
52 561 624 594 Sidus Muſarum, & patriæilluceſcere terræ.
52 594 708 628 Namq; tibiingenium, ſcribendi Phœbus & attem
42 628 710 662 Contulit, atq, Deænon deſeruere canentem:
45 662 638 694 Præfertim tua cm præcordia paſceret ignis
43 694 613 729 Formoſæ Lydes, teneros quæ dicere verſus
55 729 601 761 Sæpe hortabatur, numeris & capta Latinis
44 762 683 796 Et Thuſcis. quanquam eſt Thuſcogauiſa lepore
44 795 661 828 Illa magis quem portaſti tu primus in Vrbem
44 829 626 862 Romæmus duplicireligatus tempora myrto.
52 862 595 891 At mox leneorlus, maturos edere fœtus
43 894 605 930 Cùm nondum poſſes, pietas & fata ſororls
51 930 638 963 Atros in rerum fluctus,& tempora dura,
52 963 652 996 Ignatum matis, abſtulerunt florente iuuenta.
53 996 623 1030 Hie vero ambages longæ, & diuerſa pericla.
51 1028 737 1063 Verm hiemem quanuis tetram, paſſuſq; fromentes
52 1062 693 1096 Sis pelagi cumulos, & monſtra minantiafauces
49 1098 619 1129 Attamen excepit patrius te portus ouantem
51 1128 637 1163 Puppe coronatâ, & ſonuerunt littora plauſu.
50 1162 674 1196 Quin & parta tibi ex curſu, horriſonoq; fragore
48 1194 597 1229 Curarum patrio ſapientia nomine digna;
42 1226 604 1272 Quæ Paullum non prætetiit. vix ergo tiaræ
705 1264 843 1299 Accepi t
