866 1359
200 41 565 69 LAMPRIDII.
747 54 801 80 I
26 85 674 121 Aceepit decus, vt magno regat omnia ſceptro.
32 120 686 154 Cum ſalis Hadriaci dom inam te mittit ad vrbem,
28 153 630 188 Vt ſummis de rebus agas, atque ipſe Senatum
30 187 669 223 Conſiliis conſtantem, opibuſq; & robore gentis
31 220 556 253 Fœderibus firmes, & nodo pacis aheno.
30 253 618 287 Hæigitur nunc conficies: ſed læta reuerſum
28 288 643 321 Ecipiet cum Roma pedi dantem oſcula ſacro,
27 321 634 356 Molleq; tempus erit poſt tanta negotia, vatem
28 355 660 386 Landabi domino, & noſtrum te carmen habem
27 388 481 418 Interea dices; tum ſi ſubriſerit ore
28 421 585 457 Pacato, & fuerit viſus tibi poſcere, reddes.
294 478 492 512 Andrea Cornelio.
29 520 623 557 Andrea, cui maternum genus atq; paternum
30 555 610 590 Attulit incolumis lcngum ſeruata per auum
29 588 609 623 Nobilitas, quid te externa im regione morari
29 622 603 655 Augurer Euganeæ fueris cum redditus vrbi?
29 655 631 691 Vnde ægerſi quid mentes ego diſcere poſſum
29 688 680 722 Ex hominum facie modo deceſſiſſe videris,
28 722 593 752 Iacturam veritus ſtudiorum, adeo tibi curæ
31 755 652 789 Quæ ſunt, vtreliquis præponas omnibus vnam
31 789 666 827 Vitutem rebus, duplicem vt mereare coronam;
33 822 665 855 Quoddurum inter opes tantas, vbi tota renidet
31 856 626 892 Argento domus atque auroluxuq; potenti,
33 888 649 925 Quid falſumero, quidve album diſcrepet atro
33 924 649 959 Quærere &ante pedes extructis vndiq; chartis
30 956 619 989 Malle voluptati egregium præferre laborem.
31 988 698 1027 Præſertim cum ſint, patitur fortuna quod ampla
33 1022 681 1056 Qui iuuenem obliqui rapeie in contraria certent.
32 1057 662 1093 Verum illi nequeunt conatuabducere pulcro.
30 1090 536 1123 Ac veluti quercus oreis Alpina reſiſtit
35 1122 618 1160 Pulſa, licet, ſummo comtingat ſæpeflagello
35 1157 666 1193 Tellurem, iam iamq; putet dare quiſq ruinam
35 1190 634 1226 Qui videt, & montem ramis implere caducis,
34 1223 670 1255 lla adeo obuſtens ventos contemnis & imbres:
557 1260 797 1289 Sss Sic
