858 1362
272 42 586 78 BENEDICTI
40 85 598 123 Sis pugnas, firmiſq; adeo radicibus hæres
40 121 612 153 Immotus, nec te fallit ſapientia, quantum
40 151 698 184 Præſtet, & vt viuax cœlum dum ſuſtinet Atlas
44 186 574 224 Sola pererratis homines admiſceat aſtris.
42 220 586 258 Ergo nocturnus libros verſaſque diurnus,
42 251 718 285 Libros, vnde animum informes, meliorq; recedas,
43 287 632 325 Imprimis docuit virtus quæ dia Platonis,
47 319 647 358 Quæq; etiam nobis poſt illum ſcripta reliquit
47 353 674 385 Summus Ariſtoteles, manibus deponere neſcis.
47 386 656 422 Non tamen vt ſpernas vltorem patris Oreſtem
49 420 684 453 Noſcere, & Aiacis Tecmeſſam fata quærentem.
50 453 697 491 Sæpe etiam ſtomachum impigri miraris Achillei,
48 487 654 520 Et dum Telemacho Pylius dux cæde peractum
49 521 608 553 Bellum ineredibili narrat, curruq; ſonanti
49 554 650 588 Dimittit Spartam, multo te incendit amore.
51 587 654 616 Et merito: nam non modulantur futile vates
50 621 548 656 Diuini quiequam, ſed dulci ſeria luſu
54 654 703 690 Apportant, ſuauemq; linunt grauitate leporem.
53 688 607 723 Denique non croceis loris & veſte libelli
52 720 621 756 Purpurea, nec librarij multa arte magiſtri,
52 755 636 787 Atticus in ſtudia incumbis, noſterq; decora:
54 787 651 820 Verum tota tibi eſt inſum ere tempora chartis
55 821 653 855 Vnum opus, vt ſi, præterea quid contigit, illud
56 854 680 882 Confeſtim mœrore animum conturbet acerbo.
58 887 581 917 Ofelix animi iuuenis, cui Palladis artes
59 921 615 954 Sunt adeo cordi, &nihil eſt antiquius illis:
57 953 689 989 Quas nunc deſeris, atque viam celer ire iuberis.
59 987 641 1021 Difficile in campo ceruam proſtraſſe patenti
59 1021 601 1055 Aſſuetum ſiluis catulum, prædæq; fugaci.
61 1055 680 1088 Sed patruo tanto quis non obtemperet amenn?
60 1088 572 1121 Purpureos inter patres fulgente Senatu
61 1120 726 1155 Quem Roma accepit; dum tandem cenſet honore
62 1154 622 1187 Virtuti dandosſummæ, ingeniiſq; paratos.
62 1187 680 1218 Quid qudd amat te, nec patri concedit amore?
61 1218 575 1254 Quamuis nemo ſuo ſit patri filius æquè
745 1259 835 1292 Atque
