872 1365
273 57 583 82 LAMPRIDII.
767 65 820 90 M7
41 103 616 136 Atque tuo tu carus: habes & pignora certa,
42 136 614 170 Ouod factum te pontficem iam tota ſalutat
42 169 678 203 Brixia; ſpes & maiorum eſt, ſi forte regatur
42 203 584 237 Ipſius auſpiciis olim præcelſa Quirini
43 236 618 270 Vrbs, mandetq; ſuis populis iura ille cupita.
41 269 717 303 Verum his Dij præſunt ſuperi: quod fata iubebunt,
42 304 640 338 Illud erit. quin tu declaras gaudia præ te,
44 337 722 369 Quando vt præteream conſpectum atque ora ſereni
40 370 664 404 Principis, offertur non contemnenda voluptas,
43 404 719 438 Atq; etiam votis ſapiens quam tu omnibus optes,
44 437 671 470 Quæ non vna erit & ſimplex: inuiſere primum
43 471 596 505 Continget tibi Flaminium, dulciq; tenere
25 505 709 538 Egregiam complexu animam, cum intraueris altæ
45 538 611 564 Mœnia Veronæ: nam nunc ſe continet illic
44 572 653 605 Giberto gerat vt morem primum ergo videbis
41 605 677 638 Flaminium, dein Fraſtorium, reliquoſq; Latini
41 638 709 671 Sermonis, ſi quiſquam alius, Græcique peritos,
42 672 597 705 Collegit quos Gibertus poſt vrbis omiſſas
42 705 584 738 Curas & tantâ poſtquam ſe mole leuau t.
42 739 570 773 Quin & ſublatis accurret Turrius vlnis,
40 771 709 806 Lætitia plenum ille ferens vultumq; animumque,
42 805 710 837 Non minus, ingenium cui eſt nobilitate, nec ortus
41 838 662 873 Magnis, non pr oauos tantos virtutibus æquat.
40 871 610 906 Hpſe etiam te cognoſcit Gibertus, amatque,
41 905 596 939 Nec nihil aduentu veteris gaudebit amici,
38 938 789 975 Atque aliquid ſtudium grauius, frontemq; remittet,
40 971 618 1005 Hoc tibi concedens vni: & fortaſſe virentes
40 1005 563 1038 Illos per colles ducet, uctuſq; cientem
36 1038 673 1066 Benacum Hadriacos cernes, & littora circum,
36 1071 627 1105 Frondea perpetuis foliis, quæ frigore & æſtu
36 1105 623 1138 Mala ferunt vulgo pendentibus aurea ramis.
37 1138 636 1170 Eia iter ingreſſus pulcrum, ne damna verere
38 1171 597 1205 Vlla futura. vrbem Troiæ qui cepit, ab vſu
36 1205 681 1237 Eſt habitus prudens longo, & ſermone virorum
36 1238 638 1274 Quales expoſui, aut etiam fortaſſe minorum.
701 1273 813 1300 Præterea
445 1274 562 1296 SsS 2
