854 1347
286 23 589 46 BENEDICTI
60 26 114 50 I3to
63 64 648 99 Præterea non magna tuis, ita cenſeo, poſſunt
65 99 539 133 Exigui portare dies diſpendia Muſis
65 133 621 167 Quin contra melior ſtudiiſq; paratidr aptis
65 167 594 201 Ad nos te referes & libros mente refectâ
61 201 616 234 Noctes atque dies eulues acrior. o quam
64 234 687 268 Non vnquam aſſiduas iuuat intermittere curas.
63 268 559 302 Et longos gratâ requie finire labores?
62 300 638 333 Præcipit & natura vices: nec flamina ſemper
62 335 665 369 In terræ gremium ex alto voluuntur Olympo.
61 369 648 402 Nec ſemper blandos per roſcida prata Napeæ
62 403 639 436 Vngue legunt viridi flores & curuus arator
59 436 635 469 Depellit iuga taurorum è ceruibus, atque
64 467 678 501 Reddidit vt feſſos ſolitis præſepibus, herbam
61 501 666 534 Sufficit, & manibus ſudorem abſtergit amicis:
61 535 650 568 Vt cum ſe extulerit glaucis Aurora quadrigis,
57 568 562 603 Reſtanti ſulcos in findat craſtinus agro.
62 601 747 637 Quod fieri ſecus haud poterat. reuoca ergo libenter
60 636 638 670 Andrea, defeſſum animum, pareq; iubenti
60 670 587 695 Fato alacris. nos interea te carmine cælo
61 701 601 737 Tollemus, ſiquid contingit nectare luſus
58 737 523 765 Muſa o notros Clo, cui rite vocatæ
61 769 617 803 Nuper Medoaci ripam madefecimus agnâ.
62 804 621 837 Sæpe tuum nomen repetentes audiit vnda
60 836 594 871 Vicinuſq; iugo reſpondit Teplus amæno.
276 894 505 919 Ludouico Eeccadaello.
58 928 654 971 Lecta fuit poſtquam tua dulcis epiſtola nobis,
57 971 622 1004 Ante omnes dilecte mihi Ludouice ſodales,
57 1004 593 1039 Ex quâ te lætum didici recteq; valentem:
58 1037 619 1071 Excepto, deſiderium qud non bene ferres
55 1071 641 1104 Noſtri, nec poſſes mordacem euellere curam,
57 1104 671 1138 Hoc vnum tibi præterea nil deeſſe quod optes:
56 1137 643 1170 Non porui id valde non angi namq; fatebor,
55 1170 701 1204 Ante quidem me cura minor, ſed cura premebat,
55 1202 670 1237 Quod non aut hic tuſimul eſſes, aut ego Iani
791 1244 838 1271 vel
