862 1368
261 48 573 78 LAMPRIDII.
40 90 527 131 Eſt ipfis etiam curæ primordia noſtra
41 129 715 165 Diſcere, & humanam penitus cognoſcere gentem,
43 164 682 198 Curq; homines præſtent aliis animantibus vſu
43 197 561 231 Sermonis, cur iudicio & ratione potiti,
43 231 648 257 Cætera cùm cateant animalia lumine mentis.
43 263 647 297 Præterea innumeris decoret fulgentibus aſtris
43 297 739 333 Quid cælum, & curant geminos quid totqueat axes:
43 331 635 366 Curant ertantumq; globos ſigniſq; decorum
43 365 567 397 Solis iter variis obliquo tramite mundi,
43 397 677 431 Et Solis conſanguineam ſplendeſcere Lunam;
42 432 612 465 Eſt vbi nonnunquam mirantur lucis egere.
43 465 636 498 Denique quid rerum valeat natura creatrix,
45 498 678 533 Et quid ferre neget, ſtudiis æqualibus ardent
43 532 638 566 Corripere, & nitidâ erinem inſignirecoron.
46 565 622 599 Attamen hos agitat diſpar ſententia. cenſer
46 598 634 626 Eſſe vias alias tentandas Barbarus, huic nec
46 632 570 665 Accedit Laurens, nec veſtri dia Macigni
48 665 636 698 Virtus: hæret adhuc partes Boldunius vtras
45 698 683 733 Laudet. quiſq; tamen puras accommodat aures
48 732 580 767 Egregiis Genuæ dictis, & percipit artem.
49 764 695 799 Iam ſat habes pulcri quid agat ſtudioſa iuuentus,
50 797 745 833 Cum quâ communem Muſarum e fontibus hauſtum
49 831 641 864 Ducebas, cum te colles Coſmumq; tenerent
49 865 673 899 Euganei; Coſmum, quo non præſtantior alter
50 899 670 931 Condere ſeu liquidum dulci teſtudine carmen,
51 931 663 965 Seu ſermone opus eſt aliquid narrare pedeſtri.
50 965 651 999 Quem verbis primum noſtris ſaluere iubebis,
48 998 625 1025 Deinde Caſin, ſi forte Caſis ſe contulit iſtuc
49 1031 562 1065 Vrbis laſſus, & vt caros inuiſat amicos.
47 1063 646 1099 Viue, valeq; memor noſtri, mandataq; ſerua.
250 1121 493 1146 In candorem Veneris.
50 1162 630 1198 Candida ſunt niuei concreta coagula lactis,
85 1197 594 1232 Candida ſunt oculis viſa liguſtra meis:
52 1230 684 1266 Candida dona eboris nigro mittuntur ab Indo,
