857 1359
193 25 634 70 t4IOAN.EONMe.
75 81 614 117 Candida ſunt Pariis marmora cæſa iugis.
44 116 646 148 Candida pluma tuos Cythereia veſtit olores,
77 149 592 177 Candida Sithonia eſt terra refuſa niue:
44 183 722 217 Candidior cunctis geminorum eſt mater Amorum,
76 215 662 250 Lacte, liguſtro, ebore, marmore, olore, niue.
298 262 537 294 Do ſui temporibus.
42 293 745 330 Olim habuit Cypris ſua tempora.: tempora Mauors
75 327 704 366 Olim habuit: ſua nunctempora Pallas habet.
311 375 502 401 Ad Lenem .
42 415 617 453 Saulus, & inſanâ rabie Lupa concita nuper
62 451 564 484 Quærebant tacitis perdere te inſidiis.
43 484 586 516 Si tibi, vti nomen, generoſi eſt ira leonis,
78 517 542 544 Non in tam vilem ſæuiet illa feram.
36 549 703 586 Si Deus es, Saulo ignoſces: Sauli eſt, prius hoſtem
73 581 576 620 Eſſe Dei, ſed mox pro Ioue cuncta pati.
86 664 765 719 IOANNIS LE S
249 717 574 756 MVTINENSIS.
255 762 573 789 De Ia i vaccam mutata.
25 801 669 862 Nſomnis ſibi via parens mea fundere partu
59 836 785 874 Brutum, hominem atq; Deam:ſomnia van tata et.
37 871 678 908 Me parit. immutor, renouor, color; in tribus vna
67 903 563 938 Io, Vacca, Iſis, brutumhomo, diua fui.
144 989 697 1030 LIGNAMINEI.
238 1049 530 1078 ddſiern Columnam.
27 1091 637 1145 vDIcvM Paridisriſit Cytherea, quod ipſa
88 1124 551 1157 Nuda Deas formâicerit vna duas:
28 1156 689 1195 Abs te nunc vinci dolet, alma Columnia; tanta et
60 1192 546 1230 In te nobilitatgratia, forma. decus.
667 1245 811 1283 LAV-
