895 1362
291 64 649 105 LAVRENTII
55 71 106 100 ts
307 107 487 131 De odem horto.
55 139 595 171 Penſilis extollant horti miracula gentes;
89 172 595 205 Fornice ſub noftro penſilis hortus erit.
312 208 456 239 De palma.
56 235 725 271 Pondere non premitur, ſed ſurſum palma reſurgit,
92 272 619 306 Hinc ſibi victores ſigna ſuperba petunt.
196 306 663 339 Ad Angelum. De laliſione fœtu onagri.
54 338 623 372 Angele non Libyci capiat me fœtus onagri.
92 373 521 399 Hortus natiuas det mihi delitias.
325 408 430 433 Ficedula.
57 438 723 475 Quum me ficus alat proprium eſt ficedula nomen:
89 472 695 507 Sumq; melancoriphus quod mihi fuſcus apex.
366 508 449 532 Fiber.
53 539 540 574 Pro carà cupio teſtes abſcindere vitâ,
66 574 597 617 Ne pereat, nimium nauita iactat onus.
333 610 427 642 Elephas.
51 639 708 676 Quis tollet Superos? quis Numina ſancta negabit.
89 673 605 710 Quum fera perpetuos ſentiat eſſe Deos?
372 711 438 733 Idem.
55 740 709 776 Non ſatis armatas quod porto in bella phalanges;
86 775 601 808 Menſaq; nect areas fulcit eburna dapes.
51 808 673 837 Fulcra toris, ſimulacra Ioui do; Numen adoro:
87 842 621 876 Et madiacallum turba prorerua meum?
182 875 438 908 Aquila.
54 906 613 942 Portaui puerum, qui miſcet viua Tonanti:
84 942 693 975 Obmeritum hoc in me fulmina nulla ruunt.
344 978 430 1001 Eadem.
54 1009 629 1044 Sola queo Phœbi radios ſpectare nitenteis;
84 1044 630 1081 Non aciem frangunt lumina clara meam.
348 1081 433 1102 Ceruus.
49 1108 628 1136 Viuacem admittant tua ſi conuiuia ceruum
79 1141 573 1169 Peſtiferam febrem non timuiſſe licet.
314 1179 480 1201 Amores Ius
46 1206 676 1241 Fit cycnus, taurus, Satyrus, fit Iuppiter aurum:
77 1239 602 1275 Pro Ledâ, Europaque, Antiopa, Danae.
756 1281 831 1304 De a-
