879 1355
254 47 568 72 LAVRENTII
74 92 578 128 Exemplar. talen finxit Homerus, ait.
255 128 574 150 Ad Lauren ium Medieem.
41 157 644 192 Pyrgoteles gemma ſculpſit ſed pinxit Apelles
79 192 585 225 Pelæum iuueuem: quis tibi pictor erit?
204 226 585 258 De certamine enſis & Parrhafii.
41 259 570 285 Fallit aues Leuſis: Leuſis deluditur arte
77 293 632 332 Parrhaſij. volucres hic capit, ille virum.
249 327 559 360 De Coralio ad Petrum.
42 360 598 394 Qui molli longe lato viret æquore frutex,
77 394 547 422 Eductus duro cortice, Petre, rubet.
310 429 454 461 De Lyncurio.
40 460 630 495 Quid ſit Lyncurium verbi iunctura docebit,
76 494 559 526 Vrinam lynci nomina iuncta ſonant.
314 528 426 552 Electium.
41 561 631 594 Nunc alni, quondam fratrem luxere ſorores,
75 595 598 627 E lachrymis ſtillant ſemper elcctea piis.
311 631 433 654 Succinum.
38 662 584 695 Lucida delitiis eſt ſuccina gemma puellæ.
73 696 579 729 Arbore Germanâ ſuccina gemma fluit.
316 732 426 755 Adamas.
37 762 684 792 Non adamas lammis, nec dura incude domatur,
73 797 584 830 Laurenti, hircino ſanguine conteritur.
344 832 411 863 Iaſps.
42 863 624 897 Tu magno in populo facundo pectore dices,
74 897 611 931 Quum digitis iunctus pulcher Iaſpis erit.
235 932 586 965 Ad Bmnrdinum Theolagum.
37 963 709 1000 Quantula ſunt hominum corpuſcula, tantula rodit
77 998 599 1032 Sarcophagus: molles heu fuge delitias.
133 1032 673 1065 De pite lago impio.
40 1064 637 1098 Chernites pius es, defunctaq; corpora ſeruat.
67 1099 571 1132 Impius abſumit corpora Sarcophagus.
235 1135 488 1165 Echeneis, quæ remora.
34 1162 583 1197 Pellebant velis, pellebant remige nauem;
65 1198 622 1229 Ventus erat: cœptum ſum remoratus iter;
26 1226 630 1263 Solus ego Actiacam potui retinere carinam
727 1268 828 1302 Et po-
