866 1359
353 50 505 75 iPPI.
70 92 509 127 Et potui Cai roſtra tenere ducis,
42 126 629 160 Semipedalis ego. quis hac corpuſcula credat
74 160 483 185 In curſu tantas detinuiſſe rates?
302 195 493 227 Nautilus piſcu.
44 227 640 262 Per freta dum cautus deducor imagine nauis,
37 262 532 291 Eſonides didicit ducere vela ratis.
303 296 473 327 De Delphino.
37 328 608 359 Mulcetur cithara delphin, mulcetur amore:
76 360 513 395 Teſtes ſtelligeri ſydera clara poli.
243 396 607 427 De torpedine piſce ad Angelum.
37 428 631 461 Angele, quis credat? f da torpedine tacta,
78 461 609 493 Contractas perhibent obriguiſſe manus.
244 497 611 529 De Phoca, qui vitulus marinus.
46 527 680 562 Carpe ſoporifcram pennam, pellemq; rigentem:
78 563 691 597 Iam dormi, & nuſquam fulmina torta time
379 598 449 631 Sepia.
44 629 671 662 Atrum purpureo pro ſanguine fundo liquorem:
80 663 653 697 Deuoror: & noſtro ſanguine charta madet.
321 700 447 730 De Polypo.
44 731 622 764 Paciferam polypus cupide corrodit oliuam,
77 764 605 803 Atq; pedes. brumæ tempore, ſegnis, edit.
311 800 475 832 Lucerna piſcis.
42 831 674 865 Et lucerna mihi nomen, quod lingua refulget:
76 865 560 898 Si noctu aſpicias, lumina vera putes.
264 900 581 933 De Trigone ſeu Patinaca.0
44 931 555 958 Peſtifer à caudâ mucro ſe tendit acutâ:
77 964 597 993 Hoc Ithacum narrant occubuiſſe malo.
317 1000 515 1034 De Datlopiſce.
37 1032 613 1068 Dactilus illuſtrat radianti lumine pontum;
76 1067 592 1100 Appoſitus menſæ, lumine menſa nitet.
375 1102 505 1125 De Echino.
41 1133 605 1166 Imbres & ventos cautus præſagit echinus;
75 1166 564 1200 Et nutans paruo pondere ſiſtit onus.
353 1201 431 1224 Idem
41 1232 645 1267 Spicula me voluunt totum defixa pet orbem.
770 1266 833 1294 Sed
