<PcGts xmlns="http://schema.primaresearch.org/PAGE/gts/pagecontent/2017-07-15" xmlns:xsi="http://www.w3.org/2001/XMLSchema-instance" xsi:schemaLocation="http://schema.primaresearch.org/PAGE/gts/pagecontent/2017-07-15 http://schema.primaresearch.org/PAGE/gts/pagecontent/2017-07-15/pagecontent.xsd"><Metadata><Creator>User123</Creator><Created>2020-04-25T21:20:14</Created><LastChange>2020-04-25T21:20:14</LastChange></Metadata><Page imageFilename="1466.png" imageHeight="1357" imageWidth="869"><TextRegion id="r0" type="paragraph"><Coords points="1,1 867,1 867,1355 1,1355"/><TextLine id="r0_l001"><Coords points="257,21 257,58 636,58 636,21"/><TextEquiv index="1"><Unicode>BERNARDINI</Unicode></TextEquiv></TextLine><TextLine id="r0_l002"><Coords points="90,29 90,50 152,50 152,29"/><TextEquiv index="1"><Unicode>I3D4</Unicode></TextEquiv></TextLine><TextLine id="r0_l003"><Coords points="124,61 124,95 585,95 585,61"/><TextEquiv index="1"><Unicode>Laurenti, ſccum dira venena gerit.</Unicode></TextEquiv></TextLine><TextLine id="r0_l004"><Coords points="495,129 495,98 365,97 365,130 433,130"/><TextEquiv index="1"><Unicode>Srela pii.</Unicode></TextEquiv></TextLine><TextLine id="r0_l005"><Coords points="717,131 93,130 93,162 102,163 717,163"/><TextEquiv index="1"><Unicode>Sum ſimilis ſtellæ candent ſe uidus igre</Unicode></TextEquiv></TextLine><TextLine id="r0_l006"><Coords points="126,165 126,190 573,190 573,165"/><TextEquiv index="1"><Unicode>Vuntur call.s omnia tacta meis.</Unicode></TextEquiv></TextLine><TextLine id="r0_l007"><Coords points="603,197 306,197 306,231 382,231 453,229 603,231"/><TextEquiv index="1"><Unicode>De Locuſta inimica poſypi.</Unicode></TextEquiv></TextLine><TextLine id="r0_l008"><Coords points="708,229 643,229 631,231 593,233 516,230 302,232 254,231 250,229 93,229 93,263 389,263 557,265 652,264 662,269 708,269"/><TextEquiv index="1"><Unicode>Formidat tantum polypum miſeras da locuſta,</Unicode></TextEquiv></TextLine><TextLine id="r0_l009"><Coords points="123,265 123,298 591,298 591,265"/><TextEquiv index="1"><Unicode>Aſpectuvt polypi læſa repente cadat</Unicode></TextEquiv></TextLine><TextLine id="r0_l010"><Coords points="366,300 366,322 497,322 497,300"/><TextEquiv index="1"><Unicode>De Cohlea.</Unicode></TextEquiv></TextLine><TextLine id="r0_l011"><Coords points="91,331 91,366 680,366 680,331"/><TextEquiv index="1"><Unicode>Contrahit, exertat parua cornicula fronte:</Unicode></TextEquiv></TextLine><TextLine id="r0_l012"><Coords points="125,366 125,400 642,400 642,366"/><TextEquiv index="1"><Unicode>Et nuda ingreditur contegituq domo.</Unicode></TextEquiv></TextLine><TextLine id="r0_l013"><Coords points="548,404 548,420 854,420 854,404"/><TextEquiv index="1"><Unicode></Unicode></TextEquiv></TextLine><TextLine id="r0_l014"><Coords points="822,437 635,437 635,450 642,451 676,451 679,453 721,453 760,455 822,455"/><TextEquiv index="1"><Unicode>a</Unicode></TextEquiv></TextLine><TextLine id="r0_l015"><Coords points="248,454 253,451 260,442 260,434 159,434 159,451 167,455 228,456"/><TextEquiv index="1"><Unicode></Unicode></TextEquiv></TextLine><TextLine id="r0_l016"><Coords points="409,454 409,439 358,439 358,448 364,453 373,455 404,455"/><TextEquiv index="1"><Unicode>I</Unicode></TextEquiv></TextLine><TextLine id="r0_l017"><Coords points="825,456 679,454 676,452 625,451 618,449 608,439 600,439 588,451 580,453 555,453 548,450 541,443 527,443 517,445 441,443 429,444 419,453 413,455 373,456 362,453 354,445 340,445 330,442 314,441 313,437 265,437 265,441 261,442 256,449 250,454 228,457 176,457 164,455 156,449 123,449 123,486 248,486 256,481 275,480 299,480 311,486 357,486 363,485 372,479 447,478 673,478 680,481 686,486 825,486"/><TextEquiv index="1"><Unicode>i A C L</Unicode></TextEquiv></TextLine><TextLine id="r0_l018"><Coords points="622,485 364,485 357,487 319,487 319,509 622,509"/><TextEquiv index="1"><Unicode>GLEMONENSS.</Unicode></TextEquiv></TextLine><TextLine id="r0_l019"><Coords points="811,528 92,528 92,557 96,557 106,562 119,563 335,563 513,561 778,561 782,563 811,563"/><TextEquiv index="1"><Unicode>VN mouet in Venetos claſſem nouus ille Pharaon</Unicode></TextEquiv></TextLine><TextLine id="r0_l020"><Coords points="425,595 731,595 731,562 336,563 215,565 180,563 119,564 106,563 100,560 92,560 92,592 133,593 162,597 269,597"/><TextEquiv index="1"><Unicode>Equora ſub tanto pondere feſſa gemunt,</Unicode></TextEquiv></TextLine><TextLine id="r0_l021"><Coords points="809,595 494,597 425,596 269,598 162,598 140,595 91,595 91,629 331,631 501,628 607,628 629,629 639,631 809,631"/><TextEquiv index="1"><Unicode>Hanc tamen Omnipotens ſpumantibus æquoris vndis</Unicode></TextEquiv></TextLine><TextLine id="r0_l022"><Coords points="608,661 607,629 501,629 331,632 126,630 126,662 592,662"/><TextEquiv index="1"><Unicode>Obruit, vt ſcires vere adamaſſe ſuos;</Unicode></TextEquiv></TextLine><TextLine id="r0_l023"><Coords points="550,695 608,696 608,663 324,663 279,665 92,664 92,697 358,698"/><TextEquiv index="1"><Unicode>Omnes exiliant, &amp; Bacchanalia viuant,</Unicode></TextEquiv></TextLine><TextLine id="r0_l024"><Coords points="506,728 657,729 657,697 550,696 358,699 93,698 93,729 99,730 439,730"/><TextEquiv index="1"><Unicode>Nam quoque letitia ſigna dat ipſe polus,</Unicode></TextEquiv></TextLine><TextLine id="r0_l025"><Coords points="627,729 506,729 338,732 141,732 89,730 89,763 404,764 569,762 627,764"/><TextEquiv index="1"><Unicode>Lumine maiori fulerunt Sidera Olympi,</Unicode></TextEquiv></TextLine><TextLine id="r0_l026"><Coords points="565,795 565,763 404,765 133,764 125,765 125,796 550,796"/><TextEquiv index="1"><Unicode>Ipſaq ſidereolumine terra grauis</Unicode></TextEquiv></TextLine><TextLine id="r0_l027"><Coords points="667,794 575,795 510,798 140,798 89,796 89,829 667,829"/><TextEquiv index="1"><Unicode>Exhibet innumeros hlemali tepore flores,</Unicode></TextEquiv></TextLine><TextLine id="r0_l028"><Coords points="594,861 594,829 508,831 125,830 125,864 478,864"/><TextEquiv index="1"><Unicode>Et matura ſuis poma leguntu heris.</Unicode></TextEquiv></TextLine><TextLine id="r0_l029"><Coords points="617,862 558,862 478,865 129,864 78,865 78,890 617,890"/><TextEquiv index="1"><Unicode>Aurea Saturni iam nobis ſa cla redibunt,</Unicode></TextEquiv></TextLine><TextLine id="r0_l030"><Coords points="597,928 597,896 434,898 127,898 127,929 539,929"/><TextEquiv index="1"><Unicode>lam ſine prafxo limite campus erit</Unicode></TextEquiv></TextLine><TextLine id="r0_l031"><Coords points="759,928 606,928 504,931 346,932 177,932 151,930 90,929 90,963 759,963"/><TextEquiv index="1"><Unicode>Mella dabunt quercus, nec non bismeſſis in anno,</Unicode></TextEquiv></TextLine><TextLine id="r0_l032"><Coords points="565,963 455,963 370,965 124,964 124,996 565,996"/><TextEquiv index="1"><Unicode>Bis erit in campis luxuioſa ſeges;</Unicode></TextEquiv></TextLine><TextLine id="r0_l033"><Coords points="562,1028 633,1029 633,997 401,997 328,999 159,999 86,997 86,1029 124,1031 343,1031"/><TextEquiv index="1"><Unicode>Conſpicientur oues nullo cuſtode reuerti</Unicode></TextEquiv></TextLine><TextLine id="r0_l034"><Coords points="712,1030 708,1029 700,1031 562,1029 343,1032 124,1032 124,1062 129,1063 275,1065 358,1063 636,1063 662,1064 679,1067 712,1069"/><TextEquiv index="1"><Unicode>Sæpe domum, infidias nec timuſſe lupi,</Unicode></TextEquiv></TextLine><TextLine id="r0_l035"><Coords points="639,1065 636,1064 358,1064 275,1066 87,1063 87,1096 639,1096"/><TextEquiv index="1"><Unicode>Tanta erit in toto co l clementia mundo,</Unicode></TextEquiv></TextLine><TextLine id="r0_l036"><Coords points="629,1098 619,1097 107,1097 107,1127 142,1127 176,1129 629,1129"/><TextEquiv index="1"><Unicode>eris vt æternum tempus adeſſe putes.</Unicode></TextEquiv></TextLine><TextLine id="r0_l037"><Coords points="758,1130 754,1128 691,1128 687,1130 670,1131 523,1130 251,1131 88,1128 88,1159 97,1160 283,1162 341,1164 623,1162 640,1163 644,1165 758,1165"/><TextEquiv index="1"><Unicode>Sidera cum fu.rint tantoium cauſfa bonorum,</Unicode></TextEquiv></TextLine><TextLine id="r0_l038"><Coords points="585,1195 585,1164 341,1165 220,1162 123,1162 123,1192 226,1193 255,1196 562,1196"/><TextEquiv index="1"><Unicode>Quis neget a Superis inferiora regi?</Unicode></TextEquiv></TextLine><TextLine id="r0_l039"><Coords points="772,1195 600,1195 562,1197 374,1196 357,1198 258,1198 254,1196 245,1195 87,1195 87,1231 773,1231"/><TextEquiv index="1"><Unicode>Ne amen ata colas, ſolum vencrare Tonaantc,</Unicode></TextEquiv></TextLine><TextLine id="r0_l040"><Coords points="807,1228 807,1269 856,1269 856,1228"/><TextEquiv index="1"><Unicode></Unicode></TextEquiv></TextLine><TextLine id="r0_l041"><Coords points="100,1300 100,1321 170,1321 170,1300"/><TextEquiv index="1"><Unicode></Unicode></TextEquiv></TextLine></TextRegion></Page></PcGts>