869 1357
257 21 636 58 BERNARDINI
124 61 585 95 Laurenti, ſccum dira venena gerit.
365 97 495 130 Srela pii.
93 130 717 163 Sum ſimilis ſtellæ candent ſe uidus igre
126 165 573 190 Vuntur call.s omnia tacta meis.
306 197 603 231 De Locuſta inimica poſypi.
93 229 708 269 Formidat tantum polypum miſeras da locuſta,
123 265 591 298 Aſpectuvt polypi læſa repente cadat
366 300 497 322 De Cohlea.
91 331 680 366 Contrahit, exertat parua cornicula fronte:
125 366 642 400 Et nuda ingreditur contegituq domo.
319 485 622 509 GLEMONENSS.
82 528 811 585 VN mouet in Venetos claſſem nouus ille Pharaon
177 562 731 597 Equora ſub tanto pondere feſſa gemunt,
91 595 809 631 Hanc tamen Omnipotens ſpumantibus æquoris vndis
126 629 608 662 Obruit, vt ſcires vere adamaſſe ſuos;
92 663 608 698 Omnes exiliant, & Bacchanalia viuant,
93 696 657 730 Nam quoque letitia ſigna dat ipſe polus,
89 729 627 764 Lumine maiori fulerunt Sidera Olympi,
125 763 565 796 Ipſaq ſidereolumine terra grauis
89 794 667 829 Exhibet innumeros hlemali tepore flores,
125 829 594 864 Et matura ſuis poma leguntu heris.
78 862 617 890 Aurea Saturni iam nobis ſa cla redibunt,
127 896 597 929 lam ſine prafxo limite campus erit
90 928 759 963 Mella dabunt quercus, nec non bismeſſis in anno,
124 963 565 996 Bis erit in campis luxuioſa ſeges;
86 997 633 1031 Conſpicientur oues nullo cuſtode reuerti
124 1029 661 1065 Sæpe domum, infidias nec timuſſe lupi,
87 1063 639 1096 Tanta erit in toto co l clementia mundo,
107 1097 629 1129 eris vt æternum tempus adeſſe putes.
88 1128 725 1165 Sidera cum fu.rint tantoium cauſfa bonorum,
123 1162 585 1196 Quis neget a Superis inferiora regi?
87 1195 773 1231 Ne amen ata colas, ſolum vencrare Tonaantc,
