864 1353
236 14 560 55 LVCATEL.
43 71 523 112 Qui regit Imperio cuncta creata ſuo.
13 104 592 139 Hic Venetum ventis impleuit vela ſecundis,
44 138 581 178 Et tulit auxilium, dum ferus hoſts adeſt.
13 172 611 206 Fudit & hic acies Turcarum, denique claſſem
48 207 540 245 Hquoreis tantam perdidit ipſe vadis.
17 240 543 273 Ne timeas hoſtes, aduerſus tela Tyranni
49 274 580 305 Cum Duce tam forti miles ineimis eas;
16 306 621 341 Victor er s tandem, & ſpoliis Orientis onuſtus
48 341 643 380 Cincta triumphali tempora fronde geres.
17 374 602 412 Turcica lex Bromii dulces vetuiſſc liquores
51 407 584 443 Dicitur, o quantum lex erat illa grauis.
14 441 571 481 Quin fuit illicitum Turcis duxiſſe choreas,
49 477 593 514 Illecebrisq; capi, quas amat alma Venus;
16 515 683 543 Sed modo cœperunt venerarinumen vtsumque
49 542 630 575 Numina ſunt cordi Bacchus, & alma Venus,
16 576 626 617 Atque ideo exoptant Cypri ſibi ſubdete regna,
50 610 423 648 Vt poſſint vita liberiore frui,
2 640 640 683 Huc volitat; verum pro ſpreto numine Bacchi
50 674 634 714 Non bona vina bibent, ſed vada ſalſa maris;
17 708 598 746 Illecebræq; Dea Paphiæ, dulcesq; cachinni,
51 744 567 777 Oſcula blanda ſui ſpicula Martis erunt.
229 790 486 815 Ad Leonem Venctum.
16 831 678 869 Gloria quadrupedum quid ceſſas perdere gentes?
47 868 568 900 Mentior, hæ potius ſant Orientis oues,
16 899 645 937 Arripuere fugam, partem modo Thracius abdit
47 934 580 970 Boſphorus, infernas pars adierc domos;
16 966 752 1005 Sterne gregem inualidum, ſuperi tua cœpta ſecundant,
49 1001 588 1031 En tbi ſe comitem ſacra Columna facit,
13 1033 698 1067 Exhibet omnipotens volucrem, quæ tela miniſtret,
49 1068 635 1104 Dirigat atque tuum, quo libet ire, pedem.
16 1101 744 1139 Eia age rumpe moras, obuium iam tolle magiſtrum,
49 1135 587 1173 ui giege de noſtro ſemper abegit oues,
14 1168 589 1202 Illius aſpicias ſtillantem ſanguine culurum,
47 1203 489 1239 lius aſpias cæde tepere lares;
727 1244 793 1274 Non
