870 1363
286 33 695 63 BERNARDINI
77 34 136 57 oc
80 72 792 113 Non tibi tantus honos, dum quondam raptus ad atra
115 107 652 140 Sidus eras, terris nam modo numen eris.
248 156 617 190 In laudem Augutiui Barbadici.
77 197 634 232 Pro patria extinctum te flerunt ardua cœli
78 232 622 269 Sidera, ſideribus nam bene notus eras;
76 266 620 304 Pierides nunquam tales fudere querelas,
114 302 694 344 Nec tantum gemuit Sol Phaetonta ſuum;
78 331 726 380 Charus eras Muſis, te Mars, ac Phœbus amabat,
114 366 584 401 Gloria Pieridum, gloria Martis eras.
76 399 684 439 Non Auguſtini, & Venetum fortiſſime ductor,
113 434 635 466 Ceu prius, Auguſti ſed tibi nomen erit.
76 467 690 506 Nam velut Auguſtus pacatum reddidit orbem,
111 499 640 537 Sic tu parta orbi pace relinquis humum
77 532 742 571 Ac velut ille Polum quondam conſcendit, & inter
112 565 603 602 Sidereos proceres conſpiciendus crat,
77 599 654 637 Sic tua te virtus extollet ad aſtra, ſedebis
110 635 603 670 Inter & Heroas, Semideumq; choros.
75 666 607 701 Pierides tumulum ſacris ornate corollis,
110 700 674 739 Eſt opus hoc veſtrum, veſter alumnus erat;
75 735 779 782 Tu quoque Mars clypeum, nec non hic pone ſagittas,
110 768 693 806 Nam tua cum tanto eſt fama ſepulta Duce.
73 833 687 870 Quis modb Cypriacæ caſum non defleat vrbis:
72 869 744 907 Qus tam mentis inops, Heroum maxime Mechni?
73 901 618 943 Qui non in clades regni ſuſpiret adempti
72 935 719 976 Hactenus ipſe quidem curarum oppreſſus aceru,
69 969 660 1008 Non potui ſacros Heliconis adire receſſus,
73 1003 583 1035 Hæc fuit vna mei diuturni cauſa ſilenti.
73 1036 757 1080 Namq; vbi Turca metum magno ferus ineutit orbi,
74 1069 639 1103 Et bello ad cunctas terrarum fulminat oras
71 1103 681 1143 Victor, & in victos populos furit impius armis
64 1136 630 1170 Ineepi tepidate metu, nam mente reuoluo
68 1168 666 1210 Facta nefanda, viros iam nulli parcere ſuetos,
66 1200 683 1246 Hi dulces iugulant natos ante ora parentum,
770 1255 846 1283 Im-
