866 1367
171 51 562 79 LVCATELLI
21 94 641 132 Inualidosq; ſenes, nec quicquam tale timentes
22 127 556 162 Ante aras, ante ora Dei miſerabile viſu
25 158 710 195 Enſibus obtruncant, lacerantq; miſerrima membra.
25 196 660 234 Non ignota loquor, nam nulli incognita Cyprus
26 226 652 264 Inſula, diues opum, Venetorum maxima meſſis
1 264 590 298 Hic erat, hac capta magno clamore ruentes
29 289 668 332 Non ſecus, atque lupi fdarunt cunta cruore
27 328 625 363 O ſcelus horrendum. innuptas violare puellas
28 360 668 397 Non ſatis eſt, gladios penitus in viſcera condunt
28 397 467 427 Deiecere aliæ ſeſe de turribus altis
29 430 529 468 Præcipites, aliæ transfixæ corpora telis
28 461 636 499 Procubuere ſuis, ne vim paterentur ab hoſte.
29 492 775 533 Heu lachrymæ impediunt numerum memorare camænis
28 528 685 565 Tantorum ſcelerum, quæ dira in mœnibus hoftes
31 564 624 594 Commiſere manu, ſatis eſt ex millibus vnum
29 596 669 634 Dicere, quo nullum toto eſt truculentins orbe,
28 631 564 669 Et quod mille feri vix inuenere Tyranni.
61 665 631 700 Dux fuit in Cypro Regum de ſtirpe creatus,
30 697 607 735 Quo non maiorem bello Sol vidit, & armis,
30 731 644 765 Hunc vbi ſternentem primos ex agmine Tureæ
31 763 623 802 Conſpexere, ruunt, & collo vincula nectunt,
30 797 621 835 Diductasq; illo mox implent puluere fauces,
31 824 703 868 Machina quo belli caua concutit oppida, & arces
32 866 574 900 Deiicit horribili ſonitu, cœliq; fragore
29 901 621 934 Faucibus imponunt ignem, tunc ora repente
31 931 663 967 Sunt lacerata ſono ingenti, ceu fulmina quando
30 965 619 1002 Iuppiter omnipotens cœlo iaculatur ab alto,
30 995 656 1029 Non Geta tam ſæuum, nec tam crudele tuliſſet
31 1032 636 1068 Soluere ſupplicium, foret hic ſi captus ab illo,
32 1065 607 1101 Non hoc Sylla nefas ficcis ſpectaſſet ocellis,
31 1099 749 1134 Non Phalaris, non ipſe Nero illo immanior ange,
29 1132 709 1170 Quem pede preſſit humi æſtiuo ſub Sole viator.
27 1166 644 1202 Spero equidem tanta pœnas pro cæde daturos
27 1199 640 1236 Quamprimtm, ſuperis i ſuntmortalia cordi,
28 1234 624 1271 Et ſupexis tquidm ſunt hæc mortalia cordi;
745 1266 813 1290 Nam
