870 1363
261 26 724 74 BERNARDII
95 83 704 120 Nam ſimul ac Veneri victricia figna per orbem
93 118 710 154 Ferre vident Turcas, genus inſuperabile bello,
93 150 689 189 Legatos ſubitò ad Regem miſere Philippum,
94 184 697 218 Pontificemq; Pium, quos intra tecta vocatos
91 218 623 250 Rex tandem verbis ſic eſt affatus amicis.
91 251 643 282 Ite viri, & noſtris ſociis hæc dicite noſtro
91 285 789 325 Nomine, iam pauidum mittaut de corde timorem,
92 318 679 355 Cernitis inſtructas acies, claſſemq; paratam
79 353 714 392 Gurgite cæruleo, totum quæ terreat orbem,
90 386 718 422 Milite nunc Venetos armato, opibusq; iuuabo,
91 419 766 454 Nam mihi iamdudum coniuncta eſt fœdere dextra
89 453 680 489 Cum Venetis, eadem Roma reſponſa feretis,
90 485 742 525 Nam Pius auxilio veſtrum fouet vſque Senatum;
86 519 746 558 Sit Deus omnipotens cuſtos, claſſemq; gubernet,
86 551 705 590 Pellere quo poſſint ſcelerataà ſede Tyrannum,
87 585 614 620 Viq; iterum terras pax exoptata reuiſat,
86 618 651 657 Cana fides, probitas, ac pleno copia cornu.
81 685 666 723 Vna auis in terris, qua Cynthius aureus exit,
116 719 575 759 Ponit odoratos interitura rogos,
79 751 720 794 Stat ſuper, & pennis rutilantibus excitat ignem
114 787 610 822 Vritur, in cineres vertitur inde nouos,
78 819 707 864 Prodit ab his tandem formoſior altera Phæœnix,
112 853 634 889 Se nouat hoc pacto, ſicq; perennat auis.
78 885 649 928 Sic modo Turcarum Regi tranſmiſſa virago
111 921 606 960 Fecerat. Ægeis dum veheretur aquis.
75 953 683 993 Namq; vbi captiuam ventoſa por æquora duci
112 988 573 1022 Se videt, & collo vincula nexa ſuo;
75 1020 621 1053 Protinus ad ſocias ſeſe conuertit, & iſtam
110 1054 608 1091 Vosne ignominiam ferre poteſtis, ait?
74 1087 552 1126 Selino vt cunctæ diro ſeruire velitis?
105 1120 596 1161 Ah potius ſalſis commoriamur aquis,
67 1152 672 1194 Dixit, & in puppem ardentes laculata fauillas
64 1187 595 1226 Se, comitesq; ſuas, diuitiasq; cremat.
49 1217 761 1269 Non perit omnin, poſt mortem eſt fama fuperſtes,
732 1269 837 1303 Dignior
