884 1369
276 31 673 58 LVCATELLI.
87 72 534 106 Dignior & cœlo reddita vita ſibi;
22 107 629 140 Altera ceu Phœnix terris eſt facta perennis,
74 140 580 182 Altera ceu virgo eſt facta beata Polo.
48 207 604 241 Viderat alma Venus vaſtari Cypria regna,
89 241 547 273 Atque ſuas ſedes obſidione premi,
49 273 691 318 Ornnia Turca ferox ferro perdebat, & igne
86 308 594 342 Ovininq; humani plena cruoris erant
48 342 689 376 Martem adit expanſis per eburnea colla capillis;
85 376 575 409 Vix ah, vix teneris parcit & illa genis.
50 409 697 443 An ne ego poſt multas cædes his finibus, inquit,
86 442 546 476 Pellar? & amiſſis ſedibus exul ero?
51 471 683 508 O dolor, & pietas, tam barbarus hoſtis habebit
87 509 572 542 Oppida delitiis facta ſuperba meis?
51 543 690 576 Ah pereat potius, Mars optime: perde cohortes,
86 577 613 602 Vrbibus noſtris hanc cito tolle luem.
41 609 687 646 Prote bella geram, faciam quodcunque iubebis
93 645 567 676 Mars ait, amplexus hoc meruere tui.
51 669 719 709 Pone metum Cytherea: tuos tunc credimus hoſtes
89 712 649 745 Victores, quando Mars quoque victus erit.
254 750 536 785 De Hieromâ Column.
57 789 634 818 Viderat in ſomnis imâ à tellure Columnam
89 824 656 859 Surgere Pan, ſenſim mox tetigiſſe polum.
57 860 629 892 Impoſita huic etiam cunctis ex vrbibus vna
88 892 633 926 Inclita Parthenope, magnus & orbis erat.
56 926 603 957 Hanc ſeruate Dei; exitio ne forte ſub vno
90 960 623 994 Tandem cum geminis orbibus illa cadat.
55 992 834 1027 Nam quoque Parthenope: tantum caput extulit; vt non
90 1027 602 1056 Nomina conueniant vrbis at orbis, ait.
299 1067 463 1092 De eâdem.
59 1109 702 1142 Spe ferunt Lunam nimio Endymionis amore,
93 1143 680 1175 Non tamen hoc mirum eſt, deſeruiſſe polum.
59 1175 769 1216 Hoc mirum, cuncta ad ſe ſi euocat aſtra Columna,
92 1210 529 1250 Ecœloq; omnes allicit vna Teos.
767 1249 823 1290 -
