<?xml version="1.0" encoding="utf-8"?>
<PcGts xmlns="http://schema.primaresearch.org/PAGE/gts/pagecontent/2017-07-15" xmlns:xsi="http://www.w3.org/2001/XMLSchema-instance" xsi:schemaLocation="http://schema.primaresearch.org/PAGE/gts/pagecontent/2017-07-15 http://schema.primaresearch.org/PAGE/gts/pagecontent/2017-07-15/pagecontent.xsd">
  <Metadata>
    <Creator/>
    <Created>2020-04-18T20:00:31</Created>
    <LastChange>1970-01-01T00:00:00</LastChange>
    <Comments/>
  </Metadata>
  <Page imageFilename="0022.png" imageHeight="1312" imageWidth="888">
    <TextRegion id="r1" type="paragraph">
      <Coords points="1,1 886,1 886,1310 1,1310"/>
      <TextLine id="l1">
        <Coords points="370,63 370,88 582,88 582,63"/>
        <TextEquiv index="0">
          <Unicode>PETRI</Unicode>
        </TextEquiv>
        <TextEquiv index="1">
          <Unicode>PETRI</Unicode>
        </TextEquiv>
      </TextLine>
      <TextLine id="l2">
        <Coords points="392,134 655,134 655,105 189,105 189,135 311,136"/>
        <TextEquiv index="0">
          <Unicode>Heic Luxemburgus cor Iacobus habet.</Unicode>
        </TextEquiv>
        <TextEquiv index="1">
          <Unicode>Heic Luxemburgus cor acobus habet.</Unicode>
        </TextEquiv>
      </TextLine>
      <TextLine id="l3">
        <Coords points="653,135 392,135 311,137 160,136 160,165 653,165"/>
        <TextEquiv index="0">
          <Unicode>O pretioſa nimis tellus tam diuite gazâ!</Unicode>
        </TextEquiv>
        <TextEquiv index="1">
          <Unicode>O pretioſa nimis tellus tam diuite gazâ</Unicode>
        </TextEquiv>
      </TextLine>
      <TextLine id="l4">
        <Coords points="685,167 189,167 189,194 386,194 389,192 451,192 490,194 685,194"/>
        <TextEquiv index="0">
          <Unicode>Eximius quidquam condere non poterat.</Unicode>
        </TextEquiv>
        <TextEquiv index="1">
          <Unicode>Eximis quidquam condere non poterat.</Unicode>
        </TextEquiv>
      </TextLine>
      <TextLine id="l5">
        <Coords points="435,194 435,215 537,215 537,194"/>
        <TextEquiv index="0">
          <Unicode>De eodem.</Unicode>
        </TextEquiv>
        <TextEquiv index="1">
          <Unicode>De eodem.</Unicode>
        </TextEquiv>
      </TextLine>
      <TextLine id="l6">
        <Coords points="161,224 161,250 724,250 724,224"/>
        <TextEquiv index="0">
          <Unicode>Nobile cor clari tumulo hoc cubat ecce Iacobi,</Unicode>
        </TextEquiv>
        <TextEquiv index="1">
          <Unicode>Nobile cor clari tumulo hoc cubat ecce Iacobi,</Unicode>
        </TextEquiv>
      </TextLine>
      <TextLine id="l7">
        <Coords points="196,254 196,284 676,284 676,254"/>
        <TextEquiv index="0">
          <Unicode>Qui Luxemburgæ laus fuit alma domus.</Unicode>
        </TextEquiv>
        <TextEquiv index="1">
          <Unicode>Qui Luxemburgæ laus fuit alma domus.</Unicode>
        </TextEquiv>
      </TextLine>
      <TextLine id="l8">
        <Coords points="162,285 162,314 691,314 691,285"/>
        <TextEquiv index="0">
          <Unicode>Id licet exigue claudatur marmore, dignum</Unicode>
        </TextEquiv>
        <TextEquiv index="1">
          <Unicode>Id licet exigue claudatur marmore, dignum</Unicode>
        </TextEquiv>
      </TextLine>
      <TextLine id="l9">
        <Coords points="190,314 190,343 643,343 643,314"/>
        <TextEquiv index="0">
          <Unicode>Auro Dalmatico quod tegeretur erat.</Unicode>
        </TextEquiv>
        <TextEquiv index="1">
          <Unicode>Auro Dalmatico quod tegeretur erat.</Unicode>
        </TextEquiv>
      </TextLine>
      <TextLine id="l10">
        <Coords points="447,346 447,365 525,365 525,346"/>
        <TextEquiv index="0">
          <Unicode>Adhuc</Unicode>
        </TextEquiv>
        <TextEquiv index="1">
          <Unicode>Adhc</Unicode>
        </TextEquiv>
      </TextLine>
      <TextLine id="l11">
        <Coords points="161,372 161,403 737,403 737,372"/>
        <TextEquiv index="0">
          <Unicode>Cur locus iſte quidem cor; viſcera continet ille;</Unicode>
        </TextEquiv>
        <TextEquiv index="1">
          <Unicode>Cur locus iſte quidem cor; viſcera continet ille;</Unicode>
        </TextEquiv>
      </TextLine>
      <TextLine id="l12">
        <Coords points="643,406 412,403 288,403 191,405 191,431 199,432 242,433 416,431 446,433 643,433"/>
        <TextEquiv index="0">
          <Unicode>Atque alio recubat corpus inane ſolo?</Unicode>
        </TextEquiv>
        <TextEquiv index="1">
          <Unicode>Atque alio recubat corpus inane ſolo?</Unicode>
        </TextEquiv>
      </TextLine>
      <TextLine id="l13">
        <Coords points="748,433 669,433 648,435 523,435 445,433 160,433 160,462 182,461 247,463 748,463"/>
        <TextEquiv index="0">
          <Unicode>Cauſſa in procliui eſt: fuerit cum præditus heros</Unicode>
        </TextEquiv>
        <TextEquiv index="1">
          <Unicode>Cauſſa in procliui eſt: fuerit cum præditus heros</Unicode>
        </TextEquiv>
      </TextLine>
      <TextLine id="l14">
        <Coords points="712,466 432,463 191,463 191,490 712,490"/>
        <TextEquiv index="0">
          <Unicode>Corporis atque animi dotibus innumeris;</Unicode>
        </TextEquiv>
        <TextEquiv index="1">
          <Unicode>Corporis atque animi dotibus innumeris;</Unicode>
        </TextEquiv>
      </TextLine>
      <TextLine id="l15">
        <Coords points="159,493 159,521 661,521 661,493"/>
        <TextEquiv index="0">
          <Unicode>Relliquias potuit tantas non vnia tellus,</Unicode>
        </TextEquiv>
        <TextEquiv index="1">
          <Unicode>Relliquias potuit tantas non vnia tellus,</Unicode>
        </TextEquiv>
      </TextLine>
      <TextLine id="l16">
        <Coords points="190,522 190,546 659,546 659,522"/>
        <TextEquiv index="0">
          <Unicode>Nec ſatis vnus erat tot bona ferre locus.</Unicode>
        </TextEquiv>
        <TextEquiv index="1">
          <Unicode>Nec ſatis vnus erat tot bona ferre locus.</Unicode>
        </TextEquiv>
      </TextLine>
      <TextLine id="l17">
        <Coords points="611,555 359,554 359,581 611,582"/>
        <TextEquiv index="0">
          <Unicode>De eodem Luxemburgo.</Unicode>
        </TextEquiv>
        <TextEquiv index="1">
          <Unicode>De edem Luemburgo.</Unicode>
        </TextEquiv>
      </TextLine>
      <TextLine id="l18">
        <Coords points="698,582 552,584 392,582 162,582 162,610 183,609 238,611 356,612 698,612"/>
        <TextEquiv index="0">
          <Unicode>Si virtus gemmis fuluo ac pretioſior auro eſt:</Unicode>
        </TextEquiv>
        <TextEquiv index="1">
          <Unicode>Si virtus gemmis fuluo ac pretioſior auroeſt:</Unicode>
        </TextEquiv>
      </TextLine>
      <TextLine id="l19">
        <Coords points="644,616 355,612 193,612 193,639 198,640 466,643 644,643"/>
        <TextEquiv index="0">
          <Unicode>Hic tumulus ſuperat totius orbis opes.</Unicode>
        </TextEquiv>
        <TextEquiv index="1">
          <Unicode>Hic tumulus ſuperat totius orbis opes.</Unicode>
        </TextEquiv>
      </TextLine>
      <TextLine id="l20">
        <Coords points="735,642 692,641 687,644 681,645 559,645 465,643 160,641 160,673 170,673 177,669 238,671 330,670 358,672 458,673 735,673"/>
        <TextEquiv index="0">
          <Unicode>Nam Luxemburgus ſitus heic prænobilis heros;</Unicode>
        </TextEquiv>
        <TextEquiv index="1">
          <Unicode>Nam Luxemburgus ſitus heic prænobilis heros;</Unicode>
        </TextEquiv>
      </TextLine>
      <TextLine id="l21">
        <Coords points="602,675 357,672 190,672 190,700 602,700"/>
        <TextEquiv index="0">
          <Unicode>Totus qui Virtus nil niſi mera fuit.</Unicode>
        </TextEquiv>
        <TextEquiv index="1">
          <Unicode>Totus qui Virtus nil niſi mera fuit.</Unicode>
        </TextEquiv>
      </TextLine>
      <TextLine id="l22">
        <Coords points="674,703 650,703 647,705 640,706 291,703 291,730 456,731 524,733 674,733"/>
        <TextEquiv index="0">
          <Unicode>Epitaphium Ioanni Bergano Comiti.</Unicode>
        </TextEquiv>
        <TextEquiv index="1">
          <Unicode>Epita hium Ioanni ergano cComiti.</Unicode>
        </TextEquiv>
      </TextLine>
      <TextLine id="l23">
        <Coords points="691,735 340,731 163,731 163,761 222,761 237,759 312,759 330,761 691,761"/>
        <TextEquiv index="0">
          <Unicode>Qui validos toties hoſteis proſtrauit, &amp; vnus</Unicode>
        </TextEquiv>
        <TextEquiv index="1">
          <Unicode>Qui validos toties hoſteis proſtrauit, &amp; vnus</Unicode>
        </TextEquiv>
      </TextLine>
      <TextLine id="l24">
        <Coords points="625,765 528,765 402,762 330,762 312,760 237,760 223,761 218,765 193,766 193,789 301,789 340,791 458,793 625,793"/>
        <TextEquiv index="0">
          <Unicode>Qui belli fulmen, victor &amp; vnus erat,</Unicode>
        </TextEquiv>
        <TextEquiv index="1">
          <Unicode>Qui belli fulmen, victor &amp; vnus erat,</Unicode>
        </TextEquiv>
      </TextLine>
      <TextLine id="l25">
        <Coords points="766,791 677,791 673,794 666,796 621,796 556,794 380,793 301,790 158,790 158,817 264,820 390,820 450,823 766,823"/>
        <TextEquiv index="0">
          <Unicode>Hunc niſi Mors Iuuenem rapuiſſet, nullus in orbe</Unicode>
        </TextEquiv>
        <TextEquiv index="1">
          <Unicode>Hunc niſi Mors Iuuenem rapuiſſet, nullus in orbe</Unicode>
        </TextEquiv>
      </TextLine>
      <TextLine id="l26">
        <Coords points="610,825 450,824 390,821 189,821 189,851 346,851 354,849 394,849 405,851 610,851"/>
        <TextEquiv index="0">
          <Unicode>Hoc qui confer Dux potuiſſet erat.</Unicode>
        </TextEquiv>
        <TextEquiv index="1">
          <Unicode>Hoc qui confer Dux potuiſſet erat.</Unicode>
        </TextEquiv>
      </TextLine>
      <TextLine id="l27">
        <Coords points="391,854 391,876 593,876 593,854"/>
        <TextEquiv index="0">
          <Unicode>De mendicis duobus.</Unicode>
        </TextEquiv>
        <TextEquiv index="1">
          <Unicode>De mendicis duobus.</Unicode>
        </TextEquiv>
      </TextLine>
      <TextLine id="l28">
        <Coords points="658,881 641,881 635,884 559,883 518,884 468,882 357,882 349,880 158,880 158,907 231,908 302,911 658,911"/>
        <TextEquiv index="0">
          <Unicode>Conuenere ſimul mendici Pauſon &amp; Irus,</Unicode>
        </TextEquiv>
        <TextEquiv index="1">
          <Unicode>Conuenere ſimul mendici Pauſon &amp; Irus,</Unicode>
        </TextEquiv>
      </TextLine>
      <TextLine id="l29">
        <Coords points="686,917 614,917 395,912 302,912 265,910 189,910 189,938 197,939 259,939 320,941 686,941"/>
        <TextEquiv index="0">
          <Unicode>Quos ſitis atque fames diſcruciabat atrox.</Unicode>
        </TextEquiv>
        <TextEquiv index="1">
          <Unicode>Quos ſitis atque fames diſcruciabat atrox.</Unicode>
        </TextEquiv>
      </TextLine>
      <TextLine id="l30">
        <Coords points="784,942 732,942 727,945 716,947 695,946 594,947 502,944 422,944 259,940 156,940 156,967 219,969 284,969 317,971 388,971 420,973 481,973 513,975 592,975 684,978 784,978"/>
        <TextEquiv index="0">
          <Unicode>Vtramque vt fugiant quærunt fraudeſque doloſque:</Unicode>
        </TextEquiv>
        <TextEquiv index="1">
          <Unicode>Vtramque vt fugiant quærunt fraudeſque doloſque:</Unicode>
        </TextEquiv>
      </TextLine>
      <TextLine id="l31">
        <Coords points="637,978 635,977 513,976 481,974 317,972 284,970 185,970 185,998 430,1002 454,1004 637,1004"/>
        <TextEquiv index="0">
          <Unicode>Lucro ſum Pauſon repperit aucupium</Unicode>
        </TextEquiv>
        <TextEquiv index="1">
          <Unicode>Lucro ſum auſon repperit aucupium</Unicode>
        </TextEquiv>
      </TextLine>
      <TextLine id="l32">
        <Coords points="713,1003 689,1003 680,1007 568,1007 335,1001 155,1001 155,1028 270,1028 366,1031 713,1031"/>
        <TextEquiv index="0">
          <Unicode>Atque ait ad ſocium: cum cras illuxerit, ædes</Unicode>
        </TextEquiv>
        <TextEquiv index="1">
          <Unicode>Atque ait ad ſocium: cum cras illuxerit, ædes</Unicode>
        </TextEquiv>
      </TextLine>
      <TextLine id="l33">
        <Coords points="679,1039 667,1038 509,1036 329,1030 189,1029 189,1056 201,1057 246,1059 420,1061 514,1065 679,1065"/>
        <TextEquiv index="0">
          <Unicode>Ante ſacras ſtratus tu recubabis humi:</Unicode>
        </TextEquiv>
        <TextEquiv index="1">
          <Unicode>Ante ſacras ſtratus tu recubabis humi:</Unicode>
        </TextEquiv>
      </TextLine>
      <TextLine id="l34">
        <Coords points="710,1066 698,1064 694,1064 688,1067 597,1068 448,1064 420,1062 155,1058 155,1085 166,1086 364,1090 468,1095 710,1095"/>
        <TextEquiv index="0">
          <Unicode>Sed prius omentum religetur ab inguine filo;</Unicode>
        </TextEquiv>
        <TextEquiv index="1">
          <Unicode>Sed prius omentum religetur ab inguine filo;</Unicode>
        </TextEquiv>
      </TextLine>
      <TextLine id="l35">
        <Coords points="650,1099 572,1098 542,1096 468,1096 422,1093 322,1091 293,1089 184,1088 184,1116 430,1122 509,1126 650,1126"/>
        <TextEquiv index="0">
          <Unicode>Diſrupti ſpeciem quo obijcias populo.</Unicode>
        </TextEquiv>
        <TextEquiv index="1">
          <Unicode>Diſrupti ſpeciem quo obijcias populo.</Unicode>
        </TextEquiv>
      </TextLine>
      <TextLine id="l36">
        <Coords points="750,1133 746,1132 738,1126 724,1125 699,1125 694,1128 688,1129 573,1128 509,1127 460,1124 355,1122 289,1119 151,1117 151,1151 162,1152 229,1152 369,1157 750,1157"/>
        <TextEquiv index="0">
          <Unicode>Adſtabo obteſtans, miſerum bis terque vocabo;</Unicode>
        </TextEquiv>
        <TextEquiv index="1">
          <Unicode>Adſtabo obteſtans, miſerum bis terque vocabo;</Unicode>
        </TextEquiv>
      </TextLine>
      <TextLine id="l37">
        <Coords points="731,1162 731,1186 814,1186 814,1162"/>
        <TextEquiv index="0">
          <Unicode>Nimi-</Unicode>
        </TextEquiv>
        <TextEquiv index="1">
          <Unicode>Nimi-</Unicode>
        </TextEquiv>
      </TextLine>
      <TextEquiv>
        <Unicode/>
      </TextEquiv>
    </TextRegion>
  </Page>
</PcGts>
