888 1312
294 59 559 91 E
125 102 604 138 Nimirum nummos turba benigna dabit.
101 128 703 169 Commentum placuit: ſtantante ſacella: miſertum
132 165 544 201 Vulgus mendicis largiter æra iacit.
100 185 720 230 orte die quadam cum PRex quoque templa ſubiſſet,
129 224 544 254 Heic etiam merces explicuere ſuas.
85 248 652 293 Nobilibuſqne pijs miſerum Iuſtrantibus, imber
132 282 573 319 Spargitur argenti, vix velut alba pluit.
101 307 666 343 Interea accurrens canis acer, ab inguine vulſum
132 340 579 371 Fallax omentum ſurripit, atque fugit.
84 369 651 412 Quod ſimul ac vidit Pauſon, fugit ocyor Euro,
136 398 643 430 Et ſecum num mos æraque cuncta rapit.
103 429 698 459 Percuiſus ſtetit Irus iners: comprenditur, ac mox
137 458 582 494 Publicitus virgis cæditur atque plagis.
106 484 699 525 Quam malt diuiſit ſortem Forrunal quod omnes
134 516 583 546 ITlle tulit nummos, verbera at iſtc tulit
278 546 570 577 De ſidco & vxore ioſa.
109 566 662 612 Quam bene conueniunt ſociati Mallus & Illa:
137 605 531 640 Ltigat iſle foro, litigat iſta domi.
369 636 489 657 I rabulam
84 656 634 701 Quinquaginta viros clamando viceratolim
139 693 567 722 Stentor, cen vates Atticus ille canit.
108 717 702 758 Admiranda quidem hæc: ſed vociferator Arallus
139 754 605 780 Cauſſidicus centum Neſtoras exupert.
377 784 482 805 De scdem.
110 809 603 847 Cꝑram iudicibus quories rixatur Arallus,
140 841 563 875 Fungitur officio, uppiter alme tuo.
101 863 687 911 Namque gulæ vt ſoluit latebras oriſque receſſus,
140 901 620 930 Et vibrat linguam, fulgurat atque tonat.
394 931 472 951 Adiuc.
101 951 623 992 i reſponderent voci tua membra ſonanti,
141 986 561 1022 Ipſe fores Titio maior & Encelado.
234 1012 647 1048 Depuella paupee diitinupia ſed vetuld.
113 1044 594 1076 Donec Lesbis erat villoſi s obſita pannis,
143 1074 549 1103 Caſtior hac vna nulla Sabina fuit.
116 1104 578 1134 At mercatori diues nunc nuptamarito
688 1131 769 1158 e
