888 1312
326 75 579 102 ETRI
162 115 549 147 Se polit & cultu floridiore nitet.
133 145 681 173 Hoc tamen ornatu vir non magis arrigit. ætas
165 176 704 207 Non patitur; Veneris nempe eques emeritus.
134 205 712 238 Deperit illa igitur iuuenes. quid plura requiris?
162 235 604 263 Lesbis diuitijs improba facta lupa eſt.
388 265 525 295 Geme picti
134 294 670 326 Dum putat hos viuos Natura eluſa gemellos,
164 325 699 354 Mo rogat: hos genuit quæ ea quiue Deus?
132 354 812 386 Nam quantum mihi fu rma decens & lumina ſpondent,
162 386 606 414 Non ſunt humano ſemine progeniti.
131 415 709 446 Iupiteraut pater, aut pater eſt formoſus Apollo;
159 446 686 475 Aur peperit prijslos Venus in thalamis.
129 474 707 504 At poſtquam pictos manbus perſenſerat, inquit,
159 505 663 535 Ars equidem vincit me, ſuperatque Deos.
269 537 638 565 Epiaphtum Adr. Sandelici Pecni.
130 565 696 595 Hoc tumuloMuſæ, Charites, Aſtræa quieſcunt,
160 595 705 625 Quo ſua Sandelicus memba Adrianus habet.
326 627 570 655 I Th odora i osm
132 654 608 685 Cum tota rixata die rheodora quieſcit,
161 685 601 714 Emittit crepitus podice ncte graues.
130 714 724 747 Sic nunquam Theodora tacet, ſic perſtrepit vſque
160 744 596 775 Vtque die garrit. nocte ſilente erepat.
303 773 603 804 Deratribus, uſioacgarulo.
130 802 680 834 Sunt gemini fratres: linguax eſt vnus, & omne
156 833 600 865 Fœmineum vincit garrulitate genus.
126 862 590 894 Alter ſed luſcus dextro priuatus ocello,
157 893 645 920 Sæpe putat, felem dum videt, eſſe canem.
125 922 686 961 Scilicet ambo forent inſignes, ſi modo linguæ
154 951 618 982 Illæ minus ſed plus luminis hic habeat.
256 985 641 1016 Venatio AMaximiliani Cas. Auguſti.
123 1009 686 1041 Vnde hæe temperies, vnde hæc clementia cli?
153 1042 666 1072 Cur Cephyrus ſpirat, mollis & Euronotus?
120 1071 700 1110 Cur retinent frondes ſiluæ? cur gramina campi?
151 1100 587 1138 Cur floret tellus vndique ſideribus?
95 1129 703 1170 Sol quoque cur radios diffundit ab axe tepentes,
678 1174 780 1198 Et citus
