888 1312
285 57 576 91 GIDII.
704 67 742 88 5
116 101 582 136 Et citus exurgit, tardi graduſque cadit?
90 129 665 168 Cum tamen approperent brumæ pernicibus alis
29 164 517 195 Ventoſi menſes. & glaciaiis hiems.
38 186 626 230 Haud mirum: Cæſar cœlo venatur humoque,
120 220 670 257 Cum oue qui terram temperat atque pulum.
306 253 520 277 De Venere &ſmo.
34 279 652 332 Idignata nimis crepidam qod carpſerat olim,
121 311 621 347 Aggreſſa eſt Momum corpore nuda Venus.
1 334 739 388 Atque ait: an quidquam eſt in me quod iure reprendasl
120 369 608 405 Oſtenditque ſinum pectora, crura, pedes.
36 398 682 448 Tum Deus, vt vidir formam gratumque decorem:
120 428 567 464 Nil, inquit, vitij, nil Dea ſordis habes.
37 452 725 501 Sandalion carpſis non te: ſtudio noc quoq factum eſt;
122 489 549 521 Vt nudam poſem te Venus aſpicere.
316 520 514 542 Itablam Amicæ.
37 545 581 588 Hac tabula noſtræ deſcripſit picor amicæ
122 577 616 608 Os, oculos, frontem temporalabra genas.
31 605 568 650 Si Deus exactæ vocem ſuperalderet arti,
117 637 543 667 Non foret in cœlo pulcrior la Dea.
262 667 557 696 In qaicnam fratr. Pcrem.
37 692 654 738 Cum tibi ſint docti. eater o ſtupidiſime, fratres,
122 727 413 759 Cur quæſo diceris Prior?
35 754 668 785 Nam doctrina tibi nulla eſt; nulli quoque mores,
40 785 430 814 Nec fratribus præſtas tuis.
40 807 700 857 Ergo tuus mutandus honos omenquc vocandus
119 845 430 871 Non es Prior, ſed Vltimus.
355 873 471 894 HDemuliere.
36 902 641 940 Cur nilcontineat mulier, cum Tucca rogaret:
36 929 541 978 Rimoſum fas eſt fœmina lullus ait.
302 958 532 989 Dedeormi, & pul râ.
33 983 612 1023 Sit licet informis Teleſina venuſta Lycoris:
33 1017 654 1053 Iſta procos quos habet illa habet & totidem.
33 1044 655 1085 Diſſimiles cum ſint, par fructus amoris vtriſque:
32 1076 558 1109 Conſimiles luſus, conſimileſque ioci.
676 1107 741 1135 Qu-
470 1109 515 1132 A3
