888 1312
350 77 566 104 ETR
102 113 732 159 Quæritis vnde hoc ſit? quoniam formoſa rogatur
165 147 618 181 Altera ſed forma quæ caret, ipſa rogat.
340 178 569 206 In laudium claudum.
137 202 792 246 Claudi quidquid habes claudum eſt:tua claudicat vxor
163 236 624 270 Filius eſt claudus: filia clauda tibi.
132 260 793 302 Claudius haud quaquam bene diceris optime: claudus,
165 294 659 330 Dicendus cum re vt nomina conueniant.
365 326 620 355 Vetlæ cultui indugenti.
131 354 668 397 Quid ſbi vult formæ tam prodigioſa ſenilis
168 385 647 418 Ambitio? vetulæ quid tibi cum ſpeculo?
131 415 648 451 Vis vt ditinem? cum ſis iam psoxima letho,
161 447 626 482 Ecire cupis laruis quam ſimilis Stygijs.
349 488 576 517 In vitioſum quenda.
133 513 731 553 oſtume, quod noſtris minus es deſcripte libellis:
168 548 617 580 Hoc faciunt vitæ probra nefanda tuæ.
136 577 646 610 Mille ſcares itijs; quæſi narrare laborem,
171 609 562 643 Scribpre prolias cogerer Iliadas.
135 632 812 675 unc mihi ſunt tantum ſuccinta epigrammata cordi
172 668 709 704 Sola mihibreuitas paucaque verba placent.
138 698 660 733 S Satyris forſan cuiquam mordere libebit;
165 729 617 762 Materiam longam qui dabit vnus eris.
343 771 583 800 In onachum nigrum.
129 800 658 835 Nigra tegit veſtis craſſum. nigroque cucullo
169 832 652 864 Tempora circumdat palliaqueatra gerit.
132 862 646 894 Sunt nigræ tunicæ. iligulæ, velamina, zonæ,
171 892 603 925 Subligar, & ſocci calceus. & crepidæ.
138 921 660 954 Cumque foris pullototus nigreſcat amictu,
168 952 585 982 Veſtibus in nigris nigrior ipſe latet.
384 996 505 1023 EGræaco.
121 1023 729 1054 Nil aurum eſt aliud quam fons & origo malorum,
167 1054 687 1084 Quod ſi habeas metus eſt ſi eareaſque dolor.
308 1085 614 1107 Dilemma de rerum euentibus.
124 1115 647 1146 Euentus nocuit ſemper prænoſcere rerum:
157 1144 700 1178 Nam quæ contingeat vel bona vel miala ſunt.
687 1175 792 1202 Si mal;
