888 1312
82 103 661 136 mala; terremur quod ſint ventura: timemus
67 135 609 173 Si bona. ſollicitos ſic premit vsque pauor.
318 165 501 192 In fictum eutem.
1 191 633 232 Quis tenon Equitem veneretur poplite ſlexo?
116 218 677 253 Quis caput haud retegat. ſplendide Daule, tibi?
1 254 562 289 ,Scilicet à forti deducis ſtemma parente,
115 283 538 313 Qui geſſit dura bella cruenta manu.
33 308 640 346 Hoſtes ſi quæris quos vicit quaſne rriumphans
119 339 509 363 Exuuias ca ſis hoſtibus exhibuit:?
34 363 629 399 Nimirum capreæ vituli. pecudeſque fuerunt
118 398 523 428 Hoſtes; at pelles & coria, exuuiæ.
359 440 511 467 I aundema.
90 466 649 499 Nullos paſcit equos. geminas ſed nutrit amicas,
123 497 622 524 Cenſusne effundat Daulus eques patrios.
95 524 655 556 Scorta duo ſatius quod alat putar eſſe; profuſus
85 556 624 585 Ne nimium ſito equi nocte dieque vorant:
86 583 680 613 Tantum ſcorta die. magna hæc moderatio victus.
122 613 620 644 Dum non paſcit equos, paſcit at ille lupas.
1 631 38 666 di:
251 653 589 678 In Diomedem Vencri percſſorems.
38 682 557 716 Tityde quid agis? quæ te veſania adegit
125 711 567 743 Impia Cyprigenæ bella mouere Deæ?
41 735 636 776 Si neſcis Martem ſuperauit ſæpe cruentum,
120 770 592 797 Vicit & armatam Pallada, nuda quidem
42 798 684 833 Quodque iagis trepides, proles animoſa Cupide
130 829 547 861 Apparet matri, cum timet illa, fuæ:
101 859 588 892 Quæ fera lunato iaculatur ſpicula cornu;
128 887 608 918 Vulnerat & Superos Tartareoſqne Deos.
100 916 607 949 Tityde rigidam quin ocyus abijcis haſtam:
130 945 613 973 Inuictam Venerem vincere nemo poteſ.
296 988 558 1016 In Lucretam manam,
102 1017 387 1046 Romana quod Lucretia
102 1046 383 1076 Proprio piauit ſanguine
106 1075 400 1098 Sexti ſcelus non caſtitas
103 1105 384 1136 Sed impulit crudelitas.
532 1136 584 1160 M
