888 1312
275 57 640 83 RODOLPHI
386 97 501 118 In Aulum.
135 122 766 157 Non eſt Androgynus, non eſt, mihi crede, bicorpor;
163 155 675 186 Attamen eſt duplex perfidus Aulus homo.
357 187 572 212 In amicum fucatum.
133 216 613 250 Es fateor noſter. ſed perſonatus, amicus.
163 245 655 280 Hoſtis quàm mallem tu mihi Tucca fores.
331 277 567 303 In Lull furaccs amias
132 306 640 338 Diuinare potes habeat quas Lullus amicas:
161 337 625 365 Vna eſt vnauris; altera trunca manum.
338 368 569 396 Epitaphum Marcellæ.
129 389 729 425 Heic Marcella iacet, molle & præ nobile ſcortum.
109 425 640 459 Quid petis vlterius? omnia lector habes.
332 457 568 484 In oinm ecctorem.
110 482 723 523 Solus emit nuper Coſinus campoſque domoſque:
158 515 639 542 mnibus & ceſſit mox miſer inde bonis.
110 546 636 584 Quæris tam ſubitæ fuerit quæ cauſa ruinæ?
158 576 660 609 Singula quod largo fœnore Coſmus emit.
261 607 617 637 In ſenem qui inenis videri olebat.
126 636 630 667 Tonſorem canos euellere iuſſerat omneis,
156 667 620 698 Nuper cum ſponſam duceret Æmilius;
123 697 709 727 Falleret vt multos, quos iam compleuerat, annos,
110 728 615 756 Et duodenarum tempus Olympiadum.
121 756 663 783 Mox vbi ducta domum coniux rioſa; marito
151 788 658 817 Imperat: vt puerum tractat agitque virum.
120 816 727 847 Namque negat quoties dominæ parere, capillos
150 849 542 878 Inuolat in nigros impetuoſa viri.
119 877 585 907 Sic denudatur canis nigriſque capillis,
146 908 532 937 Atonore ſenex, à muliere puer.
159 964 725 1002 RODOLPHI AGRICOLÆ
359 1010 523 1031 FRISII.
214 1048 669 1081 I riem ierenis, initio aionum pictam.
109 1087 679 1136 Ra vides adiſae diſera onitralinguæ:
186 1116 668 1152 Qid.t(g. d iiuop î0 . cero.i iias?
693 1156 770 1188 Inici-
