888 1312
223 64 631 92 AGRICOL
219 106 603 134 In facies duor. amantum ſimul pictas.
84 135 639 165 Ecce datars oculos datque ora ſimillima veris.
109 163 675 193 Quantum erat vt vocem Dij facileſque darentl
313 194 506 223 Gaude præſintibu-.
75 223 676 254 Poſtera quid portet dubium lux: accipe præſens,
116 254 635 283 Quod dabit; & celeri proſpera carpe matu.
86 283 639 313 Quodque feret tempus fer lætus & aſpera forti
114 313 548 342 Mente doma; vitæ ſi tibi grata quies.
366 345 453 364 Aliter.
86 371 636 401 Optima ſit vitæ quæ formula quæritis? hæc eſt:
113 401 675 436 Mens hilaris, faciens quod licet, idque loquens.
127 496 723 528 ALARDIAMSTEREDAM
314 540 536 568 BATAVI.
313 591 499 620 In hopitalitatem.
87 634 634 674 Ac inopi ante fores hærenti tecta recludas;
87 669 625 701 Quo Chriſtum ſpecie pauperis accipias.
327 702 493 728 In Harpocratem.
1 727 701 758 Quis Deus? Harpocrates. digitis quis labra coercesi
115 757 593 787 Quam bene ſit tutum poſſe tacere nolo.
308 788 505 816 In opiam aſmi.
82 816 566 847 Aurea quas pleno diffundit Copia cornu
113 847 562 876 Fruges, hoc calatho iam licet excipias.
284 877 522 905 Epitaphium lLiguitoris.
81 905 659 935 Vixit dum vixit, bene: ſumptus ſic quoque fecit,
92 935 517 959 Vt lis hæredi non ſit habenda ſuo.
249 965 565 994 In Bibliothecam fEgmonanam,
81 994 442 1024 Vt corpus medicina, ſic libelli
33 1025 523 1060 gras reſtituunt noua tque mentes.
322 1056 491 1081 In finamhulum.
33 1083 705 1115 Ingenium quo lucra trahuntl quis crederet vnquam
109 1114 518 1143 Aërias homines carpere poſſe vias?
670 1143 737 1173 Epia
