888 1312
291 55 701 96 ALMBELLIGIGAT.
150 92 740 137 ranſtulit imperium ipurios. & ad infima mifit
151 129 693 166 Tartara itanas fcatces, quos propter & ortus
153 160 710 197 Nunc odit veſtros totmq ab ocigine gentem.
155 186 705 230 Sed cum fat nouis promittant ducere bellum
153 217 639 260 Auſpiciis iueraſq domos fataliaq aſtra
153 250 647 291 Imperio ſubdant vos hæc in fœdera natos
155 279 618 315 Eduxi, fratrum quo continuare labores
155 312 648 345 Poſitis, noſtraſq animi componere curas.
154 339 607 379 Imperiuratæ tetor ſtagna alta paludis,
155 371 623 404 Non venti cuius iur r & fallere numen
154 395 698 439 Egregius cum prole ſ nex hæc egna domoſq;
153 426 676 466 Eſſe mihi proprias ſedes his author Ophion
154 458 668 498 Eur nomeq; fuit quæ regnis exſul ademtis
155 486 711 525 Arma R heæ fugiens. patriis ſ immiſuit vndis.
153 518 731 556 Nun ea regna manent, & noſtros ſceptra nepote
156 553 707 585 Nteinum. & ſine fine: nec illis tempora, rerum
157 577 719 617 Nec poſuit metas fauor omnipotentis Olympi.
160 609 759 641 Sed ſcelus hæredem excluſit tenetaſtra yrannus:
157 639 674 673 Dedecus hoc. ma progenies, patiere. louiq;
158 668 677 705 Noſtra peregrino traſc ibi ſceptta vetuſltis
157 696 808 736 Tradita avis at uiſque? inregnum admittitur hæres
157 729 659 765 Externus ſibi qui rapuit v. ſraude, doloq;
156 758 671 795 Imperium, fuſoq; extorſit anguine faſces?
157 786 736 827 In caſſumne animæ tot fratrum morte iacebunt,
159 818 755 853 Auſæ omnes patrium per vulnera quærere cœlum?
159 850 685 878 ratia non factinos os hæc cura remordet?
158 880 673 912 Hoc Iuno velit, & magno mercetur adulter.
159 909 677 940 Ceditis anne etiam manes ſperare ſepultos
156 942 645 972 Fraternas acies, & debita iura parentum?
157 970 714 1004 Imperium quale, & quæ ſurgere regna viderem
157 999 768 1026 Robore coniuncto, & fratrum comitantibus armis,
158 1030 695 1062 Hoc igitur volo vos iterum faudiſq. dolique
158 1062 640 1092 Sentiat vltores, atq experiatur in armis.
157 1092 685 1121 Vel ſi tantus habetmentes & pectora terror,
155 1121 711 1153 Me quocnq; prius miſeram conſumite letho:
699 1153 811 1189 S peres.
