888 1312
317 59 508 95 LIBER I
89 98 651 136 Terrarumque timor, magna virtute ſequuntul:
80 130 568 168 n Iphimedia ſimul quos eſt enixagemellos
89 163 609 190 Theſſalicas inter forma celeberrir a matres.
79 189 621 225 Hanc genitor. primis eſſet cum nubilis annis
90 220 581 256 Intactam dederat, ſæuoque iugarat Aloëo:
92 247 630 286 Quam ſimul ac magni domitor aturnius alti
80 277 601 310 Vidit, & incaluit ſimul, & ſuccenſus amore,
89 311 531 339 Vulnus alit venis, inſano ſaucius igne.
90 339 694 375 Quid non cogis amor? certum eſt tentare rapinam,
90 364 639 397 Aut verſare dolos, aut vim ſimul addere sſraudi,
80 395 602 434 ſtus erat, ſteriles cum exurit Sirius agros,
91 430 600 455 Et medium P hœbus curſu traiecerat axem.
91 457 532 490 Illa domo patria ſolo digreſſa marito.
92 543 640 581 Veſtibus, & leuiter primum conſperſa liquore,
80 571 610 607 NIuda ſinus, totam geldis ſe mergit in vndis.
80 600 591 635 Theſſalides circumfuſæ per gramina pictis
80 633 630 666 FIoribus inſidunt: pars candida lilia carpunt.
80 657 672 699 Sertaque contexunt: veteres pars cantat amores:
91 686 740 725 Pars choreas plaudt. plauſam nemora alta remittuns
93 717 625 756 Non latuit res nota Deum, nulloque tumultu
92 747 628 786 Accelerat furtim, faciemque indutus Enipi.
80 775 650 816 is Multa malus ſimulans denſalatetabdits vlua:
79 804 654 838 Mox ſe nube caua & tenebroſo inuoluit amitu,
80 895 603 931 Nuda ſed inſidiis. cœcaque exterrita nocte,
92 928 590 961 Horruit ingenti ubito phimedia timore.
92 953 603 993 Atque diu luctans, vluaque morata ſequaci
94 981 724 1020 Vimina dum genua impediunt, greſſuſqne retardani,
93 1017 577 1052 Non potuit fixas alga conuellere plantas.
93 1045 719 1076 Tum terrore tremens, famulas ſimul inuocat omnes,
93 1070 683 1111 Auxiliumque rogat: meus eſt vbi clamat, Aloeus?
91 1103 720 1143 im pator. Deus at contra: non vim ſed amantem
641 1127 748 1158 Nla
