888 1312
134 54 744 94 2SALMÆDLANT.
145 101 750 135 Grandibus effulgens ſquamiſq; oculiſq;, Typhaon:
144 135 690 163 Hunc domat, & ſlaua multa vi extendit arena
141 162 729 194 Deiectum Arcitenens: ſanie olli imnania fruſtra
148 193 756 223 Colla tument. vaſtoſque expanunt guttura rictus.
148 223 704 249 Additur his etiam. vt cœleſtûm exutus honore
148 255 633 282 Pauerit Admeti per deuia rura iuuencos,
148 282 732 315 Præ reliquis vnum poteras cognoſcere Phœbum,
149 315 579 342 Aurea cæſaries olli lauroque corona
150 341 885 373 Nexa comas cyhatamque mouet non ſegnis eburnam.
147 373 691 402 Ad numerum ſaliunt Nymphæ, riſuque ſoluto
146 404 680 436 Verſibus incomtis ludunt, & carmina dicunt.
145 434 643 465 Ipſe aures, multa velatus arundine crines,
145 464 678 494 Arrigit Amphryſus, Faunos iuueniliter inter
146 493 706 523 Laſciuire ſenex cupiens, Dryaumque choreas.
146 524 737 553 Inde omnes Superi & Cœleſtum tuba minorum.
132 553 750 585 DIque Deæque omnes fulgent longo ordine: ſolus
147 584 749 613 Partem opere in tanto Mars non habet illius arma
861 591 885 610 l
147 614 713 644 Virtuteſque ſilent, pœnaſque expenit adulter.
147 644 715 673 Hæc omnes coeunt ad limina. quotquot vbique
148 674 688 704 Terrarum imperium exercent, & iura ſubactis
148 704 737 734 Gentibus æqua ferunt: aderant ter dena Deorum
148 734 744 764 Millia. tercentumque Ioues, quibus omnibus aræ,
148 764 723 793 Omnibus immenſum delubra erecta per orbem,
852 772 886 793 I
145 793 756 825 Viſceribuſque hominum. cæſaque bidente litatum.
149 825 725 854 Hic quos tardus Arar coluit, Renuſque bicornis,
147 855 741 885 Extremique hominum Morini, rigidique Boruſſi,
145 885 742 914 Hic quos Gangaridæ, quos Nilus, & altus Orontes:
147 915 762 944 Quos Nomadum genus, incinctique caloribus Afri,
146 944 639 973 Totaque thuriſeris Panchaia miſit arenis.
133 975 672 1004 Quam varii linguis, habitu tam diſpare Diui.
133 1003 636 1037 Non Duſarus Arabs, non Eleus Myiagros,
145 1035 648 1063 Sigalionque gyptius & latrator Anuis.
144 1061 716 1091 Iuſſa Iouis Graio nec cum Bone vacca recuſant.
143 1094 717 1125 Ihreicius non Velſurus, Pheniaque Tlaautus.
139 1125 703 1152 Et Cilicum Cabrus reddens oracula terris:
736 1138 885 1187 A quo
269 1275 737 1292 e
