888 1312
143 61 699 86 0ALMH ANT
849 80 883 119 s
148 99 770 130 Quæ mare nunc termaſque metu eœlumque fatigans,
849 119 886 149 ps
146 130 665 159 Sæuit inexpletum. & vi ſpes afrectat eaſdem,
146 160 685 190 Quas tune, cum cœlo immiſit Titanas aperto.
144 190 689 219 Inſanam: quid ſi non ſceptra aliena polumque
857 211 886 235 u
146 220 683 248 Speraret vetitum & Titania regna manerent:
142 249 674 278 Regnane commoto peterentur debita bello?
144 279 692 308 Non armis iter ad cœlum at ratione paratur.
143 307 696 331 Scilicet hic labor eſt, ea cura recurſat vt orbem
143 339 652 366 ternum regat, & noſtro ſuccedat honori
144 368 608 397 Progenies noua, nec prius vlli Deorum:
142 398 657 429 Exitium in cœli quam nuper cautibus atris
142 427 737 458 Edidit, haud noſtri generis, neque ſanguinis huius.
142 457 767 489 Vos rerum teſtes: quid in hanc committere tantum,
143 487 686 516 Quid potui nullum t capiat diſcordia ſinem.
142 517 691 548 Nonequidem ſolos tangit dolor ille Gigantes,
143 546 653 577 Non ſolos ea cura domat: coniungit & illis
144 576 694 607 Se mortalis homo quem noſtræ ſtirpis & ortus
143 606 708 639 Extudimus DIs aſſimilem, cui inſeuimus ignem
144 635 687 668 Simplicis aurai mentemque æquauimus aſtris
142 663 707 700 Effuſus labot omnis & irrita cœpta, nec vſquam
143 695 647 729 Relligionis amor cœli hoc ſpirabile lumen
140 726 693 757 Cenitis extinctum diuinique ætheris hauſtus:
142 756 736 784 Terrena mque animis viuentûm inoleſcere labem.
143 784 701 814 Cœlicolûim deſpectus honos: temeraria rident
862 791 886 811 u
141 815 794 852 Murmura & haudquidqua, cum terras fulmine quaſſo,
139 845 794 883 Meque meamq, manum horreſcunt, aut nubibus ignes
139 873 697 905 Terriſicos: metam impietas exceſſit, & vltra
141 904 703 940 Quo procedat habet ſcelerum vix cœca cupido.
139 933 733 970 Nunc liquidi iactura ignis, furtumque Promethei:
137 964 638 993 Nunc patris impietas noſtras exercuit iras.
136 992 682 1030 Et quis finis erit, quando mecum aſpera tellus
135 1022 672 1059 Cœleſtes rerum dominos, genteſque fouebit?
135 1053 671 1089 Nunquamne æterno firmabit fœdere pacem?
136 1082 638 1121 Non illi imperium cœli terræque iacentis,
860 1094 886 1122 M
135 1111 755 1149 Sed mihi ſorte datum: tamen hanc, ne ſorte careret,
697 1157 793 1178 Muanere
