888 1312
1 106 578 136 Munere conceſſi, æterno deuinctus amore
31 136 665 173 Hic regat hic dulci aſpirans hyacinthus in vmra
31 168 629 197 Accipiat gremio, hic genialis maracus illam
32 196 594 226 Floribus inuitet: noſtra ſibi temperet aula.
32 226 708 256 Nec metus eſt, veſtrm modo ſit mihi certa voluntas,
31 256 724 288 Quum nunc qui coeunt in me, excidiumque meorum,
28 285 650 317 Supplicia expendant poſhac narte quietos
30 315 665 345 Sollicitent, belloque viam ſuper æthera ſternant.
30 345 630 409 .
113 405 710 434 At mentes Superûm ſubito pauor occupat omnes,
31 433 631 464 Scindunturque metu ſtudia in contraria Diui.
83 464 614 493 Pars hoſtem aduerſus ſtricto decerere ferro,
82 494 641 522 Pars crrore fugan ſuadent, lrroque ruendum
83 522 688 552 Cœruleum in gremium latebroſaque flumina ili
82 553 621 584 Hocque voiunt eſſe in ſatis: alii ora tenentes
82 582 548 611 Fixa ſolo reticent: alii diuerſa tumultu
84 612 661 641 Murmura clamoreſque per atria longa volutant.
83 641 619 669 Non tulit has turbas, dextraque ſilentia iuſiit
82 670 638 703 Vertice nata Iouis, cunctiſque tacentibus infit,
112 700 600 728 Non ſic æterni ſtirps immortalis Olympi:
82 728 645 762 Ne trepidate animis, tantaſque excludite curas:
83 759 672 789 Ardua ſunt equidem patrio quæ incumbere cœls
82 787 644 822 Cernimus: abiectis tamen hauddiffidite rebus:
82 818 645 845 Conſilia in melius, fratres, referenda, nec hoſtis
1 824 36 856 b
82 848 657 878 Auditus fugiendus at experiundus in armis.
1 864 37 892 e
80 877 626 904 Imminet haud cœlo, nec adhuc vnius ob iram
80 907 636 936 Prodimur, aut ſemel obſeſſis excludimur aſtris,
79 937 595 970 Tu prohibere minas, taleſque auertere caſus
80 965 678 1001 Magne potes genitor tibi fortunaſque animoſque
84 996 650 1026 Subiicimus rurſumque tuis nos ſiſtimus omnes
81 1026 618 1059 Imperiis, tua iuſſa olim. tuaque arma ſequuti
81 1056 583 1087 Erue, ſi qua manent ſceleris veſtigia tanti,
850 1068 883 1098 E
79 1086 601 1117 Et preme mortales patriis vistutibus. altum
59 1115 634 1154 Qui ſpirant, Superûmque ſibi promittere ſedes
676 1149 730 1171 Nos
1 1166 40 1195 t
