888 1312
158 58 731 87 2ALMHBELIGANT.
162 98 761 129 Non dubitant: ſolue à tanta formidine cœlum.
163 129 691 163 Si non mana ſatis fuerint tua numia, felix
851 129 886 160 s
164 158 773 192 At tu prole virim, auſpiciis quorum omnia vinces.
848 160 886 192 i
162 190 630 221 Ettibidiuinæ ſtirpis Tirnthius heros,
162 219 803 250 Hunc ca e bellorum loium & coniunge volentem
164 250 698 281 Ille, ille eſt, tibi quem promitti ſæpius audis
164 279 721 309 Illum fata virum poſcunt. i llum augur Apollo,
163 310 722 340 Auctoremque Themis cecinit longæua ſalutis:
165 340 751 373 Huius in aduentum nunc horrent cœliferAtlas.
163 372 661 404 Et radis Caiprs iuga ſubdita veſpertinis:
163 403 606 432 Ilie Gigateis ſpoliis inedet onutus
161 432 698 461 Sblimis fatiſqe viam aſfectabir Olympo.
164 463 693 493 unt aliæ illulres aimttiiqu nepotes,
1 468 29 504 si
163 493 694 523 Hherius quibus eſt vigor. & cleſis origo.
163 523 775 553 Primus equim domitor rapidque inſiſtere curru
164 553 685 583 Auſus richthonius: cui par Aſclepius,ille
164 582 746 613 Patre ſarus longum cœlo qui dirigit annum.
164 613 663 643 His duce Lenæo deuicto Oriente profecto
167 643 700 674 Silenos coniuuge. arms ge nus acre virorum.
165 673 703 701 Hi mediis palinam reuehent ex hoſtibus: iras
166 703 773 736 Hi ſiet, pacemque dabunt, certamque quietem.
166 734 712 766 Omnia quæ Clarias memini prædicere lauros,
167 763 725 796 Sidereoſque ignes cœli, linguaſque volantum.
166 793 663 824 Hæc vbi dicta dedit, rupere ſilentia cunti
165 824 761 857 Cœlicolæ prius attoniti, mentemque reſumunt.
858 833 886 856 G
164 854 711 881 Non aliter moriens, denſa autdbducta fauilla
162 883 789 914 Flamma latens, iterum cinerem exercentibus auris
163 913 717 948 Emicat & ſenſim clarum efferueſcit in ignem,
161 944 793 977 Dum tandem magno erumpat flamma aucta ſonore.
165 973 751 1009 Seniit vt expulſum terrorem, animiſque receptis
161 1003 724 1040 Fidere iam pugnæ atque audere in prælia vidit:
162 1033 720 1072 Ipſe pater belli ætheria ſignum extulit arce,
158 1064 740 1095 Adicitque auimis ſtimulos, & ad arma vocauit:
161 1095 787 1133 Ardt inexcitum cœlum ante ducemque requirit,
855 1106 886 1128 a
156 1124 696 1161 Et neglecta prius proprio rapit arma furore:
847 1134 886 1166 u
757 1163 835 1188 Cedit
