888 1312
291 80 571 105 LIBER .
80 115 600 148 Erigiturque fuga commotæ nymbus arenæ,
74 148 597 179 Præ reliquis cœlo Mauors inuectus aperto,
74 176 664 209 Puluerulentus agit currus, clpeumque coruſcat
77 204 677 240 Sole ſub aduerſo, quem taurorum vndique ſeptem
90 235 657 265 Terga dabant circum ſplendenti inſuta metallo.
88 265 679 301 In numerum exciti ſtrepitu Dimoſque Phoboſque
74 294 660 327 Erecta ceruice fremunt, lomerantque ſuperbos
87 324 622 354 Arte pedes, oculiſque ignes & naribus efflant,
87 354 688 387 Seque animis referunt Neptuni ab origine gentem.
88 383 635 414 Quatuor nuic inuectus equis ſeiungit & armis
89 413 717 449 Promtus Ericht honius: quem iuxta animoſior vrget
87 441 622 472 Cyllaron Oebalides ſparſaqe inſultat arena.
87 469 582 496 Caſtore nec minor Orion, huic aurea caſſis
85 501 699 530 Tempus vtrumque tegit: ſcapulis nitor aureus ardet
85 529 575 558 Auratum thoracis opus: sunt aurea bullis
74 558 611 590 Cingula diſtinctis, nitidoque argenteus enſis
74 587 590 619 Effulget lateri, & radijs micat ocrea fuluis.
74 614 684 650 Inſequitur clamantum horror, ſubitoque tumultu
74 646 603 676 Exardet cœlum, atque irarum fluctuat æſtu,
117 676 630 704 luppiter at Maia genitum ſub tccta vocatum
74 703 643 739 Mittit ad Alcidengnatum quo roborenuſquam
85 734 575 764 Maior erat, nemo egregijs illuſtriorarmis.
83 763 577 789 Ile parabatiter iam certus abire: ſed auras
74 792 660 826 Vix pater ingreſſum reuocat, neglectaque primis
74 820 640 855 Adiiciens, ait: Hunc etiam mihignatelaborem
74 850 710 889 Quam primum expedias gens dura atque aſpera cult
74 879 612 913 Alpheos habitat fontes, quam Liber ab Indis
74 909 589 942 Duxit, & Arcadicis voluit conſiſtere terris:
85 939 559 966 Cilenos dixere ducis de nomine: noſtro
73 966 610 1001 His quoque ſubſidio tota cum gente ſuorum
74 998 641 1032 Arma iube capiant, veniantque in fœdera cœli,
74 1026 639 1064 Dixerat. Interpres Diuûm mandata capeſſit
74 1056 584 1092 sOcus, & cœlo inſtructus ſeliberat ab alto
84 1086 671 1123 uſtat auis, leuibus quæ tranſuolat æthera penniss
74 1116 604 1151 lunychioſque ſuper colles, Actæaque Diuæ
661 1157 735 1182 LItto-
