<?xml version="1.0" encoding="utf-8"?>
<PcGts xmlns="http://schema.primaresearch.org/PAGE/gts/pagecontent/2017-07-15" xmlns:xsi="http://www.w3.org/2001/XMLSchema-instance" xsi:schemaLocation="http://schema.primaresearch.org/PAGE/gts/pagecontent/2017-07-15 http://schema.primaresearch.org/PAGE/gts/pagecontent/2017-07-15/pagecontent.xsd">
  <Metadata>
    <Creator>User123</Creator>
    <Created>2020-04-14T13:52:51</Created>
    <LastChange>2020-04-14T13:52:51</LastChange>
  </Metadata>
  <Page imageFilename="0059.png" imageHeight="1312" imageWidth="888">
    <TextRegion id="r0" type="paragraph">
      <Coords points="1,1 886,1 886,1310 1,1310"/>
      <TextLine id="r0_l001">
        <Coords points="8,46 8,67 41,67 41,46"/>
        <TextEquiv index="1">
          <Unicode>5</Unicode>
        </TextEquiv>
      </TextLine>
      <TextLine id="r0_l002">
        <Coords points="850,72 850,128 881,128 881,72"/>
        <TextEquiv index="1">
          <Unicode/>
        </TextEquiv>
      </TextLine>
      <TextLine id="r0_l003">
        <Coords points="291,80 291,105 571,105 571,80"/>
        <TextEquiv index="1">
          <Unicode>LIBER .</Unicode>
        </TextEquiv>
      </TextLine>
      <TextLine id="r0_l004">
        <Coords points="715,92 715,112 743,112 743,92"/>
        <TextEquiv index="1">
          <Unicode>2</Unicode>
        </TextEquiv>
      </TextLine>
      <TextLine id="r0_l005">
        <Coords points="600,118 509,118 397,115 107,115 102,121 100,121 94,127 90,129 80,129 80,145 103,147 168,146 349,148 600,148"/>
        <TextEquiv index="1">
          <Unicode>Erigiturque fuga commotæ nymbus arenæ,</Unicode>
        </TextEquiv>
      </TextLine>
      <TextLine id="r0_l006">
        <Coords points="597,153 348,148 41,148 42,172 100,172 120,175 148,176 383,177 425,179 597,179"/>
        <TextEquiv index="1">
          <Unicode>Præ reliquis cœlo Mauors inuectus aperto,</Unicode>
        </TextEquiv>
      </TextLine>
      <TextLine id="r0_l007">
        <Coords points="835,159 835,196 862,196 862,159"/>
        <TextEquiv index="1">
          <Unicode/>
        </TextEquiv>
      </TextLine>
      <TextLine id="r0_l008">
        <Coords points="664,179 646,179 634,183 584,183 383,178 41,176 41,200 46,206 52,207 70,207 77,202 116,202 193,206 395,207 425,209 664,209"/>
        <TextEquiv index="1">
          <Unicode>Puluerulentus agit currus, clpeumque coruſcat</Unicode>
        </TextEquiv>
      </TextLine>
      <TextLine id="r0_l009">
        <Coords points="677,214 425,210 395,208 272,208 193,207 135,204 77,204 77,230 84,231 178,235 442,237 532,240 677,240"/>
        <TextEquiv index="1">
          <Unicode>Sole ſub aduerſo, quem taurorum vndique ſeptem</Unicode>
        </TextEquiv>
      </TextLine>
      <TextLine id="r0_l010">
        <Coords points="657,243 640,242 532,241 442,238 90,235 90,262 103,263 221,265 657,265"/>
        <TextEquiv index="1">
          <Unicode>Terga dabant circum ſplendenti inſuta metallo.</Unicode>
        </TextEquiv>
      </TextLine>
      <TextLine id="r0_l011">
        <Coords points="885,232 859,232 859,258 868,264 885,264"/>
        <TextEquiv index="1">
          <Unicode/>
        </TextEquiv>
      </TextLine>
      <TextLine id="r0_l012">
        <Coords points="885,266 868,265 860,260 860,290 885,290"/>
        <TextEquiv index="1">
          <Unicode/>
        </TextEquiv>
      </TextLine>
      <TextLine id="r0_l013">
        <Coords points="679,272 606,272 569,269 499,270 387,266 340,267 220,265 88,265 88,291 159,292 190,294 271,294 385,297 455,296 618,301 679,301"/>
        <TextEquiv index="1">
          <Unicode>In numerum exciti ſtrepitu Dimoſque Phoboſque</Unicode>
        </TextEquiv>
      </TextLine>
      <TextLine id="r0_l014">
        <Coords points="660,303 644,302 581,301 550,299 491,299 455,297 385,298 189,294 72,295 72,324 75,322 107,321 271,325 660,327"/>
        <TextEquiv index="1">
          <Unicode>Erecta ceruice fremunt, lomerantque ſuperbos</Unicode>
        </TextEquiv>
      </TextLine>
      <TextLine id="r0_l015">
        <Coords points="33,326 33,350 59,350 59,326"/>
        <TextEquiv index="1">
          <Unicode/>
        </TextEquiv>
      </TextLine>
      <TextLine id="r0_l016">
        <Coords points="622,331 614,330 567,328 476,328 442,326 366,327 207,324 87,324 87,350 268,354 622,354"/>
        <TextEquiv index="1">
          <Unicode>Arte pedes, oculiſque ignes &amp; naribus efflant,</Unicode>
        </TextEquiv>
      </TextLine>
      <TextLine id="r0_l017">
        <Coords points="688,357 677,357 669,361 637,361 453,356 87,354 87,379 99,380 240,383 314,383 358,385 524,385 548,387 688,387"/>
        <TextEquiv index="1">
          <Unicode>Seque animis referunt Neptuni ab origine gentem.</Unicode>
        </TextEquiv>
      </TextLine>
      <TextLine id="r0_l018">
        <Coords points="635,390 593,388 548,388 524,386 358,386 239,383 88,383 88,409 281,412 316,414 635,414"/>
        <TextEquiv index="1">
          <Unicode>Quatuor nuic inuectus equis ſeiungit &amp; armis</Unicode>
        </TextEquiv>
      </TextLine>
      <TextLine id="r0_l019">
        <Coords points="717,418 690,417 681,420 663,420 596,417 377,416 281,413 89,413 89,438 126,438 192,441 319,442 354,444 396,443 498,445 606,445 631,446 647,449 717,449"/>
        <TextEquiv index="1">
          <Unicode>Promtus Ericht honius: quem iuxta animoſior vrget</Unicode>
        </TextEquiv>
      </TextLine>
      <TextLine id="r0_l020">
        <Coords points="622,447 606,446 498,446 396,444 354,445 261,442 87,441 87,468 326,472 622,472"/>
        <TextEquiv index="1">
          <Unicode>Cyllaron Oebalides ſparſaqe inſultat arena.</Unicode>
        </TextEquiv>
      </TextLine>
      <TextLine id="r0_l021">
        <Coords points="582,475 367,474 325,472 87,469 87,496 582,496"/>
        <TextEquiv index="1">
          <Unicode>Caſtore nec minor Orion, huic aurea caſſis</Unicode>
        </TextEquiv>
      </TextLine>
      <TextLine id="r0_l022">
        <Coords points="699,504 639,502 632,505 543,505 293,501 85,501 85,527 188,527 254,530 699,530"/>
        <TextEquiv index="1">
          <Unicode>Tempus vtrumque tegit: ſcapulis nitor aureus ardet</Unicode>
        </TextEquiv>
      </TextLine>
      <TextLine id="r0_l023">
        <Coords points="575,534 478,532 369,533 254,531 222,529 85,529 85,557 89,555 112,555 133,557 226,558 575,558"/>
        <TextEquiv index="1">
          <Unicode>Auratum thoracis opus: sunt aurea bullis</Unicode>
        </TextEquiv>
      </TextLine>
      <TextLine id="r0_l024">
        <Coords points="857,540 857,582 884,582 884,540"/>
        <TextEquiv index="1">
          <Unicode/>
        </TextEquiv>
      </TextLine>
      <TextLine id="r0_l025">
        <Coords points="611,564 606,563 569,564 518,562 264,560 225,558 84,558 81,561 72,561 71,558 35,559 35,584 41,589 56,590 87,590 100,585 209,586 324,590 611,590"/>
        <TextEquiv index="1">
          <Unicode>Cingula diſtinctis, nitidoque argenteus enſis</Unicode>
        </TextEquiv>
      </TextLine>
      <TextLine id="r0_l026">
        <Coords points="830,582 830,608 859,608 859,582"/>
        <TextEquiv index="1">
          <Unicode/>
        </TextEquiv>
      </TextLine>
      <TextLine id="r0_l027">
        <Coords points="590,593 324,591 209,587 96,587 92,590 87,591 40,591 36,594 36,610 45,613 104,614 132,616 232,616 264,618 590,619"/>
        <TextEquiv index="1">
          <Unicode>Effulget lateri, &amp; radijs micat ocrea fuluis.</Unicode>
        </TextEquiv>
      </TextLine>
      <TextLine id="r0_l028">
        <Coords points="684,620 639,619 633,622 626,623 521,621 411,621 371,619 264,619 232,617 132,617 104,615 45,614 40,612 32,612 32,644 37,648 58,648 66,643 96,643 262,647 339,647 373,649 490,648 527,650 684,650"/>
        <TextEquiv index="1">
          <Unicode>Inſequitur clamantum horror, ſubitoque tumultu</Unicode>
        </TextEquiv>
      </TextLine>
      <TextLine id="r0_l029">
        <Coords points="603,653 601,652 490,649 373,650 339,648 262,648 212,646 68,646 61,646 58,649 40,649 36,652 37,676 66,676 71,673 279,676 603,676"/>
        <TextEquiv index="1">
          <Unicode>Exardet cœlum, atque irarum fluctuat æſtu,</Unicode>
        </TextEquiv>
      </TextLine>
      <TextLine id="r0_l030">
        <Coords points="629,682 516,679 299,678 278,676 117,676 117,701 137,703 630,704"/>
        <TextEquiv index="1">
          <Unicode>luppiter at Maia genitum ſub tccta vocatum</Unicode>
        </TextEquiv>
      </TextLine>
      <TextLine id="r0_l031">
        <Coords points="643,711 583,711 505,708 279,707 167,704 36,704 36,735 39,737 43,737 50,731 110,731 232,733 301,736 440,735 476,737 536,737 561,739 643,739"/>
        <TextEquiv index="1">
          <Unicode>Mittit ad Alcidengnatum quo roborenuſquam</Unicode>
        </TextEquiv>
      </TextLine>
      <TextLine id="r0_l032">
        <Coords points="575,740 560,739 476,738 440,736 301,737 232,734 85,734 85,760 273,764 575,764"/>
        <TextEquiv index="1">
          <Unicode>Maior erat, nemo egregijs illuſtriorarmis.</Unicode>
        </TextEquiv>
      </TextLine>
      <TextLine id="r0_l033">
        <Coords points="577,768 322,767 299,765 219,763 83,763 83,789 577,789"/>
        <TextEquiv index="1">
          <Unicode>Ile parabatiter iam certus abire: ſed auras</Unicode>
        </TextEquiv>
      </TextLine>
      <TextLine id="r0_l034">
        <Coords points="660,796 632,796 627,798 584,799 527,797 339,796 191,792 42,792 38,795 38,815 43,820 116,819 244,823 372,824 425,826 660,826"/>
        <TextEquiv index="1">
          <Unicode>Vix pater ingreſſum reuocat, neglectaque primis</Unicode>
        </TextEquiv>
      </TextLine>
      <TextLine id="r0_l035">
        <Coords points="640,829 244,824 164,821 36,821 36,848 198,850 364,855 640,855"/>
        <TextEquiv index="1">
          <Unicode>Adiiciens, ait: Hunc etiam mihignatelaborem</Unicode>
        </TextEquiv>
      </TextLine>
      <TextLine id="r0_l036">
        <Coords points="710,856 694,856 688,859 612,859 556,857 364,856 329,854 274,854 144,850 68,850 68,877 70,878 140,878 358,884 567,886 613,887 635,889 710,889"/>
        <TextEquiv index="1">
          <Unicode>Quam primum expedias gens dura atque aſpera cult</Unicode>
        </TextEquiv>
      </TextLine>
      <TextLine id="r0_l037">
        <Coords points="856,880 856,930 881,930 881,880"/>
        <TextEquiv index="1">
          <Unicode>I</Unicode>
        </TextEquiv>
      </TextLine>
      <TextLine id="r0_l038">
        <Coords points="612,888 304,884 279,882 180,881 140,879 38,880 38,904 45,910 71,911 76,908 169,907 266,912 612,913"/>
        <TextEquiv index="1">
          <Unicode>Alpheos habitat fontes, quam Liber ab Indis</Unicode>
        </TextEquiv>
      </TextLine>
      <TextLine id="r0_l039">
        <Coords points="589,917 360,913 266,913 217,910 74,910 71,912 55,911 37,912 37,942 48,935 96,935 115,937 153,937 303,942 589,942"/>
        <TextEquiv index="1">
          <Unicode>Duxit, &amp; Arcadicis voluit conſiſtere terris:</Unicode>
        </TextEquiv>
      </TextLine>
      <TextLine id="r0_l040">
        <Coords points="559,946 303,943 260,941 214,941 187,939 85,939 85,966 559,966"/>
        <TextEquiv index="1">
          <Unicode>Cilenos dixere ducis de nomine: noſtro</Unicode>
        </TextEquiv>
      </TextLine>
      <TextLine id="r0_l041">
        <Coords points="610,975 529,976 469,974 389,974 290,972 243,969 143,969 84,967 62,965 56,961 54,956 47,955 41,952 36,952 36,998 38,999 82,996 133,996 327,1001 610,1001"/>
        <TextEquiv index="1">
          <Unicode>His quoque ſubſidio tota cum gente ſuorum</Unicode>
        </TextEquiv>
      </TextLine>
      <TextLine id="r0_l042">
        <Coords points="641,1007 362,1003 326,1001 227,1000 195,998 59,998 49,1000 37,999 37,1028 60,1028 69,1027 72,1025 131,1025 260,1029 325,1029 389,1032 641,1032"/>
        <TextEquiv index="1">
          <Unicode>Arma iube capiant, veniantque in fœdera cœli,</Unicode>
        </TextEquiv>
      </TextLine>
      <TextLine id="r0_l043">
        <Coords points="639,1037 583,1035 389,1033 325,1030 219,1029 192,1027 70,1027 60,1029 37,1029 37,1058 50,1058 58,1052 81,1052 124,1055 209,1056 259,1059 482,1062 535,1064 639,1064"/>
        <TextEquiv index="1">
          <Unicode>Dixerat. Interpres Diuûm mandata capeſſit</Unicode>
        </TextEquiv>
      </TextLine>
      <TextLine id="r0_l044">
        <Coords points="584,1065 259,1060 162,1056 53,1056 49,1061 2,1061 2,1092 62,1092 64,1085 67,1083 112,1083 232,1088 411,1092 584,1092"/>
        <TextEquiv index="1">
          <Unicode>sOcus, &amp; cœlo inſtructus ſeliberat ab alto</Unicode>
        </TextEquiv>
      </TextLine>
      <TextLine id="r0_l045">
        <Coords points="671,1093 640,1093 637,1095 561,1095 512,1093 303,1091 270,1089 201,1088 176,1086 84,1086 84,1113 125,1113 178,1116 230,1116 309,1120 516,1123 671,1123"/>
        <TextEquiv index="1">
          <Unicode>uſtat auis, leuibus quæ tranſuolat æthera penniss</Unicode>
        </TextEquiv>
      </TextLine>
      <TextLine id="r0_l046">
        <Coords points="604,1126 593,1125 553,1123 516,1124 309,1121 289,1119 177,1116 37,1116 37,1148 39,1149 141,1148 212,1149 231,1151 485,1151 497,1149 526,1149 529,1151 604,1151"/>
        <TextEquiv index="1">
          <Unicode>lunychioſque ſuper colles, Actæaque Diuæ</Unicode>
        </TextEquiv>
      </TextLine>
      <TextLine id="r0_l047">
        <Coords points="517,1165 490,1165 485,1163 479,1157 461,1157 455,1155 455,1179 517,1179"/>
        <TextEquiv index="1">
          <Unicode/>
        </TextEquiv>
      </TextLine>
      <TextLine id="r0_l048">
        <Coords points="685,1168 688,1165 688,1159 663,1159 663,1171 676,1171"/>
        <TextEquiv index="1">
          <Unicode>A</Unicode>
        </TextEquiv>
      </TextLine>
      <TextLine id="r0_l049">
        <Coords points="1,1153 1,1183 25,1183 25,1153"/>
        <TextEquiv index="1">
          <Unicode/>
        </TextEquiv>
      </TextLine>
      <TextLine id="r0_l050">
        <Coords points="735,1166 688,1166 682,1171 661,1172 661,1182 735,1182"/>
        <TextEquiv index="1">
          <Unicode>LItto-</Unicode>
        </TextEquiv>
      </TextLine>
    </TextRegion>
  </Page>
</PcGts>
