888 1312
288 71 700 93 ALMÆBELLIGIGANT
152 110 659 140 Oboſedere alii. Nam qua conuexus ad arces
150 139 629 170 Riphæas polus aſlurit nocteſq; dieſque
151 168 741 200 Magna minorq; feræ inſomnes ſic ca atria ſeruant:
155 199 647 229 Icarus hac Heycen cuſtos defendit:at illa
152 228 711 257 Parte tenet ſocer aurigenæ Cyoſuran & axem,
153 257 708 287 Inſidia ſque a.ho prohibent cœleſtibus armis.
154 286 682 319 Qu ſed inac ceſſos Lybi æ deuexus in Auſtros
154 317 711 347 Deprimitur noſtros horreſcens cardo Triones,
153 346 784 375 Imboribus aſſiduiſque madent caſtra humida nymbis.
153 377 675 406 Hic quo vix toto violentior amnis Olympo,
155 405 640 435 Stelifer Eridanus ſinuoſis flexibus errat,
154 435 754 465 Troianuſque gerit puer vrnam. vndaſque refundit.
152 464 667 493 Iaxima ſed hœbo cœli conceſſa poteſtas,
154 494 698 524 Signorum obliquus qua circumuertitur ordo:
155 524 699 553 Cynthius hic vacuis ſolus dominatur in aulis,
154 553 710 582 Et paucis fas Diuum operoſum inſiſtere limen.
156 583 758 612 Infima regna tenet, Tropicum depreſſus ad imum,
155 612 688 640 .goceros gelido brumæ intractabilis imbre.
156 642 683 672 Hinc via ublimis, qua noſter ſurgit horiron,
156 671 639 702 Aurea Phryxææ depromit vellera Capræ.
158 701 711 728 Oppoſitaque pares cum ibra examinat horas,
157 730 703 760 Altior at Graiam conſurgit Cancer ad Arctan,
156 760 679 790 Dilatatque dies, & opacas contrahit vmbras,
155 790 670 821 Hinc iterum manifeſta rotæ veſtigia ducunt
154 818 799 851 Sub Styga. perpetuumque gelu, maneſque profundos,
156 848 701 876 Haud aliter, quam ſi ſummo de vertice montis
155 877 658 907 Infima præcipites videas ad Tartara valles.
155 907 647 939 Hæc cœleſte ſolum cuſtodia cingit & alti
156 936 653 965 Tecta louis multo circum munita labore,
155 965 700 995 Vis vt nulla queat, vel adacto exſcindere ferro.
185 996 770 1030 Iuppiter hæc ſummo dum ſingula curat Olympo.
153 1025 682 1059 Terrigenæ priſca Phæacum ab origine regem
153 1055 773 1087 Eurymedonta ſatum, ſceptris & honoribus auctum,
148 1084 649 1120 Militiæ paciſque ducem legere: Typhoeus
152 1114 685 1151 Enceladuſque pari regem virtute ſequuntur,
713 1151 806 1178 Et iam
