888 1312
82 118 631 148 TEt iam maior erat toto æthere Martis imago,
83 148 623 177 Aſtraque terrificæ trepidabant proxima cædi.
83 177 661 207 Phocos at Ieniuſque abſant opulentaque caſtris
84 207 653 236 Iungece caſtra parant: hic ex Acamante Ceraſtas
84 236 597 264 Adducit, geminis inſignes cornibus omnes,
86 264 680 297 Quos genu rapta roteus Amathuntide nympha
85 295 641 323 Carpathius, primæua patrum ceu credidit ætas.
85 324 623 353 Captus enim giropes inſano Cypridis igne,
84 352 725 390 Hanc cupir, hanc equitur Deus, hanc ſuſpirat & vndis
83 383 576 411 Expetit in mediis: non illi immania curæ
83 412 623 441 Armenta & turpes Neptuni in gurgite phocæ:
85 442 722 473 Qin etiam patriam Emathiam gratamque relinquit
83 471 654 500 Carpathon & aphias repetit maleſanus arenas:
84 500 577 532 Hic curas alit ignis inardeſcitque tuendo.
81 529 534 552 Illa ſed incinctæ ſtudia exercere ODianæ
83 557 618 587 Gaudet & Idalios canibus circumdare ſaltus,
81 587 568 617 Raraque ſylueſtres in retia co gere damas.
81 617 645 645 Ad furtum rude pectus erat:non ſaucia flammas
81 646 616 674 Nouerat, aut ſomnos rumpebat cura lalubres.
82 676 641 704 At Deus impatiens, veteris non immemor artis,
79 704 556 733 Mille dolos nectit vellet ſumſiſſ leonis,
80 733 702 760 Aut ſpumantis apri effigiem:at ne exterrita monſtris
78 761 529 792 Effugiat pulcri celatus tegmine cerui,
78 792 609 819 Vi potitur, ponitque ſuas in virgine flammas:
79 821 634 849 Plenaque cum nouies Lucina coiſſet in orbem,
77 850 610 879 Facta parens dictu mirandum enititur hirtis
78 878 672 907 Cornibus humanæ monſtrum ſub imagine formæ,
77 908 636 939 Vnde genus miræque trahunt primordia ſtirpis
78 936 642 967 Cornigeri, & domitam ſibi ſubiecere Tegeſſum,
74 965 663 995 Immaneſque armis Golgos, Chytroſque vetuſtos.
77 996 572 1024 At centum gemino ciues A tabyria Phorco
77 1024 588 1053 Iungit ialyſios, quos fratrum terra creatrix
77 1054 594 1082 Oſſibus vltores genuit, Telchinas &omnem
77 1083 688 1112 Cum Rhodon æquoreis Neptunus ſubderet vndis.
76 1112 591 1142 Verſicolor cuntis ma culoſæ lyncis amictus
626 1145 719 1168 Pectore
