888 1312
307 85 520 112 RT
90 128 650 160 oc decus egregium mouea, roburq; iuuntæ
101 159 624 189 Vos reges ataui, & claris domus inclyta factis
77 182 598 217 Erigat illatumque nefas impellat adarma.
99 216 624 248 Mentibus his dictis violenti Martis amorem
98 244 639 278 Inſinuat. rapit arma furor ma ie ſæuit Erynnis,
77 271 617 306 Extinguique fugæ labem ſic poſſe putabant.
87 304 664 339 Mox prior Enceladus totum nemus abiete nigra
77 328 664 369 Fert in Erichthonium. vaſta qua mole quadrigæ
96 361 583 392 Procubuere ſolo, & ſeries luxata votarum.
95 390 641 424 Exſilit lgnipotente ſatus telumque Gigantem
97 421 705 456 Torquet in inſtantem quod læuo vmbone repuiſu
77 445 603 480 Pectus in Amphinoi venit qui forte ſiniſtro
95 477 560 505 Affixus la teri hærebat tua axima cura
77 503 676 541 tEncelade ah, fatis nequidquam ereptus acerbis,
95 536 656 568 Cum miſtum inſidiis. & iniquæ fraude nouercæ
94 566 623 594 Pene merum nigri biberat cum lacte veneni.
94 594 623 628 Paliuit aſpectu Enceladus, magnoque dolore
93 624 610 653 Ingemuit, tantu ereptum dilexit amicum:
77 649 657 690 Tum ſuper incumbens fleru ora rigauit oborto,
92 681 581 714 Militiæ atque ſui oblitus, verique decoris.
121 711 626 744 Hoc luctu arrectæ mentes gauiſaque corda
93 740 574 770 Cœlicolum, maiorque iocoſalite creatus
91 769 617 800 Fertur in aduerſas acies ſpes addita mentem
92 797 641 827 Suicitat audacem. & belli in diſcrimina trudit.
90 826 630 857 Hic ſe offert geminis aurato in vertice criſtis
90 854 712 893 Conſpiciendus Aras. genitor cui magnus Erechthon,
89 886 642 921 Mater Amimonoe Nympharum sangpinis vna,
87 914 588 946 Altera qua Patris, & tot per Achaidas vrbes
88 943 612 978 Nulla fuit, vel pingerc acu, vel tingere lanas
88 972 567 1004 Doctior & tenues radiis percurrere telas.
88 1002 627 1034 Hic leuis inſultans, priorinſit: Non mea caſus
89 1031 566 1066 Tela reget nec cœca dabit fortuna potiri
87 1060 627 1098 Laude necis, velut inſperato errore peremptus
77 1089 662 1122 Amphinous:ed certa fere tibi dexteramortem.
76 1118 607 1154 m. Sic fatus, diductum alte conſurgit in arcum,
680 1163 730 1185 In-
