888 1312
289 80 500 102 IBERII.
64 112 674 146 Tercentum ingeminant iactus, & fulmina contra
81 145 697 177 Miſſa ſtrepunt, cœlumqueatra caligine obumbraut.
81 176 637 205 Horr: dus iuprimis anute omnes mole Typhoeus
81 204 641 233 Emicat immanes artus mtgna oſſa lacertoſque
82 235 590 263 Arduus oſtendens: denſata per agmina late
81 265 572 294 Bellicas exoritur vario certamine clamor
84 292 587 323 Quautus ab occaſu, ſero cum proditur aſtro
82 322 613 348 Tarus. &os leias terris oſtendit honeſtum,
83 350 693 382 Vererat atr humum crepitan grandine nymbus,
81 382 559 412 R iphoque furit Brea dſiiimus axe.
115 410 675 440 A arer mnipo tens granuiter commotus, & ira
82 440 529 464 Eſil ens. toto molitur fulmina cœlo,
82 468 655 499 Montanaſque ſtrues motat: fragor horridusaltis
82 498 622 526 Nubibus auditur, confuſaque murmura longe
84 527 653 558 Crebreſcunt: medium credas diſcedere cœlum,
84 556 587 586 Non ſecus ac rimis tellus quaſlata dehiſcit.
84 585 638 616 Tum telum inſequitur, quo ſe ſubducere colles
83 615 588 645 Incipiunt pronoq; iugum demittere lapſu.
84 642 716 675 Horrore Anguipedes trepidant, dex tramque reſidunt
84 674 632 704 In pattem: magis hoc deuexo pondere montes
84 703 629 733 Procubuere, quibus tremuit totaexeita tellus,
84 730 678 762 Cœlumque, tractuſque maris maneſque profundi.
86 761 623 789 Senſerunt dubios motus, cœcoſque tumultus
87 790 628 822 Submouet Oceano quos terra extrema refuſo.
75 821 578 850 Nec tantam congeſta polo traxere ruinam
86 849 682 881 Culmina, Terrigenæ quantam: vel mille Gigantes
86 878 637 902 Montibus incluſi ſummis vix cruribus exſtant,
85 909 592 939 mpoſitas fruſtra tentantes pectore moles.
86 935 649 968 Pars elapſa fugit pars ſumma cacumina prenſat,
86 967 592 997 Atque timet lapſum: prona ceruice ſupina
89 995 700 1026 Quædam pendet adhuc ſimilis iam iamque cadenti,
88 1026 625 1056 Ipſe etiam vitam ſub mole profudit Hybletes,
88 1056 599 1086 monios inter reliquos notiſſimus augur:
89 1087 650 1115 Sed male tum linguas, & præpetis omnia pennæ
69 1115 622 1150 Nouerat, augurio oblitus præuertere lethum.
693 1145 748 1167 on
