888 1312
252 67 728 95 ALMEBELICIGANT
169 104 589 135 IIlinc effuſus Tritonia viribus vrget
168 135 711 165 Bellatrix, fuſoque petit cum ſanguine pœnas.
170 166 700 194 Quid faceret? tumidine vias aſperrima ponts
167 194 702 223 Intercludet hyems, Auſerque obſtabit eunti?
168 224 720 253 Inſilit in maria, & qua ſe dedit æquor in altum,
169 252 662 282 Eliſit vada falſa imo ſpumantia fundo.
170 283 734 312 Senſit id, & motis madidum caput extulit vndis
169 312 759 344 Cæruleus Triton. profugumque per alta ſequutus,
170 342 709 372 Sedibus Eurypili cladit conchaque coactum
170 372 711 401 Occupat & calidum fundit tellure cerebrum.
153 400 681 430 Lauſque rei geſtæ memori quo viueret æuo,
166 431 663 459 Indigenas victi Meropes de nomine dixit.
168 461 732 490 Sed pater Oceanus,ne immundus olentia fœtor
166 489 667 518 Membra, vel infelix dilapſa cadauera tabes
161 521 698 551 Carperet atque auras inimico afflaret odore,
161 548 725 574 Eſe dedit volucrem, & natis modo ſuſtulit alis.
167 579 727 608 Præminet ore rigens nullo curuamine roſtrum:
167 608 714 639 Penna viret, cœlo tamen haud ſe credit aperto,
167 637 717 668 Atque humilis terras iuxta volat, ardua vitans,
168 667 716 698 Criminis haud oblita ſu, ofenſique Tonantis.
168 698 693 729 Ira tamen, paruoque auda cia pectore regnat,
163 728 740 755 Dumque nocere nequit Superis, aluearia circum
162 755 712 788 Odit apes, & ſtrage ſurit, miſeraſque prehendit
167 784 732 816 Crura thymo plenas, nidiſque immitibus adfert
164 815 669 846 Semineces, quod Dicto ſub rupe ferantur,
165 844 644 873 Excidio terra genitis, pauiſſe tonantem.
196 872 658 906 Ergo magis fuſo crudeſcit pugna cruore
165 902 723 938 Diuerſique cadunt: nunchos, nunc excipit ilſos
163 932 746 968 Pantharus, atque acies audentior vrget in hoſtem.
164 962 750 998 Non quoque deficiunt animi de parte igantum,
163 991 735 1026 Exercentque Deos: Alops iterumque reuerſus
163 1022 732 1056 In pugnam ruit Enceladus, ruit inde Caphareûs,
162 1050 714 1086 t gemini fratres, Cæneus. vaſtuſque Ceræſltus,
160 1080 728 1114 Concordes animæ genitor quos Autharus I ltha
162 1109 653 1140 Matre ſaros, criſis & verſicoloribus armis
722 1149 826 1173 Addidit
