888 1312
243 57 775 87 64.AM ANT
178 95 717 129 Vertice nata louis, ſæuiſque armata colubris
179 125 731 156 Obtulit æra viris viſenda: ſtatimque Geræſtus
179 156 789 187 Vim rapuit clypei, atque aſpectu induruit: alter
177 185 736 215 Imolitum cernens germani in fronte rigorcm,
180 215 824 247 Hæc quidmonſtra volunt vnde hæc tam mira repente
178 245 674 269 Eſiſtit facies? clamat mox plura volenti
177 274 627 302 Dicere, durato vox irrita ſubſtitit ore:
179 304 734 336 Mittere tentanti mole, iam agnata cohæren
178 334 731 365 Rupe manus, ſenſim corpus coaleſcit in vnum.
179 366 730 394 Cœnea dur:ties eadem occupat, atque per ima
177 394 785 424 Membra lapis ſerpens caua marmore congelat oſſ.
208 425 693 453 Hæc dum Tallas agit toto miracula cœlo,
177 454 808 484 Terrigenûmoccurrit non infima gloria. magnus
176 483 798 513 Et metuendus Athos, Ciconum cum millibus auſus
176 513 748 543 Affectare ouem Diuoſque: hunc Thracia virgo
178 543 714 573 Strymonis Edono conceptum flumine fudit,
177 573 647 603 Omnia Neptuno ſimilem: ſic iilius ora,
177 603 746 632 Sic animum & patrios referebat imagine vultus.
175 632 732 662 Ille videns quamprimum inuiſæ Palladis arma,
177 663 674 692 Se necis vltorem Cænei carique Capharei
175 693 632 722 Promittit, rapta ſpirans immana pin:
175 722 745 752 Thraces idem comites agitant, ſimilique furore
173 752 727 782 Miſſilia expediunt, omnes in vtrumque parati,
174 781 728 805 Aut ſcelus vlciſci, aut certæ ſuccumbere morti.
172 809 686 842 Diua ſed euentus varios, beliique reuoluens
173 842 728 865 Fortunam, non Marte ſed arte occurreretantis
172 869 696 902 Tutius eſſe viris rata: mox veſtigia preſſit,
172 902 710 931 Seque retrouertens. ſquallentia crinibus atris
170 929 679 961 Ægide concuſſit Phorcynidos ora Meduſæ.
170 959 739 991 Vidit id Olyctes. Nymphamque auerſa tuentem
169 989 730 1022 Aggreditur, dirumque nefas in pectore verſans,
168 1019 699 1049 Vim parar: illa dolos ridet diſcrimine tanto
168 1049 736 1079 Non oblita u, atque inſtantem cominus haſta,
166 1076 732 1109 Tans adigens. læuum ferro latus haurit adacto.
167 1107 786 1141 Tunc animis iuue numfuror addirs, atque leonum
759 1140 848 1165 Inſtar
