888 1312
273 55 574 79 I
87 95 631 126 Inſtar eunt, quos aſper ouilibus ardor edendi.
87 126 555 156 Cogit, & auditi teneris balatibus agni.
87 156 740 194 Sed magis in ſua fata ruunt: Nam Spartus, Hemonque,
83 186 615 216 Iſmarideſque Melos, ſaxo per corpus oborto.
82 215 664 246 Diriguëre ſtatim. Cephalon, niueuſque Galactes
84 245 593 274 Solliciti monſtris, conſternatique pavore,
82 274 637 306 Luſtra metu diuerſa petunt: Pangæus Agyrtes,
84 305 649 335 Qualis erat gladio artepto, lethumque minanti
82 334 661 366 Tranſiit in ſilicem aſſimilis: Rhodopeius heros,
82 364 619 393 Attonitus ſimulacra modis torpeſcere miris,
82 393 638 424 Infremuit, reprimenſque pedes, radicibus altis
84 424 597 453 Crura cohæſcrunt tellure, geluque rigeſcit
81 453 677 485 Matmoreo, atque omnes ligat horror ſaxeus artus.
80 483 694 512 Dumque manus iterum a ffecat. cœloque minantes
80 512 595 541 rigit in geminas abierunt brachia cautes:
78 543 618 572 Ora mouet, vocemque amans molitur at imo
81 571 659 605 Gutture vocis iter clauſum, atque alliſa palatum
78 601 674 631 Lingua ferit mutum, & verba imperfecta proſatur.
78 630 591 665 Horruit infelix gelido ſub gurgi Strymon
78 660 488 689 Feſtinos cari caſus & fata nepotis.
79 691 632 720 Occultumque gemens canis tegit ora capillis.
76 720 589 750 Ipſa etiam patrio genitrix excita profundo
74 750 714 782 Indoluit hodope, atque iterum caput abdidit vndis,
75 779 605 809 Aſſiduè irrorans manantibus antra querelis,
106 809 733 839 Intereà Alcyoneûs, quem iam manus Herculis antè
76 838 612 868 Strauerat, & ſemel vmbroſo demiſerat Orco,
73 868 569 897 Æ. therias iterm captauit naribus auras,
74 898 513 921 Fortior & ſolito tacta tellure reuixit.
74 928 574 957 Non aliter Libycis vaſtus luctator in oris,
73 957 528 987 Alciden ſtetit aduerſus, victoria ſterni
75 987 541 1017 Cui fuit, & victus maior ſurrexit arena.
73 1016 668 1048 Sed titubantem, & adhuc retro perſæ pe labantem,
65 1047 584 1074 urbine correptum louis alto verticenata
72 1077 669 1106 Aëra perliquidum patrium coniecit in iſlhmum.
71 1105 573 1135 Ille quidem grauiter ſcopulis allius acutis
658 1142 726 1172 Ægr?
