888 1312
252 35 603 73 BERII.
120 72 715 112 Deinde cadit, clypeumq; ſuper deuoluituringens.
122 103 616 136 Non ſecus ac ventis, & fulminis alite iactu
120 132 591 166 Ima auulſa ruat qnercus radice: reſultat
121 160 709 195 Omne nemus, magnoq; erepant virgulta fragore.
149 192 658 227 Etemplo paidas natarum allabitur aures
119 220 646 254 Nuntia fama, patris crudelia fata recenſens.
1 228 42 256 ti
120 252 676 282 Territa cunctarum calor oſrelinquit, & artus
1 259 38 282 u
120 280 633 316 Occupat attonitos frigus: cecidere remiſſis
120 307 677 343 Hinc colus hinc ſuſus digitis, excuſſaq; penſa:
120 339 651 376 Vtq; animus redijt, iciſlis cum veſte capilis,
120 367 720 400 IHmmemores decoris, tecta alta vlulatibus implent
120 397 695 433 Vna ſed Alcyones inter mœſtiſſina ymphas,
120 426 666 468 Æ therios nondum collapſa receperat hauſtus
121 458 600 495 Aſteie antus præ cotdia vicerat horror,
120 487 644 523 Ttq rccta graues oculos oblitaq tæ
121 516 630 549 Ruſtulitora ſolo, iœdatos puluere crines.
122 541 782 581 Quid queror aut vbi ſum. pro Iuppiter, inquit, an armis
121 574 655 609 Occidit Alcyoneus genitor coœletibus: vltor
121 603 677 639 Nec potuit ferro tam ſœdum auertere fatum?
121 635 682 669 Non Almos, non Porpyrio potuëre ia centem
118 664 650 699 Eripere. & mieris ſeruare eporibus? omnes
119 692 618 727 Exirnxiſti: quid ſ fugients obſiſtere vitæ
121 719 710 756 Concesſum, calid iq nouiſſima vulncra lymphis
120 748 723 786 Abluere. exſequijiq; ſpremum reddere honorem?
122 779 663 816 O patrui. pater o nunqum rediturus abibas?
121 807 730 846 Quid ſequimur fugimuſue. infeli iurba Sororum?
121 839 669 873 Occidimus. patriæ luimus facta impia dextræ:
120 868 623 900 Crudelis, ſi non eadem, quoq; ſata pararit
119 898 675 933 Progenies, nolitq; inuiſam abrumpere lucem.
120 922 781 961 Quid dubitabimus ? an vt uperm quis tecta domoſq
119 957 640 990 Deſtruat, aut captas ducat ſæuiſſima Fallas.
121 985 683 1020 Seruitiumq; immite & triſtia quæq; minetur?
119 1018 608 1045 Aut etiam ſeros hiberni ad luminis ignes
119 1045 630 1080 Eercenda ferat non æquis ſtamina iuſſis,
120 1076 620 1111 Imperioſa, & fœmineas trux exſerat iras?
713 1104 777 1133 Qu
527 1108 584 1128 E.
1 1126 31 1151 d
