888 1312
273 96 579 124 LIBER
99 138 584 168 Subridet Diana, nouæ ſpectacula pugnæ
99 165 652 200 AIpiciens, turbamq; omnem diſſoluit habenis.
101 196 687 228 Nec mora, prorumpunt caſtris: ceu trurbine nigro
99 227 652 260 Aſpera fertur hiems: vel celſo vertice mont.
101 255 737 288 Humidus immenſam cùm vim pluit Auſter aquarum,
101 287 594 318 Ima petit torrens, ſeſeq; e ſfundit in agros.
101 315 583 347 Vidit & Orion animos Lunæq; labores,
102 343 654 378 Quam coluit, quam ſæpe ſuis venatibus auxit,
101 374 645 408 Extemploq; citum Procyona imittit.& acrem
102 404 628 438 Lælapa, ſpumantes quo nemo ſagacior apros
103 435 684 464 Immaneſue lupos, aut celſum in cornua ceruum
102 464 625 494 Venari edoctus. luſtriſq; efundere in æqur.
103 493 640 526 Fit ſtrepitus, ſæuitq; canum latratus in auras:
103 521 642 554 Diffugiunt Cyprij qua proxima meta viaru
103 550 657 584 Teſqua per & dumos aperitur: fortis ylactu
104 574 681 612 Nebrophonuſq; premunt veſtigia cumq; Leiſa
104 607 741 641 Matre Lacon: Pterelaſq;, Napeq. Thouſq;, ſequuntur,
105 631 759 666 His e addunt Canache. Leucon Dromas atq Melamp
106 668 657 701 Theridamaſq; ſagax plantis pernicibus omnes
105 698 589 730 Præſtantes, vnaq; omnes de matre creati.
105 720 761 759 Pœmenis Omphaleum premit ore: Harpva Philacten:
107 753 679 790 Theriope Spartana Pelan: ipſa agmine r hœbe
106 781 702 819 In medio chlamyde & pictis conſpecta pharetris,
108 812 661 842 Clamantis iaculum bacchatur in ora harebi,
108 844 637 877 Vt tota ceruice tremens cum cuſpide ferrum
108 877 599 907 Eſtaret: cadit ille eruenta itratus arena
107 903 637 937 Vaſtaque lethali ſoluuntus, frigore membora.
112 933 701 965 Tum R he teona petit telo, Creſſumq; Mimartn,
108 964 666 995 Ad rapidum nympha Cortynide cretus Oaxe
109 993 595 1026 Qui fuit Idalio Syroa genitore: ſtatimq;
106 1021 704 1048 Enſe ferit Retheona: Mimarton odora canum vis
108 1054 526 1083 Fraude loci, & dubia ſyluis viarum
111 1080 650 1114 Oppreſſum, rapit, atque immiti euſcerat ore.
109 1111 752 1145 Hinc fugit Npyceros trepidans. fugir iud Coryptes,
109 1141 654 1176 Quis ſtipata cohors obſtanr curſuque ientes
681 1167 767 1190 Pult-
