888 1312
251 89 553 116 LIBERII.
704 105 734 127 7
78 127 675 165 Flumina per monteſq; marem rapit, atque fatigat,
77 158 566 185 Donec inexpleti ſtimulos auertat amoris.
78 186 588 217 Horruit aſpectu erecynthia mater, & vllo
78 216 643 251 Nèe quis fortè Deûm montem ſibi vindicet æuo,
78 245 573 279 Ipſa ſacras fxit frondoſo in vertice sedes
78 276 653 306 Aſt lateri auulſum ſibi dum male cernit amicum
79 305 626 338 Stymphalus, fugit effruſe, Diuamq; tremiſcens.
79 335 649 364 Quod timuit iam totus erat: nemus ilice denſum
78 363 551 397 Cæſaries dedit, & ſparſi per colla capilli
77 394 653 426 Montis apex caput eſt: humeri iuga bina: lacerti
76 424 582 458 Ventre cohærentes vaſta ſe mole per agros
75 453 637 481 Protendunt: tenuem velut attenuatur in auram
77 483 667 517 Spiritus humor aquæ fit ſiiplicis, inq Pamiſum
77 513 654 546 Sanguis it: ille cadens raucum per læuia murmur
76 542 566 571 Saxa ciet, cultiſq; furit damoſus in aruis,
75 571 607 603 Sæpiis vt grauidis procumbat culmus ariſtis,
76 601 542 630 Spemq; fatigati defraudent rura coloni.
74 630 638 664 æc quis forte, caua dum vellit ab ilico glandes,
76 660 624 692 Saxa videns ſubito ſylueſtribus horrida dumis,
75 691 678 726 Totq; nouos vaſtum montes ſe effundere in æquor,
74 720 552 748 Ignotaſq; inter decurrere flumina valles,
73 748 566 781 Extimuit famamq; rei factumq; nepotes
74 778 622 810 Tranſtulit ad ſeros, omnis quod credidit ætas.
73 808 619 838 Nec iam vana ſides: non eſt dubitabile verum,
1 802 38 831 .
73 837 599 871 Facta parent certiſq; licet cognoſcere ſignis,
72 866 513 898 Arcadiam ſeruare nigri veſtigia ſucci
72 896 624 927 Hinc Phenei nocturna bibentibus officit vnda,
71 925 624 961 Lymphaq; Clytorij calido contraria Bacch,
71 955 626 987 Tædia certa parit vini: Hinc grauis horrida taxi
71 984 614 1014 Vmbra nocet: fugias hanc feſſe viator ab æſtu:
71 1013 595 1045 Hic tibi dira quies, ſi credas membra cubili,
70 1043 565 1077 Lethæum æterna patieris morte ſoporem,
72 1073 585 1105 Hinc Nonacrinis qui rupibus effluit humor
71 1102 523 1136 Fit tacta tellure lapis, potuſq; calorem
69 1132 636 1167 Viuificum necat, atq; inducitfrigora membris.
655 1172 727 1195 Hune
464 1171 511 1196 5
