888 1312
401 39 608 66 PETRI
162 79 682 108 Sorduerant tum vela cauo ſuſpenſa theatro,
192 108 662 136 Quærebatque ſuos Scena Ilcta crocos
160 138 696 168 Non Plautus placuit; nigro danm atus at Orco
192 167 614 194 Perpet ais iacuit lucidus in teneris.
161 196 702 224 Nemo ægro medicinam fecit. at ilius omnes
192 226 661 250 Conclamauerunt vulnera Grammatici.
159 255 647 285 Hic tu lane memor te qua donauerit arte
192 283 684 315 Phœbus, & impediant cur tibi ſerta caput,
160 313 748 348 Ferre ægro auxilium dum quæris & vndique turpi,
189 343 604 374 Menda manu tollis innumerabilia
162 371 703 399 Hoc facis. vt priſco modo reddita ſcena nitori
191 401 532 430 Plautini ſapiat delicias genij:
152 432 742 463 Et modo cum magno populi ſtet grata fauore,
191 461 626 493 Donetur meritis fabula muneribus.
163 490 740 521 Gaude igitur ſi quis tibi ſenſus Marce. ſepulto eſt:
194 521 744 549 aude, inquam & læta hæc munera lætus habe;
165 550 696 579 Quæ tui Ariſtarchi genio dat Apollo. tui olim
193 579 600 609 Ingenij vt poſſit condita detegere:
161 610 644 635 Et modo laudato communi voce, corona
192 638 655 670 Cingere lemniſcis tempora de propriis.
161 669 698 699 Plaute places: meiit donaris munere palmæ.
192 697 582 722 Nunc aulæa ſuis Serica textilibus
161 728 720 760 Exornata nitent iterum, plaudentibus & nune
195 758 664 785 Attollit plebes murmura cum manibus.
159 787 774 819 Non tineas metues. no:n blattas, nec quæ alia olim
188 816 609 846 Librorum fuerat peſſima pernicies
163 846 702 877 Sed tua poſtilla ſcripta in corrupta manebunt
194 876 647 907 Cognita ab Eois cognita ab Heſperiis.
161 906 711 934 Tuque, diu quo noſtta ſuo ſe F landria alumno
191 935 602 967 Iactitat, Augeri, cui ſacer iſte labor
162 964 750 996 Gaude etiam atque tuam non aſpernare clientem,
190 995 659 1026 Quo Plautina ſuo ſtat modo Muſa pede.
159 1024 692 1051 Nam ſua dum Plauto durabit vita, manebunt
190 1054 653 1086 Nomina Gulielmi, nomina Busbequij.
161 1084 677 1112 Quæ cum inter deſerta mihi ſic viſa futura
733 1117 799 1140 Arbo-
