888 1312
294 48 654 75 984STEPHANI
398 87 543 106 De Antaride.
154 123 665 152 Antarides nimium fidenter aſymbolus eſſe
183 154 644 182 Sperans, cauponam tertius ingreditur.
156 182 765 221 Dum genio indulget, ſimulat comes vnns & alterli
186 212 575 239 Veſicam cogi ſe exonerare ſuam.
138 240 686 270 Solus ibi a cua dum permane t ipſe crumena,
184 270 625 299 Emit deractæ ſpem pretio interulæ:
153 299 728 330 Commonitus glandes non ſemper colligi eadem
185 329 638 359 Sub quercu: tactus ſic ſapit Antarides.
284 369 667 400 De Baldo & Bela coniugibus ligioſir.
153 411 667 440 Vna omnes potuit Romæ viriplaca maritos
185 441 570 464 Diſcordes vnà conciliare Venus.
155 470 659 501 At litiplacæ ſeptem Baldumque Belamque
186 501 612 529 Solos heic nequeunt conciliare viri.
138 527 734 561 Eſt igitur quocunque hominum conamine maior
189 559 610 583 Vel minima vnius vis benefida Deæ.
330 611 632 640 Ad arol V. Imperatorem.
152 649 704 680 Calpen Cæſar habet: habeas ita Cæſar Abylan
186 680 591 709 Alter t Alcmenæ filius eſſe queas.
154 710 718 734 Va columna tua eſt; tentanda eſt altera rurſus:
187 740 670 768 Neptuni haud cunctis menſibus ira furit.
154 770 744 800 Iam ſeptemgeminum condunt Atlantides agme
188 800 606 828 Secure in pelagus ſoluere lora licet.
157 829 686 859 Collecti in ſpitas poterunt orbeſque Cameli
187 860 592 881 Protenſi ſtrato nunc fluitare mari.
154 889 703 920 Aude igitur rurſus; Mars. olus, Ennoſigæus
186 920 623 949 Dexter erit: dextræ cedet Abyla tuæ.
155 949 727 979 VItra quid pos isi plus vltra hoc non potes orbe
180 979 694 1008 Poſcere: poſce vltra Diitibi & aſtra dabunt.
251 1020 710 1045 In mortem Mſ Lurini DecaniD. Donationi
445 1052 520 1080 ige.
156 1087 692 1120 Quod vitæ virtus in Marco emarcuit, hoc eſt,
738 1105 822 1146 uod
