888 1312
224 29 544 65 C0MTIS.
96 82 645 120 Quod nequeunt cœlifulmina, Mortis agunt.
337 123 446 145 De eodem.
71 159 634 200 Quæ tam duræ aures, quæ tam præcordia duro
72 191 556 224 Exciſa e ſaxo. tigridum nutritaque lacte,
75 219 669 254 Ploratum cohibere queant. dum nomen id vnum
76 250 667 283 Defuncti auſcultant Marci, & dum claudier antro
79 280 615 318 Conſpectant Laurum crudeli falce reſectam
80 311 667 349 Qua mage digna fuit longum & ſine fine virorem
81 339 638 381 Seruare: vt cuius patulo ſub tegmin Phœbus
77 366 739 409 Theſpia deſque omnes omnes hariteſque manebant.
82 404 517 434 Illic voce bona reſonabat Calliopea,
82 433 503 465 Illic hiſtorica Clio res ordine geſias
83 460 656 500 Prompſit & heic Erato dulces cantabat amores.
84 488 684 531 Atque ibi Melpomene tragica florenſoue Thalia
83 520 643 555 Heic citharœda choris exſultans Terpſichorea
86 549 664 586 Suauis ibi Euterpe, nec non olyhymnia multis
77 580 651 617 Inc lita carminibus Lesboum tendere plectrum
86 612 532 652 Pergit & Vranie cœli ſc rutarier aſtra.
88 639 643 682 Vt planè harmoniam cunctam viguiſſe ſub vnma
90 668 664 706 Credatur Lauru. Charitum queis ternio iunctus
90 700 588 737 Stabat connexis lætè & concorditer vlnis,
90 727 688 774 Euphroſyne ohlectans, Aglaa, virenſque Thaleia.
90 758 668 796 Omnia nunc heu muta ſilent, nunc omnia ſurda;
92 792 585 827 Vnius ex auri caſu dolor omnibus vnus.
268 832 580 870 Sophia in morte Ludouici Viuis.
80 872 677 923 Quando igitur mihi non licuit te corpore viuum
124 906 566 940 Seruare, eſficiam nomine Viues eris.
600 959 763 993 T
