888 1312
204 141 731 172 GCMICRIPII
330 194 573 214 HAGIENSIS.
331 252 572 277 In Iani Dousæ Poemata.
129 308 602 360 eV, ſquem Veneres iuuant ſaleſque,
171 333 541 366 Riſus gaudia fſabulæ. iocique,
125 367 543 398 Nec ſronte es nimium tenebricoſa;
126 397 562 425 Hoc lege: hoc Veneres poëma ſpirat,
128 427 528 457 Spirat nectar & Atticos liquores:
126 457 639 486 Non quales per Hymetton aut per Hyblam
125 486 567 515 Depaſtæ caſiam thyumque odorum
126 516 528 545 Apes ſtraminea domo recondunt:
126 545 494 574 Sed quales Heliconiis in hortis
125 575 520 604 Atque in Pieridum legunt roſetis
124 604 485 629 Vates, Aonidum iocoſa turba:
126 634 458 664 Quales in gremio ſuæ puellæ
126 664 466 687 Inter delicias amoris. ardens
125 694 534 722 Toto pectore, & inimis medullis:
128 724 507 752 Aut certami ne languidus priore
126 753 498 782 Dum vires reparat nouo labori,
123 782 511 805 Et ſe vuit Dominæ uæ diſertum,
124 812 566 841 Et ſe vunit Do inæ probare blandum,
124 841 514 870 Narrat ſi quis amator eſt iocoſus.
124 871 540 901 Qui ſi cui inſipidus liquor videtur;
122 901 523 930 Pol illi fatuum nimis palatum eſt.
381 954 510 974 Ad eundem.
123 1001 665 1030 Douſa, cui teretes numeros conceſſit Apollo,
122 1031 627 1061 Naſcentique nouem faciles riſere Sorores:
123 1061 649 1089 Sic ſemperiuſto valeam ſecernere iniquum,
120 1090 717 1122 Et dare cuique ſuum, & nuſquam deflectere recto,
