888 1312
202 31 552 64 cvLiEti cri.
66 79 572 110 t te iam pridem non esiihi carior alter
68 108 627 136 Non viſi ante mihi colui rumore ſecundo
68 142 595 173 Incenſus famæ celebris, audumque tuarum
69 170 610 201 Mutua quæ rebam coniungeie fœdera tecum.
72 196 653 232 Quæ deinceps aliquo poſtquam firmauimus vſu,
71 229 635 261 Et cumulum ingentem cœ pto præſentia amori
72 262 525 293 Adiecit. noſtra ſincerè parte colentur.
76 289 607 321 Tu modo inæqualem ne dedigneris amicum.
75 320 677 354 Si fallam aut leuis hæc vnquam ferat irtita ventus,
75 351 575 382 Sancta fides, cui ſunt ſocialia fœdera curæ,
75 378 670 410 Sit memor & Nemeſis pœnas pro fraude repoſcat.
199 432 607 464 In effigiem Ian Douſa, & Poemata eius.
74 474 453 505 Non ficus mage ficui nec ouum
77 502 487 533 Eſt ouo ſimile hæc imago Douſa,
79 533 517 566 Quam tibi eſt ſimilis. tuoſque vultus
79 562 560 593 Ad viuum exprimit. intereſſe quidquam
79 592 442 626 Nec putes aliud. niſi quod iſta
80 623 471 655 Elinguis ſine voceque eſt imago:
81 652 493 685 Tibi lingua diſerta, blanda, dulcis.
82 680 563 715 Ah fallor: neque imago muta Douſæ eſt
82 710 585 747 Nam quamuis minus hæc diſerta certe eſt;
85 744 535 775 Hoc ſaltem loquitur facitque certam
85 772 468 801 Fidem. moribus eſſe te venuſtis,
86 807 423 837 Acri iudicio piaque mente:
86 832 501 866 Queis longè es celebratior fututus,
85 863 432 898 Et poſt fata diutius ſuperſtes
88 890 500 927 Quam per ſtemmata imagineſque.
86 922 519 952 An hæc muta tibi eſt, loquace vultu
89 950 547 989 Quæ tantum ſimul explicat bonorum
88 980 508 1019 Sed quod non ſatis exprimit diſertè
90 1012 498 1049 Supplebit liber hic ſatis ſuperque.
355 1057 466 1079 De eadem.
90 1090 637 1134 Os, oculos, frontem, totum ſimillima vultum
724 1118 762 1138 Te
