888 1312
303 43 631 72 ; ViELM CR tri.
171 85 629 115 Te effigies mira hæc dexteritate refert.
138 115 610 144 Ne ſis effigies tua tu & tua rurſus imago
171 144 702 176 Tu quod es; hoc defit quod nequit illa loqui.
138 173 583 198 Oſcula. ſi foret, cui libet neſciat vxor,
170 203 622 232 Cui det cuive ſuum deneget officium.
137 232 701 261 Prouidus hoc veritus ſculptor, diſcrimen id eſſe
166 261 564 292 Inter te voluit effigiemque tuam.
655 690 813 742 p
