888 1312
710 89 738 109 83
291 79 505 99 D I
1 109 634 144 Ama aciesrapiunt pauidæ, rationis in armis
91 144 637 175 Nec ſat ineſt, tantus Cœleſtum pectora terror
91 173 631 204 Horrificat, magnoq; fouent diſcrimine vitam
91 205 695 234 Spemq; metumq; inter, dubii, num tendere contra
87 233 614 262 An celerare fugam, & deſerto excedere cœle
87 261 611 295 Expediat: Vetat hoc Titanum erxercita fatis,
1 287 581 322 Atque decennali bello ſpectata iuuentus:
87 320 589 351 Illud fama iubet geſtarum maxima rerum,
87 351 656 386 Cælituumq; occurſat honos, quos vltima Thyle,
86 380 671 413 Vltima Taprobane, & ſub vtroq; iacentia Phœbo
87 409 641 441 Litrora ſuſpiciunt, Erebiq; repoſta tremiſcunt.
87 440 618 472 Nonpatitur turpem virtus inuicta repulſam,
88 469 686 503 Ex ſuperatq metus, hoſtemq; relinquere inultum
2 499 608 530 Ira pudorq; vetant:tum deſperatio mentem
40 529 656 562 Magnanimam inſpirat, calcarq; ad fortia ſubdit
85 559 682 591 Quoque magis metuunt, magis incrementa furori
1 587 589 614 oAdiiciunt. Veluti cœlo denſiſſimus Auſter
88 616 699 651 Cum fœdam glomerat tempeſtatem imbribus atris,
2 646 640 679 Aut æſtate noua aut cum Sirius ardor anhelat,
83 677 601 705 Quo magis inſurgunt nubes, intenſior intus
40 706 620 735 Hoc magis æſtus atrox feruet, luctatur & aura
40 734 636 767 iberiore frui grauiorq; immurmurat horror,
86 764 585 794 Atque fragor longo perlabitur aëra tractu.
115 793 639 825 Interea armipotens uperis inſtabat Aloeus,
87 824 577 855 Egregio inuectus curru, cui Solis & omne
87 853 616 885 Antiopes genus atq; inſignia f.acta parentum
855 854 885 883 I
40 883 616 913 Per tot ducta viros, inſculpſerat acer Omarus
40 911 546 938 Artifices inter toto celeberrimus orbe.
39 942 609 975 Frena Pelcthronios cohibent aurata iugales,
1 969 607 1004 Inſultare ſolo, & greſſus glomerare uperbos
1 1000 638 1032 loAſſuetos, pedibuſque leues præuertere ventos.
40 1030 592 1063 ox cli ad portas & propugnacula prima
1 1059 594 1088 Bellicus exoritur, vario certamine, clamor.
87 1088 696 1123 Clicolæ obſitunt ferro, atque angvſta locorum
40 1117 643 1158 Milite deſendunt obiecto adituaſue coronan
636 1158 730 1180 Iius
