888 1312
273 60 671 84 ILM BEIGIA
617 61 672 74 t
139 63 168 86 M6
144 96 663 128 Heu frater germane. an ſic tua cernere facta
144 128 666 158 Care ſenex dabitur? ſic te præeunte magiſtro
839 153 886 177 p
146 158 742 187 Militiam & graue Martis opus tentabimus? omnis
148 188 731 217 Spes tecum occubuit: tantum hæc ſolatia reſtant,
146 218 701 249 Quod diuerſa cadant licet omnia, vita negetur,
147 249 728 278 Sit tame ereptum pugna. dextraque redemtum
147 278 734 309 Qui te mandet humo patriæ, decoretque ſepulerc.
145 306 729 337 Talibus ingeminat. patriumque, iuuante Telone,
142 337 656 367 Eripere accelerat, furtimq; auferre cadauer.
172 366 697 398 Reſpicit exorto Mauors poſt terga tumultu,
142 396 699 427 Raptoreſque videns animo indignatus acerbo,
143 426 641 456 Qud tentatis ait, quæ tanta audacia vobis
142 455 648 486 Surgit?non cineres, non sæua piabitis oſſa:
139 484 734 514 Exſequiis buſtum extremis, & honore carebit,
140 516 699 546 Cocytique inhumatus aquas, regna invia viuis,
141 546 766 577 Centum hiemes circum,& totidem volitabit ariſtas,
140 574 660 610 Donec ad etremum variis erroribus actus,
141 605 683 632 Expleto tenebris numero reddatur & vmbris.
144 633 630 667 Sic fatus ſubitoin verbo veſtigia torquet,
140 663 664 691 Ingentemque Telona neci demittit, & haſta
140 693 623 726 Vrget Aloiden, ſed nullum miſſa ferebat
140 722 668 757 Vulnus & in caſſum diſcuſſa in nubila fugit.
168 752 697 785 Tum demum iuuenis furias exardet in acres,
138 782 652 813 Non aliter quam ſi Lybicis immanis in oris
137 810 632 847 Orba leæna furat catulis, factique requirat
136 840 735 873 Auctorem, atque atros pandat, cæde oblita, rictus.
136 871 733 905 Accurritque fremens, verbiſqu minantibus inſit.
135 900 694 940 Non ſat erat letho excepiſſe, ſceleſte parentem,
137 929 676 960 Quin coneris idem facius, manet vltio factis
135 961 705 993 Certa tuis, modo me genitor miſera ndus Aloeus
131 989 752 1030 Magnanimum erudi t genitrix cum rapta, ſororque
132 1020 671 1051 Pan cratis hac dextra victo fuit hoſte redemta.
130 1048 674 1085 Vnde genus duco, vos equora teſtor & vmbras
128 1077 686 1113 Defnctas, quencunque etiam fortuna minaris
125 1107 685 1144 Fuentum gatiar quid vis, modo dedecus armis
690 1150 776 1176 vIciſss
