888 1312
737 49 764 71 7
318 56 571 85 IBERIII.
109 95 630 133 VIciſci illatum, dignaſque rependere pœnas
110 125 643 161 Detur, & hoſtiles patriis ſuperaddere mans,
112 149 715 191 Hoc animo fixum, ant eadem me fata mancut,
1 161 44 190 i
113 181 647 219 Aut moriere ſimul dabitur. quod cæde petiti
1 191 48 217 t
118 216 559 249 Talibus effatus, ſaxum ditlſit, & ora
114 242 626 284 Impulit in mala fide Dei: ſ nubila lnus
113 271 690 312 E xcepere datum & vacuas furit ictus i auras.
117 296 680 340 Saxa cupit ſumſiſe alia atdam nulla ſuperſ
116 329 651 372 Eripit ingentem ex adetis cratera, Cvclopum
117 356 668 396 Atte laboratui, puero qem amplectitur auo
117 384 655 430 Pampinns atque omni difuſi parte corymb,
119 412 710 458 Gradiuumque ſcypho petit, & genua ima reſoluit.
119 439 771 486 Non tam ægra labant, quidqu atit tardatus, in hoſtem
118 477 619 516 Fortior erigitur motaſque reuicitat iras,
122 503 622 550 Atque iterum correpta ſolo carcheſia facti
120 530 686 573 Vertit in auctorem ille, elaplus corpore, ceit,
1 552 44 589 i
121 566 643 605 Incaſſum me poli per cærula rapta feruntur,
120 591 736 638 Erigoner iuxta ſquamiſqe ingentibus HIdram.
122 623 641 668 Iupſiter at, fati v: ſuperellet fama ſideſqu.
124 650 679 695 Donauit cœl, ſeptem micar ignibus aitr.
122 680 660 720 Felici exſultat ſucceſſu animoſque Ephialtes,
122 708 677 752 Fortior atque haſta incumbens petit alite relo.
124 737 687 780 Nudatum obtectu clypei femur intimaqualto
125 767 653 811 Vulnere perrumpit labefactis oſſa medullis.
125 796 657 839 Palluit attonitusn auors, titubatque laauti
126 826 644 867 Aſſimilis. tremuloque legit veſtigia grefſu
126 855 750 902 Et quantum enſe poteſt hoſti inſtat, & omniatentat
157 887 689 924 Vidit at hoc frarer feſſoque ſuperuenit Otus,
128 918 635 956 Otus Aloides, vſquam quo pulcrior alter
128 946 722 987 Non erat Anguipedum, Phlegræa nec inuit arma
128 976 634 1014 IIIe ſtatim hoſtiles interritus excipit ictus,
131 1009 670 1050 Opponitque humeros latos durataqe terga.
2 1001 46 1039 :
129 1028 714 1074 Donec inacceſſum prius occcupat & ſimul abo
133 1063 687 1105 Se velut amplexi & pedibus per mutua nexis
129 1095 612 1140 Impediere pedes: ſicut louis alite raptus
705 1115 791 1153 Anguis
1 1154 59 1180 s
