888 1312
212 71 695 99 sALMBELLIGAN
128 110 655 142 Anguis atrox cauda ſpaciantes implicat alas.
127 139 729 168 Hic toruum videt, ille fremit, flammque cruentis
131 171 584 197 Scintillant oculis, & ninatura negaret
127 197 687 238 Quiſque nefas viuos morſu depaſceret artus:
127 228 688 260 umque pares hinc indeeffuſis viribus vrgent,
130 259 658 285 Procubuere ſolo, vaſto cum pondere, t olim
126 288 657 320 aygeti iuga, ænadibus bacchata Lacœnis,
127 317 615 343 In Lacedæmonios, mota tellure ruebant.
161 347 664 378 Texere animos Eohialtes atque Lalaurus,
128 377 700 408 t properare necem ſtrictis mucronibus ardent.
127 407 620 434 At Bellonæ atro efterueſcit sanguine bilis,
127 438 704 467 Exſurgitque faciem attollens. inque ora Calauri
129 467 710 494 Coniicit & flamma vultum crepitante cremauit,
129 497 660 526 Ile dolore amens & umine captus vtroque,
130 526 657 557 Quo ruat ignorat cœloque eiectus, in æquor
129 556 609 585 Titbatur. qua Niſa patris furata capillos
129 586 620 613 Facta reſertur auis, deuicto inuiſa parenti,
126 615 657 645 Eius & rgolici retinet maris inſula nomen.
162 646 632 674 Viribus interea Gradiuo præualet Otus,
129 674 677 703 Sublatumque humeris per mille ſequentia tela
128 704 621 733 Eripit antiquos Curetum elapſus ad oras,
130 733 661 763 Speluneaique petit, vaſto quæ cœ ca receſſu,
124 763 613 793 Montis inacceſii præruptis vndique ſaxis
127 793 710 824 Deprimitur tellurem infra, maneſque profundos.
127 823 659 852 Vidit vt han M auors, animo crudele peroſus
127 851 675 884 Supplicium ſæuo quamuis ſperatus ab hoſte,
126 882 690 912 Non tamen abſtinuit, cotraque onititur to
127 911 779 942 Quantum humeris pedibuſque valet, ſicq; ora icſoluit.
122 941 692 971 Me potius, me dede neci, quam carcere clauſum
125 970 663 1002 Conficias: in me ſtrictum conuertito ferrum:
122 1000 598 1028 Hoc ego fors votis ſi non diuerſa fuiſſet,
122 1029 647 1059 Noſtraque ſacrilego rubuiſſet dextra cruore.
122 1058 646 1087 Atque, vtinam. poſſem mutata ſorte, vel iras
116 1089 722 1125 xplerem. & noſtrum horteres, ſcelerate, fitrorem,
104 1118 679 1151 Sd non ile imiui verbiſque mouetur acerbis,
712 1155 780 1177 Poœna
