888 1312
214 70 697 98 9ALMBELLIGIGANT.
146 106 688 136 Forte lpus: ſi paſtor abeſt. ſomnoque ſepultæ
145 137 692 165 Excubiæa, furit atque ipſis ſub matribus agnos
146 167 650 196 Vbere direptos, lactantiaque ora madentes
147 196 689 226 Vguibus exercet crudelibus: improba tenvis
149 225 711 253 Ora cruor lauat, & trepidant ſub dentibus artus.
178 254 698 285 At Venus infelix ingentibus excita motris
147 285 664 316 Prorumpit, neglecta ſinus. neglecta capillos,
146 314 668 345 Hiſque pharetratum dictis affatur Amorem:
149 344 707 374 Guare, quid hoc tanto ceſſamus cardine rerum,
150 375 745 404 Quoue loci fugimus quam tuti prendimus arcem?
148 404 635 433 Eceſſere omnes timidi, cœloque relicto,
147 433 793 466 D, quibus imperium hoc ſteterat, mundique poteſtas.
147 463 697 496 Iuppiter ipſe fuit, fuit altus Olympus & ingens
146 493 646 524 Gloria Diuorum Diuiſque potentior ipſis
148 523 668 551 Maieſtas Parcarum & inexpugnabile fatum.
148 553 767 583 Hanc ego num potuifſem vnquam metuiſſe ruinam,
148 582 695 612 Fortunamque Deûm? vidiipſa miſerrima, vidi
150 612 707 642 Transfixum femur, & fœdatos ſanguine vultus
149 642 650 670 Mauortis, quo non fuerat mihi carior alter,
150 671 670 700 Triſtior alter erit nunquam. Si ſidera desxtris
150 700 590 728 Defendi poſenr illis defenſa fuiſſent.
150 730 745 762 Nunc ſine honore cadunt, lucem viſura ſupremam,
151 760 627 789 Omnia cum fatis retro ſublapſa ferantur.
151 789 708 818 Nos quoque ne ſæuo circumueniamur ab hoſte,
149 819 630 851 Acceleremus iter: ſatis eſt vidiſſe labores,
149 848 654 881 Et patriæ triſtes cineres, acrymoſaque fata.
150 878 704 910 Tu ceſton. ſaturaſque auto. bacciſque rige ntes
149 908 717 937 Idaliam chlamydem & picto velamen acantho,
148 937 696 971 Matre laboratum quondam multa arte Dione
152 966 672 1000 Adfer gate mihi veſtes: curruſque rotaſque
150 996 732 1030 Cura mihi incumbit. Paphiaſque parare voluacres.
148 1026 692 1058 Dixerat: ad ſonitum ocis circumſpicit omne
148 1056 710 1088 In latus, & motu T phon trermefecit Olpmpum.
148 1085 710 1121 Terrigenam illa ides, abitum molitur, aes
147 1115 659 1149 Occupat effuſos comitaa Cupidiic paruo:
724 1150 800 1181 Senſit
