888 1312
241 52 748 84 9ALMEELLIITANT.
177 87 708 118 Sec rcti circur calles arbuſtaque celant
176 118 716 151 Mrtea, & Aſſyrii frondercens meſlis amomi,
177 145 800 181 Popleque cuomæ denſo ſub tegmine obumbrant:j
177 177 698 207 Inuitat ſomnos crepitantibus nda lspillis,
177 207 715 240 Aſſuetæque rubis volucres ripiſque volantes
178 237 716 269 Ethera permulcent grata dulcedire cantus.
178 267 691 300 Vix paulum curæ emo. puiſuſſu quiete
177 296 719 325 TFti cocde dolor, cum tempeſtatibus actum
177 327 653 356 Inſonuit vento nemus & vicina fragore
178 357 757 389 Virguita increpue re. & ihorcuit vnda tenebris.
178 388 742 422 Obſtupuere ambo & labefacta per oſſa cucurrit
177 418 754 446 Terricus imetus imma em po ſt trga Typhoea
178 448 736 480 Ee rati. Sec haud ceuis si e virius mbra
176 478 741 509 Inte peſa luns. cum no terræ incubat atra.
176 507 606 540 Sopitos fala iudit formidine ſenûus.
175 537 730 568 Et iam ſa pedum pulſu tremere exeita tellus,
178 570 808 598 Armatumque procul campo ingruere agmen aperto.
178 598 745 628 Extimuit nagis: & magis artus occupat horror.
178 629 778 659 Vnguibus ora Venus fœdans tum vocibus hiſcens
178 658 671 688 Exignis longo vix tandem tempore fatr.
179 687 826 718 Heu quid nunc profugis ſupereſt, quid denique reſtat
180 718 744 747 Heu gnate, iu quo ſoio omnis ſtat cura parentis
181 748 772 779 Quo ferimur quam nnc aperit fortuna salutemi
179 778 832 807 Speramuſne fugam, au nos noſtraque ſpargimus vndis,
178 808 759 838 ræcipiteſque damus, dum præcipitare poteſtas?
178 838 796 866 Ventum ad ſupremum eſt: turbato ex cludere cœlo,
178 868 714 898 Et terris agitare datum eſt: hoc defuit vnum,
177 898 696 927 Ille Gigas noſtra quo morte tropæa referret.
179 927 730 956 Sic agimus vitamæ ternam, ſic nomine Diuûm
176 958 646 988 Vtimur,& nulla fatorum lege tenemur.
177 988 730 1018 Sed moritura Orcum. Ditiſque ſacraria teſtor,
174 1017 654 1047 Belli Lon ego cauſa fui iſtius inſcia culpæ
177 1046 688 1079 Noſtri nens pueri. ſola inclementia Veſtæ
171 1077 733 1108 anti cauſanali. ſternitque à culmine cœlum.
175 1109 769 1140 M nunc cedo equidt mitamque exoſa relinquo:
774 1123 844 1161 ro
