<?xml version="1.0" encoding="utf-8"?>
<PcGts xmlns="http://schema.primaresearch.org/PAGE/gts/pagecontent/2017-07-15" xmlns:xsi="http://www.w3.org/2001/XMLSchema-instance" xsi:schemaLocation="http://schema.primaresearch.org/PAGE/gts/pagecontent/2017-07-15 http://schema.primaresearch.org/PAGE/gts/pagecontent/2017-07-15/pagecontent.xsd">
  <Metadata>
    <Creator>User123</Creator>
    <Created>2020-04-14T13:52:54</Created>
    <LastChange>2020-04-14T13:52:54</LastChange>
  </Metadata>
  <Page imageFilename="0154.png" imageHeight="1312" imageWidth="888">
    <TextRegion id="r0" type="paragraph">
      <Coords points="1,1 886,1 886,1310 1,1310"/>
      <TextLine id="r0_l001">
        <Coords points="320,83 320,104 507,104 507,83"/>
        <TextEquiv index="1">
          <Unicode>LIBERIIIE</Unicode>
        </TextEquiv>
      </TextLine>
      <TextLine id="r0_l002">
        <Coords points="715,87 715,106 753,106 753,87"/>
        <TextEquiv index="1">
          <Unicode>9D</Unicode>
        </TextEquiv>
      </TextLine>
      <TextLine id="r0_l003">
        <Coords points="611,122 90,122 90,151 188,153 611,153"/>
        <TextEquiv index="1">
          <Unicode>Acrioac Marnas, ſtructque ex agere Diui</Unicode>
        </TextEquiv>
      </TextLine>
      <TextLine id="r0_l004">
        <Coords points="1,123 1,162 43,162 43,123"/>
        <TextEquiv index="1">
          <Unicode/>
        </TextEquiv>
      </TextLine>
      <TextLine id="r0_l005">
        <Coords points="664,153 647,153 641,155 92,153 92,179 98,180 664,181"/>
        <TextEquiv index="1">
          <Unicode>Obſiunt, la cerumque manu crudeliter ambas</Unicode>
        </TextEquiv>
      </TextLine>
      <TextLine id="r0_l006">
        <Coords points="1,165 1,186 42,186 42,165"/>
        <TextEquiv index="1">
          <Unicode/>
        </TextEquiv>
      </TextLine>
      <TextLine id="r0_l007">
        <Coords points="627,185 91,183 91,211 627,212"/>
        <TextEquiv index="1">
          <Unicode>Det arbant, megna muri cum patte reuulſum.</Unicode>
        </TextEquiv>
      </TextLine>
      <TextLine id="r0_l008">
        <Coords points="546,214 260,213 237,214 195,212 122,212 122,239 133,240 546,241"/>
        <TextEquiv index="1">
          <Unicode>Emicat ſenios fraterni funeris vltor,</Unicode>
        </TextEquiv>
      </TextLine>
      <TextLine id="r0_l009">
        <Coords points="673,241 593,241 589,243 90,241 90,268 144,270 673,270"/>
        <TextEquiv index="1">
          <Unicode>Moliturque aditum, atque effracto cardine vulſas</Unicode>
        </TextEquiv>
      </TextLine>
      <TextLine id="r0_l010">
        <Coords points="1,255 1,275 43,275 43,255"/>
        <TextEquiv index="1">
          <Unicode>t</Unicode>
        </TextEquiv>
      </TextLine>
      <TextLine id="r0_l011">
        <Coords points="91,271 91,300 594,300 594,271"/>
        <TextEquiv index="1">
          <Unicode>E ſtatione fores torquet multiſque ſuorum</Unicode>
        </TextEquiv>
      </TextLine>
      <TextLine id="r0_l012">
        <Coords points="91,300 91,329 615,329 615,300"/>
        <TextEquiv index="1">
          <Unicode>Mœnibus immiſſis portis bipatentibus aſtat</Unicode>
        </TextEquiv>
      </TextLine>
      <TextLine id="r0_l013">
        <Coords points="1,315 1,339 40,339 40,315"/>
        <TextEquiv index="1">
          <Unicode/>
        </TextEquiv>
      </TextLine>
      <TextLine id="r0_l014">
        <Coords points="664,330 644,332 91,330 91,361 100,356 131,356 146,359 531,359 591,361 664,361"/>
        <TextEquiv index="1">
          <Unicode>Horret Euamerion, tanto incumbente tumultu,</Unicode>
        </TextEquiv>
      </TextLine>
      <TextLine id="r0_l015">
        <Coords points="611,362 531,360 426,361 99,359 96,359 93,362 91,362 91,386 151,388 611,388"/>
        <TextEquiv index="1">
          <Unicode>Tela inimica videnu, infuſoſque arce potiri</Unicode>
        </TextEquiv>
      </TextLine>
      <TextLine id="r0_l016">
        <Coords points="1,372 1,399 37,399 37,372"/>
        <TextEquiv index="1">
          <Unicode>e</Unicode>
        </TextEquiv>
      </TextLine>
      <TextLine id="r0_l017">
        <Coords points="599,391 379,389 90,389 90,415 99,416 166,418 599,419"/>
        <TextEquiv index="1">
          <Unicode>Terrigenas, magnoq; Deos clamore ſatigat,</Unicode>
        </TextEquiv>
      </TextLine>
      <TextLine id="r0_l018">
        <Coords points="1,400 1,422 31,422 31,400"/>
        <TextEquiv index="1">
          <Unicode>a</Unicode>
        </TextEquiv>
      </TextLine>
      <TextLine id="r0_l019">
        <Coords points="618,420 90,418 90,444 113,446 251,446 262,448 618,448"/>
        <TextEquiv index="1">
          <Unicode>Diuerla in regione arcentes turribus hoſtem.</Unicode>
        </TextEquiv>
      </TextLine>
      <TextLine id="r0_l020">
        <Coords points="726,448 91,448 91,475 726,476"/>
        <TextEquiv index="1">
          <Unicode>Nec mora. Tyndaridæ gemini, Cepheûſque, generque</Unicode>
        </TextEquiv>
      </TextLine>
      <TextLine id="r0_l021">
        <Coords points="89,477 89,506 621,506 621,477"/>
        <TextEquiv index="1">
          <Unicode>Accelerant pedibus piger carus applicat alas,</Unicode>
        </TextEquiv>
      </TextLine>
      <TextLine id="r0_l022">
        <Coords points="90,506 90,536 665,536 665,506"/>
        <TextEquiv index="1">
          <Unicode>Magnus &amp; aduerſos celerem ſuror vrget in hoſtes</Unicode>
        </TextEquiv>
      </TextLine>
      <TextLine id="r0_l023">
        <Coords points="639,537 90,536 90,563 168,565 639,566"/>
        <TextEquiv index="1">
          <Unicode>Non altier, quam ſi Arſacidæ, arthiq; fugaces</Unicode>
        </TextEquiv>
      </TextLine>
      <TextLine id="r0_l024">
        <Coords points="1,555 1,577 47,577 47,555"/>
        <TextEquiv index="1">
          <Unicode>,</Unicode>
        </TextEquiv>
      </TextLine>
      <TextLine id="r0_l025">
        <Coords points="657,570 633,567 89,566 89,593 657,595"/>
        <TextEquiv index="1">
          <Unicode>Immineant Argis, Agamemnoiiſq; M ycenis,</Unicode>
        </TextEquiv>
      </TextLine>
      <TextLine id="r0_l026">
        <Coords points="666,596 89,595 89,624 666,624"/>
        <TextEquiv index="1">
          <Unicode>Iamq ue forum iminiſci teneani poitiſq; recepti,</Unicode>
        </TextEquiv>
      </TextLine>
      <TextLine id="r0_l027">
        <Coords points="638,626 625,625 133,624 88,625 88,652 638,653"/>
        <TextEquiv index="1">
          <Unicode>Accipiant ſocios paſſimque incendia voluant,</Unicode>
        </TextEquiv>
      </TextLine>
      <TextLine id="r0_l028">
        <Coords points="1,646 1,683 39,683 39,646"/>
        <TextEquiv index="1">
          <Unicode/>
        </TextEquiv>
      </TextLine>
      <TextLine id="r0_l029">
        <Coords points="825,684 874,684 874,658 865,658 864,655 816,655 816,688 819,688"/>
        <TextEquiv index="1">
          <Unicode/>
        </TextEquiv>
      </TextLine>
      <TextLine id="r0_l030">
        <Coords points="426,682 621,683 624,682 624,655 88,654 88,684 135,684 145,682 340,682 380,684"/>
        <TextEquiv index="1">
          <Unicode>Imperi m co.t Ariuum, vireſque relaſgæ</Unicode>
        </TextEquiv>
      </TextLine>
      <TextLine id="r0_l031">
        <Coords points="875,685 825,685 815,692 815,711 821,715 875,715"/>
        <TextEquiv index="1">
          <Unicode/>
        </TextEquiv>
      </TextLine>
      <TextLine id="r0_l032">
        <Coords points="314,712 392,711 488,711 504,713 523,713 533,711 672,712 672,683 426,683 380,685 340,683 145,683 135,685 90,685 90,711 160,711 200,713 241,713 244,715 309,715"/>
        <TextEquiv index="1">
          <Unicode>Incluſimque hoſem inachio vi otbe reulſom,</Unicode>
        </TextEquiv>
      </TextLine>
      <TextLine id="r0_l033">
        <Coords points="381,741 719,741 719,712 533,712 523,714 504,714 488,712 392,712 314,713 309,716 244,716 241,714 200,714 160,712 90,712 90,739 127,739 170,742 301,741 318,743 359,743"/>
        <TextEquiv index="1">
          <Unicode>Rutfus agunt Ephaemltra Nahatha aque rega.</Unicode>
        </TextEquiv>
      </TextLine>
      <TextLine id="r0_l034">
        <Coords points="719,742 381,742 359,744 318,744 301,742 119,742 119,769 124,770 719,771"/>
        <TextEquiv index="1">
          <Unicode>Primus Amas d. gn a que in ia miinantm</Unicode>
        </TextEquiv>
      </TextLine>
      <TextLine id="r0_l035">
        <Coords points="416,799 580,800 580,773 480,771 147,772 80,767 75,764 39,764 39,797 44,801 72,801 75,799 289,801 316,797 331,797 342,798 349,802 410,802"/>
        <TextEquiv index="1">
          <Unicode>Ibat in Inion, portquèlim ine raptum</Unicode>
        </TextEquiv>
      </TextLine>
      <TextLine id="r0_l036">
        <Coords points="120,828 211,829 245,831 392,831 400,826 400,813 397,809 393,807 350,807 349,803 344,800 303,800 289,802 86,800 86,826 93,826 101,832 112,832"/>
        <TextEquiv index="1">
          <Unicode>Fndit humim pulſc ge</Unicode>
        </TextEquiv>
      </TextLine>
      <TextLine id="r0_l037">
        <Coords points="702,799 628,799 622,801 416,800 408,804 409,820 412,824 419,826 702,827"/>
        <TextEquiv index="1">
          <Unicode>inter tempora cæſtu.</Unicode>
        </TextEquiv>
      </TextLine>
      <TextLine id="r0_l038">
        <Coords points="625,831 621,830 521,831 397,829 392,832 347,833 312,831 245,832 211,830 120,829 112,833 101,833 93,840 86,842 86,858 625,858"/>
        <TextEquiv index="1">
          <Unicode>liC Caſtor ecques, deslata pes smina vectus,</Unicode>
        </TextEquiv>
      </TextLine>
      <TextLine id="r0_l039">
        <Coords points="171,888 363,889 375,886 388,886 409,889 488,887 606,888 622,887 622,860 172,860 161,862 127,861 125,862 112,860 51,860 43,857 38,857 38,888 66,888 74,890 135,890"/>
        <TextEquiv index="1">
          <Unicode>,gium foma iuuenem ptentibus anni:.</Unicode>
        </TextEquiv>
      </TextLine>
      <TextLine id="r0_l040">
        <Coords points="729,888 488,888 443,890 409,890 399,888 391,888 386,890 171,889 135,891 99,890 84,891 84,916 165,918 729,918"/>
        <TextEquiv index="1">
          <Unicode>Pntoagit, iam iamuc in ia, ſimiliſqe ienenti.</Unicode>
        </TextEquiv>
      </TextLine>
      <TextLine id="r0_l041">
        <Coords points="608,918 392,918 219,920 187,920 164,918 84,918 84,946 362,947 375,945 417,944 426,947 608,947"/>
        <TextEquiv index="1">
          <Unicode>ernitur at ſolers in gurum flecrere curſum,</Unicode>
        </TextEquiv>
      </TextLine>
      <TextLine id="r0_l042">
        <Coords points="641,949 634,948 442,949 426,948 417,945 400,945 362,948 234,949 72,947 69,945 3,945 3,974 146,977 209,977 233,975 344,977 446,972 481,973 498,976 527,977 641,977"/>
        <TextEquiv index="1">
          <Unicode>ii ndere ſus abit, dextrx que ciit auaram.</Unicode>
        </TextEquiv>
      </TextLine>
      <TextLine id="r0_l043">
        <Coords points="607,981 576,978 498,977 481,974 408,974 378,977 344,978 311,977 300,978 274,976 233,976 209,978 84,977 84,1006 469,1006 477,1004 479,1002 493,1005 607,1007"/>
        <TextEquiv index="1">
          <Unicode>Hoc mgis effuſis deſæuit Cts habenis,</Unicode>
        </TextEquiv>
      </TextLine>
      <TextLine id="r0_l044">
        <Coords points="621,1008 77,1007 60,1009 38,1008 38,1033 43,1034 621,1034"/>
        <TextEquiv index="1">
          <Unicode>Dumque fero inſtat t ics &amp; anhela lupatis</Unicode>
        </TextEquiv>
      </TextLine>
      <TextLine id="r0_l045">
        <Coords points="106,1064 632,1064 645,1063 645,1036 501,1036 474,1039 448,1039 435,1037 403,1036 39,1036 39,1066 79,1066"/>
        <TextEquiv index="1">
          <Unicode>Ora quatit, fruſtraque fodit caicaribus armos.</Unicode>
        </TextEquiv>
      </TextLine>
      <TextLine id="r0_l046">
        <Coords points="732,1068 730,1068 727,1064 633,1064 587,1066 108,1065 82,1066 82,1091 86,1092 732,1093"/>
        <TextEquiv index="1">
          <Unicode>Deſlit in cœlum. &amp; sæuum it pedes acer in hoſtem,</Unicode>
        </TextEquiv>
      </TextLine>
      <TextLine id="r0_l047">
        <Coords points="673,1095 1,1095 1,1125 32,1125 39,1120 92,1121 99,1125 126,1125 130,1123 205,1125 673,1125"/>
        <TextEquiv index="1">
          <Unicode>2t Cum clamore ruens mage, tandemque coactum</Unicode>
        </TextEquiv>
      </TextLine>
      <TextLine id="r0_l048">
        <Coords points="612,1125 425,1125 393,1127 354,1127 130,1124 123,1128 101,1128 95,1123 77,1123 77,1152 612,1152"/>
        <TextEquiv index="1">
          <Unicode>bbuli in cia o daiarum errore viarum</Unicode>
        </TextEquiv>
      </TextLine>
      <TextLine id="r0_l049">
        <Coords points="78,1153 40,1152 36,1150 1,1150 1,1186 78,1186"/>
        <TextEquiv index="1">
          <Unicode/>
        </TextEquiv>
      </TextLine>
      <TextLine id="r0_l050">
        <Coords points="632,1156 632,1181 744,1181 744,1156"/>
        <TextEquiv index="1">
          <Unicode>Occupat</Unicode>
        </TextEquiv>
      </TextLine>
      <TextLine id="r0_l051">
        <Coords points="432,1157 432,1178 491,1178 491,1157"/>
        <TextEquiv index="1">
          <Unicode>G 2</Unicode>
        </TextEquiv>
      </TextLine>
    </TextRegion>
  </Page>
</PcGts>
