888 1312
320 83 507 104 LIBERIIIE
90 122 611 153 Acrioac Marnas, ſtructque ex agere Diui
92 153 664 181 Obſiunt, la cerumque manu crudeliter ambas
91 183 627 212 Det arbant, megna muri cum patte reuulſum.
122 212 546 241 Emicat ſenios fraterni funeris vltor,
90 241 673 270 Moliturque aditum, atque effracto cardine vulſas
91 271 594 300 E ſtatione fores torquet multiſque ſuorum
91 300 615 329 Mœnibus immiſſis portis bipatentibus aſtat
91 330 664 361 Horret Euamerion, tanto incumbente tumultu,
91 359 611 388 Tela inimica videnu, infuſoſque arce potiri
90 389 599 419 Terrigenas, magnoq; Deos clamore ſatigat,
90 418 618 448 Diuerla in regione arcentes turribus hoſtem.
91 448 726 476 Nec mora. Tyndaridæ gemini, Cepheûſque, generque
89 477 621 506 Accelerant pedibus piger carus applicat alas,
90 506 665 536 Magnus & aduerſos celerem ſuror vrget in hoſtes
90 536 639 566 Non altier, quam ſi Arſacidæ, arthiq; fugaces
89 566 657 595 Immineant Argis, Agamemnoiiſq; M ycenis,
89 595 666 624 Iamq ue forum iminiſci teneani poitiſq; recepti,
88 624 638 653 Accipiant ſocios paſſimque incendia voluant,
88 654 624 684 Imperi m co.t Ariuum, vireſque relaſgæ
90 683 672 715 Incluſimque hoſem inachio vi otbe reulſom,
90 712 719 743 Rutfus agunt Ephaemltra Nahatha aque rega.
119 742 719 771 Primus Amas d. gn a que in ia miinantm
65 764 580 802 Ibat in Inion, portquèlim ine raptum
86 799 715 832 Fndit humim pulſc ge
86 829 625 858 liC Caſtor ecques, deslata pes smina vectus,
65 859 622 890 ,gium foma iuuenem ptentibus anni:.
84 888 729 918 Pntoagit, iam iamuc in ia, ſimiliſqe ienenti.
84 918 608 947 ernitur at ſolers in gurum flecrere curſum,
65 944 641 977 ii ndere ſus abit, dextrx que ciit auaram.
84 974 607 1007 Hoc mgis effuſis deſæuit Cts habenis,
65 1007 621 1034 Dumque fero inſtat t ics & anhela lupatis
65 1036 645 1066 Ora quatit, fruſtraque fodit caicaribus armos.
82 1064 712 1092 Deſlit in cœlum. & sæuum it pedes acer in hoſtem,
65 1095 673 1125 2t Cum clamore ruens mage, tandemque coactum
77 1123 612 1152 bbuli in cia o daiarum errore viarum
632 1156 744 1181 Occupat
