888 1312
270 67 670 93 ALMIBELLICIGNT
135 105 739 136 Magnanimum Saturnum & fata extrema ſequutus:
137 135 697 167 ercipe port, animo quæ nunc audacia ſurgat:
136 164 632 195 Vndiqnè nos circumfuos, at idonea furtis
136 194 667 224 Tem pora cœca vides, & amica ſilentia Lunæ:
139 223 727 253 Subſidunt ſtrepitus. obſcuraſque arma per vmbras
138 253 685 282 Rara micant: Certe captum me poſſe parentem
137 283 662 311 Aſſerere hoc cœlo ſperarem, ſi modo necdum
137 312 633 342 AIte Typhoea crudelibus occubat vmbris.
137 343 667 371 Faa ſat eſt duri mihi cognita carceris:illum.
138 372 712 401 Si modo ſorſque Deuſque iuuent, reperire Ciliſſis
136 401 580 423 Poſſe reor terris. aut alti vertice Tauri.
164 431 676 460 Mercurii obſtupuit dictis perculſus Apollo,
134 460 619 488 Immotoſque tenens oculos aſfatur amice
136 490 721 520 Germanum. Deus hunc ardorem mentibus addit,
136 520 646 548 O penitus dilecte. mihi ſequere omnia tanta
135 549 664 579 Quiſquis ad illa ocat felicibus vtere cœptis:
135 579 681 607 Per te parta ſalus: in te cœlum omne recumbirt:
142 608 657 637 u poreris, ſ fata velint, reuocare parentem,
134 637 631 666 Et miſeros tanta formidine ſoluere Diuos.
138 667 633 699 Si viſurus eum viuo, mihi ſi illius vnquam
136 696 610 720 Ore ftui coram dabitur. iam lucis & auræ
138 726 692 758 Amplius vſuram haud cœleſtis degener optem,
134 754 705 788 Tum me nulla dies, dum ſpiritus hos reget artus,
134 785 668 816 Immemorem arguerit: vos alta ſilentia noctis
134 813 660 846 Conſcia dictorum, & præſentia ſydera teſtor:
133 843 690 874 Per Styga polliceor per quam pater ante ſolebat,
132 871 649 906 Si datur immanes saperare parente recepto,
132 902 661 936 Terrigenas & parriri ſpolia ampla Gigantum,
131 930 659 962 Vidiſti qibus Eurymedon exſultet in armis,
131 960 614 993 Purpureis lætus criſtis, auroque coruſcus?
129 988 685 1024 pſim illum rlaraca tbi conumque rubent em
128 1018 644 1050 Inſignis gaieæ exciam, tua munera frater.
126 1047 644 1084 Inſuperà genitore bonis donabere quantis?
126 1077 687 1110 Qualis eris? ſemper laudem tua facta merebuut.
121 1106 586 1143 loria ſemper erit, nullo delebilis æuo.
717 1149 777 1171 Dum
