888 1312
269 72 680 93 IocL V --AN
151 108 693 139 Præſentemque feret præſentia noſtra ſalutem.
152 139 743 167 Nunc ſimilis fortuna premit, commune periclum
152 168 754 199 Nunc erit, & caſus vos tandem amplector in omnes,
152 197 728 228 Nec ſine mente reor, fati aut ſine numine factum,
151 228 728 254 Pulſus in exſilium vt maior mea regna viderem,
150 257 703 287 Vicorſque Deos. Nam nunc ni red us aſttis,
152 287 669 317 Imperioque forem cœli, nil certius omnem
152 316 771 346 Quàm Libiamque Aſiamq; horrendo ad ſic era bello
152 346 670 376 Ventursm & toto auſuros inſurgere mundo.
151 376 775 404 Nun c melius ſerandum erit: hæc ſuprema manebunt
150 406 657 434 Exitio poſitura modum diſcrimina noſtro.
150 435 724 458 Numina ulla obtant: solis ſunt fulmina Diuis.
148 466 685 495 Atqu irmerttles mortali vrgemur ab hoſte:
149 495 701 523 Et tra darus adauc? Ehauſta pericula teſtor
149 523 740 558 C eri itfenmque ygem Si perdere gentem
146 555 657 583 Titan immaaem alu, perdentur & ipſi
150 586 609 612 Terrige. eſ licet in miracnla rerum
151 612 741 644 Omnia onuerta t, cœlumque in Tartara ſoluant.
151 644 711 672 Tu tantùm oer opem Rhea voſque tenacia fata,
154 672 671 702 Quæ Diuûm gexus æternum ſeruatis & aſtra
151 704 589 734 Noſtros euerſo reditu ſuecurrere ſecl
150 733 709 764 Nè prohibote ſa:tis iam pridem ſanguine noſtro
147 764 728 793 Imperio profugm luimus pnlamque parentem.
179 793 666 823 ic ait & ſubit concurſu acedere magno
144 822 739 853 Alciden, aceumque videns, geminoſque Lacones,
148 852 696 884 Cœleſtmque alios, quos in diuerſa Gigantum
145 882 656 911 Vis tulerat pen.tuſque aliis diſtraxerat ors,
147 912 657 936 Vulnere fe ſſus adhuc media teſtudine cœli
148 942 695 974 Sirecipit, ſoliqne animosſpecuatur ab alto.
148 972 684 1002 At e ſub ingenti dum luſtrat ſingula turba,
145 1002 709 1031 Matortem opperiens, curius ſine orpore amici
146 1032 721 1062 Agroſcit lacrymans, quem non virtutis egentem
145 1058 640 1093 Victor Aloides. iam multa cæde cruentus,
142 1090 655 1120 Eceptum vaſti concluſerar obiice montis.
141 1121 740 1153 Tum vero ingentem gemitum dat pectore ab imo,
739 1151 808 1181 Dum
