888 1312
86 111 735 148 A ceelerant atque arma quibus cœlum omne ptebant
86 145 581 171 AIcadi, Vnius in meri onuerſa tulerut
86 176 620 202 xitum. timuit n ſtti exterr: tuas Herms,
86 205 587 237 Molituq fugm naec ſe celare rairis
86 235 636 266 Amplius, aur huſtem potuit perruentem.
86 263 637 295 Fit voluce:: radem quoq; veta volucris, abitq;
86 293 584 324 Ibidis in fatiem penniſq; nigraiibus as
88 323 603 356 Spargt, & ad fuſum ſeptena per oſtia iaa
89 353 584 386 Alat hic odii maet iuſaaiile vlnus.
88 383 599 415 Depeuoſq; ore eeicet crudeliter eiguas,
88 413 595 445 Progenis ſanie faſoq; cruore Gigantum
149 441 664 472 Sænitasxax Typhon, nec qsa ratione ncere
86 471 642 503 Poſſit, & extractos in planumfrundere Dinos,
90 500 627 532 Inenit atq; iterum ſe ſe in a catra rece pit.
91 531 603 562 Ceu lupus inſidias explorat oli ircum,
91 559 686 592 Cum gregibus nocturnus obaimat ex citus ante
91 590 591 621 E ſyluis pecudum balatibus: acrior iiium
91 613 668 650 Cura domat, creſcitq; fames ieiuna, quod au lit
91 649 606 678 Matris ab vberbus, tuiſq; cbilibus agnos
92 678 575 704 Ludere ſe eluſum ſtabilis excludier altis.
152 704 686 740 Iuppiter intus adhuc, hoſtiliq aggere ſeptus,
92 736 648 770 Ingratas trahit arte motasnum poſſet inquam
93 760 737 798 Elicre ad pugnam atque in apertum educere vallm
91 795 613 829 Terrigenas nulloque potiri ſanguine victis.
94 823 697 857 Arnma ſed apta operideſunt, quibus hoſtis ahenas
94 856 611 886 Arietet in pottas fandamenta domorum
94 884 552 915 Funditus exſtirpet: faſtiia vellere recti
94 915 625 945 Falcibus ignotuim ,atq, acta teſiudine muros
96 943 609 976 Quaſare erectaſq; in mœnia tllere ſcalas
96 972 683 1005 Erg moræ impaien ne quem frtuna retardet
97 1002 624 1032 TtItiote vntum, & poſt ad peiora ſetet
95 1030 722 1062 Pa:rtlert. ati had peri quod diſtnes Eem
97 1063 677 1094 Pe ſadem, niinudet ſangine cœi .
97 1093 681 1126 Qu so timus denſi cicmſtaur unli ue p5
99 1124 666 1158 Os e s Ca:t cur ind cores i c it
658 1153 733 1171 S.
