888 1312
692 78 734 94 Io9
296 79 514 97 T.
76 111 735 148 A ceelerant atque arma quibus cœlum omne ptebant
84 145 581 171 AIcadi, Vnius in meri onuerſa tulerut
1 165 49 193 i
83 177 620 202 xitum. timuit n ſtti exterr: tuas Herms,
83 205 587 237 Molituq fugm naec ſe celare rairis
85 235 636 266 Amplius, aur huſtem potuit perruentem.
85 263 637 295 Fit voluce:: radem quoq; veta volucris, abitq;
1 288 46 321 u
86 293 584 324 Ibidis in fatiem penniſq; nigraiibus as
88 323 603 356 Spargt, & ad fuſum ſeptena per oſtia iaa
89 353 584 386 Alat hic odii maet iuſaaiile vlnus.
88 383 599 415 Depeuoſq; ore eeicet crudeliter eiguas,
1 410 44 443 ui
88 413 595 445 Progenis ſanie faſoq; cruore Gigantum
149 441 664 472 Sænitasxax Typhon, nec qsa ratione ncere
42 471 642 503 Poſſit, & extractos in planumfrundere Dinos,
90 500 627 532 Inenit atq; iterum ſe ſe in a catra rece pit.
1 529 45 558 i
91 531 603 562 Ceu lupus inſidias explorat oli ircum,
91 559 686 592 Cum gregibus nocturnus obaimat ex citus ante
91 590 591 621 E ſyluis pecudum balatibus: acrior iiium
91 613 668 650 Cura domat, creſcitq; fames ieiuna, quod au lit
1 622 45 655 i
91 649 606 678 Matris ab vberbus, tuiſq; cbilibus agnos
92 678 575 704 Ludere ſe eluſum ſtabilis excludier altis.
1 681 46 707 t
152 704 686 740 Iuppiter intus adhuc, hoſtiliq aggere ſeptus,
1 712 55 746 us
92 736 648 770 Ingratas trahit arte motasnum poſſet inquam
93 760 774 798 Elicre ad pugnam atque in apertum educere vallm
91 795 613 829 Terrigenas nulloque potiri ſanguine victis.
94 823 731 857 Arnma ſed apta operideſunt, quibus hoſtis ahenas
94 856 611 886 Arietet in pottas fandamenta domorum
94 884 552 915 Funditus exſtirpet: faſtiia vellere recti
94 915 625 945 Falcibus ignotuim ,atq, acta teſiudine muros
1 915 45 952 i
96 943 609 976 Quaſare erectaſq; in mœnia tllere ſcalas
1 952 45 982 u
96 972 683 1005 Erg moræ impaien ne quem frtuna retardet
97 1002 624 1032 TtItiote vntum, & poſt ad peiora ſetet
1 1014 45 1045 u
95 1030 722 1062 Pa:rtlert. ati had peri quod diſtnes Eem
97 1063 677 1094 Pe ſadem, niinudet ſangine cœi .
1 1071 45 1098 5
97 1093 681 1126 Qu so timus denſi cicmſtaur unli ue p5
99 1124 666 1158 Os e s Ca:t cur ind cores i c it
658 1153 733 1171 S.
14 1158 67 1196 I
