888 1312
231 80 662 106 12AMBELLIGIGANT
137 120 690 151 Suſpicit, erecta ad cœlum & tria cormina dicit,
136 150 694 182 Carmine ſacrilegum quo offenſ depout aris.
136 181 585 209 Hoc ritu de more loci feſtiq peracto,
139 211 726 241 Ante ores raptn geminas Grattona tiucidant,
137 241 563 270 Iratæq; litant quæiita pia. ula Diaæ.
139 271 591 300 Erecta caput avulſum crudeliter no
139 301 665 331 Præfigunt, truncumq; alta de rupe volutant:
140 331 677 360 Quæq; prius niueo de marre fulſerat atra
139 360 618 389 Decolor ara rubet ſanie, affuſoq; cruore.
139 390 689 419 A Phœbe annue: it populus dubitabat at illa
140 420 721 449 Annuerat Scythiæq, omnes tremefecerat vrbes,
138 450 650 480 Tem piaq; metarat. exo conſtructa veiuſto.
139 480 607 503 Ex illo hæc ſeri ſacra ieruauere minores,
140 510 603 539 Atq; Thoanteæ truculcntiorora Dianæ
141 539 621 570 Aſſidua de cæde madet, ſemperq; cruore
140 569 773 600 Pingue ſolum & faciles humano n ſanguine dertræz,
142 600 676 629 Nec quiſquam euaſit ripam irremeabiis oræ.
171 629 691 654 At Tellure ſataduerſo iam Marte videntes,
142 660 629 689 Omnia qua rerum ia ceant perculſa ruina,
142 689 674 711 Diuerſi in cuneum eoeunt: ſublimibus haſtis
142 719 703 749 Ferreus horret ager, circumq; ardeſcit ab armis.
143 749 694 779 Se lateri agglomerat primus, reliquoſq; fatigat
143 778 635 809 Eumytus. inſignis facie & ditiſſimus agri
143 808 721 840 torum quem clarus Atrax patruuſq; Tomarus
143 837 771 868 Duti Do. opum addiderant popuiiſq; Mcloſſis,
144 868 692 897 Nec ir inlcquitur, eo hoſti fortiter oſfert
145 897 646 926 Im pi Aſtoeges, qio nrceleratior aiter
145 927 634 959 Orbe ft tC, q ol vtrumq, recurrens
145 956 720 988 Aſpicit Onam buerſiq; Aquilonibus Auſtri.
145 986 715 1018 Fama eſt ltic giauida quando puer editus aluo,
146 1016 655 1049 Præueniſſc pedes, capite in contraria verſo:
146 1046 661 1079 Qdq; tagis mirere. hilari riſi oe ſoluto,
144 1077 633 1108 Non tener enixus fleuit, nec vagiit infans.
145 1105 643 1136 Haud obſcura dedit tempus natale futuri
145 1134 704 1169 Signa mali : primo ortus tata ſigna ſequantur.
735 1156 831 1194 Nam
