888 1312
714 99 756 118 2
302 101 520 124 I
93 140 634 173 am furiis actus patrem obtruncauit ad aras
92 171 643 206 Longauum, matremq; ſcelus ne proderet ore,
94 201 581 233 Armentalis equi collo ſulpendit: at illam
94 232 632 264 Liber equus vinclis, campoq poritus aperto,
97 260 693 296 Teſqua per & dumos purq; iuuia ſaxa gementem,
99 290 672 322 Tendentemq; trahit palma, omesq vocantem
97 319 572 350 In ſua vota Deos gnatiq; immanie facta.
100 349 624 380 Sed non vota preceſq; vlli exaudita Deorum,
99 378 674 412 uamq. dedit gnato vitam, illo amiſit ademtam.
99 406 669 437 Nunc eriam vt ſceleri ſcelus addere. impia cœl
101 438 524 472 Prælia molitus tentatis excidit auſis
103 465 703 498 Nam ſubito aſſurgens telum inter denſa Deûmra
103 497 627 531 Agmina contorſit ſolumq; per agmina vento
104 525 596 558 Flmiois Aſtorgen affatum contigit igni
104 553 680 586 Delectus cadit ille, animarmq; relinquit in aſtris,
2 573 42 610 tm
104 585 653 622 Dum; ruit liquidis in nubibus ardet, & ltum
105 614 618 650 A. teta ſgnanuit Eamnis. ceu fulgura cœlo
107 642 693 676 Tran ſc urrur, rutiloq; ram ſplendore coruſcat
127 672 655 706 Eumytus lioc viſo, & caſi perculſus amici,
109 701 677 738 Terga dat: illum adens inſeſto vulnere Phœbnus
113 737 657 766 Inſec uitur, calamumq; repente per ærea terga
111 762 628 798 Traſadigit: ruit ille ſolo, celeremq; ruina
113 789 713 825 Cum ſt dedit, & pronus terram ore momrdit.
112 820 687 856 Ft gemitus morientûm, eademq; ad fata vocartos
112 849 703 886 Fat iuire e em: tum, qui Calydonids omns
114 879 647 909 Tctt amore Deas, Naupuacteus P hiloarthes
118 911 616 944 iſtonis occiſus dexra ſecurus amorum
114 938 664 974 Oppetit: vtin ſponiæ præcepta moneis
112 969 605 997 Audiſſet. nec Cœleſtûm veniſſet ad arma,
115 997 645 1032 Sæpius ille quidem Tanaræ genitoris ad ædes
857 1008 886 1024 II
113 1025 696 1061 Reſpexit: ſubeunt curæ, ingeminantq querelas
115 1057 654 1088 Nox & amer: vox ipſa Eraten& frigida lingua
116 1089 693 1120 Conclamans, Eraten morienti immurmurat ore,
117 1115 663 1149 Conſonat oppoſitis Eraten connallibus Echo,
117 1145 656 1175 Sola tot Atolas inter celeberrima nymphas
702 1175 786 1207 Quem
11 1178 36 1204 u
