888 1312
92 91 597 124 si te tite tuas venerantur munere ad aras
91 127 662 161 ll Tænariæ Aoniæq, nurus & ittheiaq; Trocen,
92 158 621 191 Has te per lacrymas per ſi quid dulce reliquit
95 188 587 219 Exſtinctns pudor it furtuæ gaudia noctis
96 218 691 250 Vnum oro, quod forte dabis: nam gratus honorem
98 248 653 280 Saltem aliquem erepta pro virginitate reſeruas,
91 276 672 308 Exue commotam, victus prece ſupplice, mentem
97 307 664 338 Luctantemq. animam genitoris, & ægra reſolue
92 335 637 364 i Pectora, ſuprmaq; oculos in morte natantes
99 367 693 398 Vt tumulum ſtatuam. & tumulo ſolennia mittam
129 395 637 426 Talibus orantem dictis & plura volentem,
92 425 640 454 Auit, ingemuitq; Deus miseratus amantem.
99 456 682 486 Tergem inamq; Hecaten teſtatus, aquaſq. ſilestes
92 483 650 515 vTer fontem tetigit, ter ſingultantia cordaa
100 514 653 546 Concuſſit, vacuaſq, animam diffudit ia aurat
91 543 653 573 Contuliſq; ſimul liquefactus in c ſiibus humor
91 574 623 604 t Soluitur & primum riuos parit, inq; paludes
92 603 596 637 Diffluit & tenera prætexit arundine ripas.
100 633 681 666 Tandem etiam yciis fit maximus amiss arenis,
100 663 617 691 Vixq; lacu, & pleno fluuii ſe continet aluco,
101 690 738 722 Tam ſubitæ vis feruet aquæ poſt uam ipa Tonante
92 723 679 754 Fata petit, cupiensq; iterum coniurgere in altum
92 751 590 784 Aggeribus ruptis, imo Pampiliafundo
103 782 640 812 Stagna ciet tumidus, vetereſq; reſuſcitat itas.
102 811 615 841 Cum tamen aërias ſedes ſit adire negatum,
91 839 601 870 In populos vrbeſq; furit, ſyiuaſq; olutans.
103 868 681 901 Cum ſtabulis armenta rapit, natat agmite denſo.
101 958 611 990 Non pice torrentes atraque vora ine rpas
102 986 680 1021 Hoirreſcens, imisque Acheronta irridet Auernis.
104 1017 713 1048 Nauita quam Stygia vt primum conſpexit ab vnda,
103 1046 642 1077 Traitcit extemplo Cocytum, & rauca fluenta,
92 1073 686 1112 is Ingentemq; rati capit vmbram: occupat alnum,
92 1104 703 1141 Perq; foroiuga, tranſta, & totum mole phaſelum
685 1144 758 1167 Fori-
