888 1312
260 52 699 80 IsALMRELLIGIGANT.
158 91 819 131 Porrigitur, quo d non Thſtus cum fratre, nec auda;
160 123 664 153 Fecerat Alcides, aimæ no mille priores:
160 152 695 183 Vtque latus moit, valio lub pndere cymba
162 181 683 213 Ingemuit, medi ſq haton effuſis i dis
161 213 662 243 Exciderat pup i, ni proinus antennatum
146 240 729 272 Cornua rapta ſenem ſeru nt funereantam.
164 272 730 302 Ille timens properabat iter, curſmqrrebat
164 302 731 334 Iam medium, auulſæ ta buls cum tgsiteræ,
165 332 678 362 Nudatiq; labant cunei fuit vndique rmis
165 362 790 392 Tarda palus latera obſtruit ille, atque egerit vndas,
163 393 652 422 Feſtinatque ſimul, ſuperato grgite regis
164 423 664 447 Donec in aduerſo ſceleratos littore manes
164 454 736 483 Expoſuit, nil Ditem & Tarrara cœca timentes.
165 483 661 512 Sed faſis impatiens ieiuno Cetberus ore
165 513 704 542 Corripit, ambeſis dapibus fcuſtrisque relictis,
165 544 695 573 Erpoſitos, epuliſque vacat geaialibus antro.
194 573 825 602 Fit ſtrepitus clamorq; De ûm Euiymedonte peremto
165 603 747 633 Phæa co urymednte, vno quo ſoſp:te nunquam
166 633 677 663 es equidem victæ cœli terræque fuiſſent.
167 664 693 693 Atton.iti contra percuſſa mente profundunt
168 694 789 724 Terrigenæ lacrynas, & queſtubus omnla complent.
166 724 645 753 Muita viri vittus, multo pectata labore
167 753 680 784 Occurſac ſixique hærent ſib pectore vultus,
167 784 732 813 Qualis era quantuſque aris, crudele Tonanti
167 813 749 842 Cum ſtruerettfatum & rerum affectaret hbenas.
168 842 824 875 Qiſ e ſua ducis i eritum quam morte redemtum,, C
167 874 695 902 Vele & ætherias reuocari ad luminis au:as:
168 902 723 934 i nibus vnus am cthum pro rege paciſci:
168 932 734 963 Sic indignanſtes au mios cun uurmusc magno
167 963 746 995 Iia lorque cqurunt. ccinunt ind gna ſuorum
167 993 824 1029 uera nec quidquam nſi pule run occurrit in armis
165 1022 765 1055 Ait cader, nut hoſt, fœdus dase terge ſequenti:
169 1052 726 1084 Con iſq fu termirt eiepal am.
168 1084 696 1116 M. I. iIola ſateſt, &eed iſia1us,
167 1116 663 1146 lac . (t ap ad sæls ics,
741 1147 824 1173 Iangu
