888 1312
731 63 774 82 ID
299 69 613 91 LB
114 106 694 136 Iorrorem immittit Superis atrumq; timorea
115 134 657 170 Palanteſque iterùm ſocios incertaque cogit
116 162 677 200 Amina, iam abiectis miſerè trepidantia ſiqgnis
117 188 738 226 Sed fruſtrà, namque vt primûm via facta per hoſtes,
117 221 695 257 Obuius haud quiſquam Diuis ſe impunè tuliſſet,
117 253 607 287 Aut virtute pari ſeſe oppoſuiſſet in armis.
117 280 722 316 Hic ſtrepitus fugientûm exaudiri, inde cadentun,
116 307 760 347 Lapfantumque ſolo gemitus: ſubito undiquë plango
116 340 655 376 Erigitur lugubris ad auras, corporaque alto
117 368 654 401 Caſa cruore volutantur: pugna aſpera ſrgit,
117 398 658 431 Et calido exundat perſuſum ſanguine cœlum.
117 427 629 462 Einc puer Ocbalius medijs in cædibus acri
118 455 706 492 Ardet equ, nuncq hos gladio.nunc excipit illos:
118 487 629 522 Immanemq; dari, corda inter ineria, votis
118 512 767 548 Enceladum aut pulſum deſcendere ad ama Typhoc
118 543 696 582 Optat ouans, hoſtemque vocat nec ſe capit vltrà.
119 573 690 610 Omphityum Pollux: Abiaſthum ſternit Apollo,
117 605 700 641 Iphidoonta ſoror: fugientem Aſclepius Arnum,
118 634 720 665 Anum, cuius amor Nymphæ Dodonides omnes
119 663 642 700 Occidit & Lycion, & iam longo obſicus æuo
119 696 653 728 Terpandras & vos, imperdita corpora ponto,
1 694 40 719 m
117 721 655 758 Launus & Orides quos tempeſtatibus actos
117 749 709 785 Penè ſimul præceps Neptuno immerſerat Eurus..
2 753 40 779 tu,s
118 779 672 811 Multa virum. nimia cæde atque cupidine ferri,
120 810 615 844 Corpora fuſa solo linquunt, nullaq; potiti
118 838 643 872 Præda abcunt. potius cunctis hoſtile tropæis
119 866 682 902 Ducentes iugulum, & caput à ceruice reciſum
119 898 639 929 Vnus Achæmenij vix telo elapſus Amani,
120 926 666 960 Cœus adeſt lacrymans, obteſtaturq; Typhoa
119 957 572 988 Rebus vt anlictis deſperatiſq; ſalutem
118 983 711 1020 Auxiliumq; ferat, cuncti quod & ore fremebant.
117 1015 711 1050 IIle quidem. at multum priſca virtute remittens,
118 1044 632 1074 Addere vim victis conatur, & agmine facto
121 1075 659 1103 iſtere fortunas iuum: ſed cogere in vnum
120 1104 621 1139 Goia nulla datur, nec reſpirare poteſtas.
713 1133 819 1156 Ti
526 1138 577 1159 I-
