888 1312
249 93 671 131 I34 AM B ANT.
117 134 586 167 Labitu: à terra ſpatio delapſus eodem,
126 160 733 199 Ad Phlegetonta venit. Nam lucida quantus ad aſtra
118 196 718 230 Suſpectus, tantùm in præceps patet ater uernus.
127 220 701 260 Increpuere fores ſcelerataque limina. poſtquam
123 251 607 284 Viuus ad in fernas immani corpore edes
120 281 655 313 Venit, & attonitæ tenues fine ſangune vitæ,
121 313 561 348 Elyſijs ateere aruis, campiſq; piorum
123 340 694 376 Pro ſe quiſq; parant: ille vmbras fortiter omes
120 369 646 406 Exsangues ſolo remouet, ſiue vulnere, ſlatu.
122 398 720 432 Hud ſecus ac fragiles culmos, ſtipuiaſq; volantes
129 428 699 458 Turbine verrit hiems, vacuas ſublime per aurs.
127 458 638 488 Audiit hoc omneſq; ereit crinibus angues
121 487 653 521 Tiſiphone, vltriciq; Gigen accincta flagcllo
134 517 635 551 Caſtigat, ſubigitq; hydris, vincitq; catenis
125 548 648 577 Et iam tempus erat quo prim irrorat Eous
122 576 659 610 Tellurem nitidoq; reteit lumine mundum.
125 605 678 638 Horror vbiq; animos, & plurima noctis imago
124 634 763 661 Terret adhuc cœlum, nondum oblitum ante malor.
131 665 607 696 Vix reparare diem, ſeniori auula marito:
132 695 612 724 Audet. & obſcuro Pallantias exit amictu:
125 723 622 756 Lunaque viragineo multum ſuffuſ rubore
124 753 605 783 Occulit aſperio rorantes ſanguine bigas.
125 783 642 813 Iuppiterat primam terris albeſcere lucem
131 812 721 842 Proſpicicns, leuiter ſemel intonat & ſimul omnos
123 842 705 872 Expediant iubet ama Dei, mox voce monentis
131 872 677 902 Corripit c ſtratis ſeſe cœlum omne, ruuntque
123 901 665 934 Qiſque rcpentino ſonitu, ſocioſque fatigant
125 932 679 959 Beli ad reliiquias: runc quos aurora morantes
129 960 591 990 Attigit, ignaros paſſim terræq; locique,
121 990 608 1015 os tulit ortadies, & inexorabile fatum.
122 1019 606 1049 Heroum in primis ſe matutinus agbat
126 1048 662 1078 Alcides, plenus virtuum animiqueenec vilis
120 1077 701 1107 Fractus adhuc damnis, ſeque ipſo maior in armis
116 1107 662 1135 Non aliter duris quàm tonſa bipennibus iſex
115 1137 693 1168 Damna per cædes, dextramq; ſecantis, ab ipſo
705 1166 777 1189 Ducit
