888 1312
76 121 709 153 Ducit opes ferro, atque apicem intra nubila condit,
79 152 664 181 Hunc circumſiſtunt totoque ſequuntur Olympo
86 182 538 211 Cœlicolæ, galeis & ahena luce coruſci.
79 211 677 242 Proſpectum ille petit ſpecuis, ſi forte T yphocus,
90 241 708 271 Aut quiſquam occurrat medius de gente Gigantums
80 271 678 300 Hoſtem in conſpectu nullum totoæquore campi
82 299 636 328 Offendit vacuoſque videt ſine milite montes:
89 328 650 357 Tantumanimæ viles inumata, infletaq turba
90 357 682 388 Strata iacet circum nondumque infoſſa ſepulcris.
81 388 699 416 Hanc tamen aſpectat lacrymans, primoq; iuuenta
90 416 634 446 FIure ſtpet fractambllo, fatiſque repulſam.
80 445 582 477 Abruptos etiaim montes, auulſaque veris
79 475 597 507 Saxa locis, terræq; ipecus miratur hiantes,
88 505 583 535 In quibus argenti riuos, æriſque metalla-
89 533 567 563 Inueniſse ferunt homines, auriq; repoſti
91 561 639 594 Ante quidem venas primum fluxiſſe recluſas,
91 593 652 624 Et ſpeciem miſti elcctri, ſubito vnde per orbem
91 622 666 648 Tam multæ ſcelerum facies, tam triſtis Erynunis,
92 653 622 682 Et fas atque nefas verſum prorupit, vt omnes
92 681 626 711 Cogat auarus opes, defoſſoque incubet auro:
83 707 665 741 Vnde iræ armorum, & clauſæ compagibus arctis
93 741 591 771 Bellorum verſo reſerantur cardine portæ,
95 769 584 800 Stricturæq; micant æris, ſilicesq; fluentes
83 797 654 829 Vulnifico chalybe, ardenti fornace liqueſcunt.
122 827 685 855 Ecce autem, ſocii melius dun ſinula luſtrant,
95 857 603 887 Accurrit mediis Siſenum elapſus ab armis
93 888 641 913 Infelix Cciadon, iam vulnerc tardus & annis,
85 915 663 948 Quem, dum victores Superi fugientibus inſtant,
27 947 629 996 Terrigenæq; metu cœleſtia limina linquunt,
94 975 580 999 Immemores ſocii ſolum ſub nocte ſilenti
28 1000 719 1035 Deſeruere, lacu hærentem, atque paluſtribus vndis
95 1036 605 1066 Isq; vbi non longe venientia territus arma
28 1063 689 1131 :a
92 1124 607 1155 Amplexus genua Alcidæ, molitur, & ignes
636 1150 753 1179 Atheris.
478 1157 534 1180 I4
