888 1312
226 68 536 94 LIBERIV.
685 72 725 94 I3
74 105 676 140 Saxa fretumque tui auctores genus omne ferarum
75 137 696 165 Sæuitiam dedit: hæc tibi ſed monumenta relinquo,
75 168 609 200 Non longum facto lætaberis: iimnnnet vltrix
79 197 586 227 Oeta tuo ſceleri, proprioq; ardebis ab igne,
77 227 602 256 Talibus ora impreſa ſolo mrientia condit,
78 255 570 287 Auertitq; oculos: ita in auras vita receſſit.
109 286 628 318 Panditur interea oppugnanuti regia lympi,
80 314 563 346 Obſoſſæq; domus:cœlo iuuat ire relicto,
78 345 602 376 Diſiectoſq; videre viros, moleſq; Gigantum
81 375 592 407 Spirantes, & adhuc immani cæde tepentes,
80 404 573 436 Vndiq; , viſendi ſtudio, ruit æthere ab alto
79 431 643 464 Diuum magna cohors:ingens concurſus ad ipſa
81 463 631 494 Corpora, iam letho. & toto luctantia uerno.
83 491 675 522 Sed mentem expleri ncqueunt: iuuatuſq; morari,
81 522 591 554 Et luſtrare oculis confuſæ ſtragis aceruum
80 550 631 582 Eumythus hic iace atq; ſuo ſe vulnere verſat
81 581 549 612 Aſtorges: hic ora modis pallentia mris
83 611 608 642 Neſcio quis toll, proprioq; cruore volutat.
83 639 595 671 Nec pater Ægus, non tanti expertia belli
85 667 678 697 Sunt maria: arua noua Neptunia cde rubeſcunt,
85 698 650 730 otq. virum ingentes in littore ſluctus aceruos
86 729 568 761 Proluit, t pelago motas innare putares
84 758 636 790 Cycladas, aut cetorum ex tare immania terga.
112 787 740 817 Turba ingens anximarum etiam iam luce carentum,
86 817 563 848 Ditis ad obſcuros nigra formidine lucos
85 844 625 876 Deſcendunt Erebiq; domos atq; intima lethi
85 875 694 903 Limina deueniunt, & Tartara murmure complent,
85 904 568 936 Expenduntq; ſuas pœ nas, furijſq; coactæ
85 935 607 964 Verbera ſæua pati, fundo voluuntur in imo.
86 962 682 995 Plures, quos ſtagnum haud paſſus tranſire ſeuerus
86 993 666 1025 Portitor obiectum hoſpitio prohibentur arenæ.
86 1023 684 1054 Millia tot nunquàm Stygiam impleure paludem
87 1053 668 1084 Exſequiarum inopes, & mortis honore carentes.
87 1082 580 1112 Ionio citius numeraueris æquore fluctus
88 1111 672 1146 Poma quod autumnus, quot flauas meſſis ariſtas,
698 1144 744 1164 Aut
495 1146 542 1167 I5
5 1147 35 1188 u
