888 1312
290 90 716 119 ALM .GITGANT.
154 127 712 160 Aut quod Iapygiam ſitientem examina vaſtant
149 160 742 190 Muſcaru eiguas cùm Titan contrahit vmbras.
144 188 711 218 ec datur irferiias miſeris tranimitere ripas
156 218 780 247 Hos dum pontus habet, venitque in littore verſat,
156 248 707 278 Illos mœſta parens nond ùm dignata ſepulcro
153 278 749 300 onec ad extremum Alcides in humata ſb vnam
155 308 718 337 Oſatulit Myconem & multa tumulauit arena.
153 337 729 367 uim demum admiſſi, remis vada liuida verrunt,
156 367 661 395 Cocytique ſecant rardas inamabilis vndas.
187 396 787 425 Sic primum ſors verſa fidem. atque incœpta fefellit
152 425 746 454 Terrigenum, profugos eadem fortuna ſequuta eſt.
147 454 703 483 Errabantque, acti terris. maria omnia circum:
155 483 644 512 Nunc vbi Pellæos aperitandauia ſaltus,
154 514 668 543 eredumque fluit mati gratiſſimus as
149 543 684 572 Nunc vbi conſurgunt vicina Ceraunia cœlo,
147 573 688 601 Et quondàm medio venit vi pontus, & vndis
155 601 626 630 Phœacum Epiro diductas abſcidit arces
147 631 772 662 Quidquid agant ſucceſſus abeſt, rcquieſque negatur.
155 662 728 691 Iuppiter ipſe inſtat pauidis, terretque timentes,
149 691 724 719 Multaque per cœcam molitus fulminanoctem,
155 720 688 750 Nititur Adriaco profugis ſe opponere ponto,
151 749 632 772 Sed fuſtrà vires Ionis exercentur iræ:
155 779 715 809 Vincit iter durum metus, atque per iia ducit
154 809 759 840 Equora:non Scyllæ centum. non mille C harybdes
147 836 679 866 Occluſiſle iam poterant, aut vertere cuſus
186 867 703 898 Quarta dies adoerat. ſtelliſque aurora fugatis
146 896 688 928 Oia rubeſcebat, prima cum lucper vmbrs
155 922 732 958 Obſcuri apparent colles, hnmiliſquc propinquat
154 954 674 980 Trinacris: à dextra ſe diua Lacinia & altum
145 984 662 1017 Promit Iapygium cum nauifrag Scylaceo.
153 1016 679 1043 Cautus at celadus, Siculis allabimur oris,
146 1043 683 1077 Exclamat, veterum decepti ererore locorum,
150 1073 727 1108 Excutimur curſu: Heſperiam Saturniaque arua
145 1101 670 1132 Eſt animus petere, & Tatij conſidere tcrris.
142 1130 824 1171 Flectite iter longe ad dextram, implacata Charbdis
751 1170 824 1189 Hc
