888 1312
1 51 46 70 t
1 70 45 90 I
176 85 709 110 1a40ALMBELLI GIGAT
844 104 886 141 ee
179 122 749 153 Viſus adeſſe pedum ſonitus, tractuq; gementem
179 152 754 182 Inſtrepere. & ſtrider? graui ſub pondere currum.
180 182 726 212 Ad ſonitum arrectæ mentes, ſubitoq; per auras
180 212 656 241 Ma ternos videre choros, ipſamq; relicta
180 242 725 269 Antandro, htiæ venientem montibus dæ.
181 272 738 300 Hei mihi qualis erat. vultu quam triſtis, ab illa
182 300 796 330 Quam Cybele mutta, prius quam inmmanibus auſis
860 320 886 345 di
182 330 763 361 Terraran domito imperium affectârat Olympo,
848 350 886 379 u
180 360 734 389 Captiuumq louem vinclis & carcere clauſim,
179 389 707 419 Frenare æternumq iugo ſubmittere Diuos.
2 412 27 426 ſu
859 414 886 431 M
181 417 725 448 Quanta ſpe deiecta venit: non ſplendida luxu
179 448 764 477 Regali aut picto clilamydem circumdata lymbo.
858 471 886 492 î
179 476 764 507 Textilibuſue crepans domis, & torqutbus aureis:
179 506 705 536 Non rubor & niueæ ſublucet purpura fronti,
180 536 764 564 Quique fuit longe eſt alius color horiida vultum
179 566 697 589 Deformat macies, & vix cuti; oſſibus hæret
180 596 749 625 Nec tantum dolor ille tuum Berecynthia pectus,
18 597 88 635 A
860 618 886 639 H
179 625 721 654 Tangit & idomitas mentcs. rationis egentes,
851 653 884 675 iIj
180 653 733 685 Neſcia humanis precibus manſueſcere corda
180 682 650 710 Aſſueti inperiis dominæ viſi ore leones
179 714 721 743 Inge.re & querulas in ftetum ducere voces:
862 739 886 759 lu
181 743 705 773 Non ſinare pedes, non colla comantia pexi,
178 771 669 802 Fuluaq compoſitis ornati tempora ſertis,
177 801 693 828 Ante velut plauiæ ſonitum ceruicis amaræ.
177 831 746 858 Vt propius tandem ventum eſt, & cernere coram
177 860 741 890 Gnatorum ora datum mœſtas expromere voces
178 889 718 921 Incipit iilacrymans. Verus mihi nuntius ergo
176 918 745 950 Venerat exſtinctam paſſamq; extrema triſulcis
175 948 717 981 Progeniem flammis? Eſt hæc promiſſa parenti
175 977 729 1009 Gloria, deuicto cœlo hæc ſpolia ampla refertis?
174 1007 696 1038 Fortunati amimi qui, ne quid tale viderent,
173 1036 688 1061 Fortiter occubuere vtinam ſublata fuiſſem
852 1063 886 1088 t
173 1065 816 1094 Iam pridem ipſa etiam, nec in hunc ſeruata dolorem.
174 1094 814 1128 Vellem equidem gelidas gnatis comes ire ſub vmbras.
852 1091 886 1120 lu
851 1120 886 1151 lſ
170 1124 649 1154 lmperio ia m promiſſo diffidimus: aſtris
755 1155 855 1181 Affe-
