888 1312
268 70 499 95 LIBER IV
680 75 718 95 I4
63 106 542 137 Affectamus iter fruſtra: ſperauimus illa,
62 136 627 166 Dum fortuna fuit nunc ſpes noua lactat, & illa
64 167 583 195 Irrita forſan erit, cœptiſq, ſimillima primis.
66 196 628 225 Si modo quem veſtrum diræ ſubducere pugnæ,
65 225 610 253 Et bello incolumem ſpereſſe Iyphoca detur,
68 255 640 286 Quo decus & primæ ſtirpis reuoce ntur honores,
66 284 623 313 Non equidem omnino Superis orbata viderer.
67 313 623 341 Sed fruſtra hæc voti nil proſicientibus, opto
65 343 589 372 Non vnquam dabitur, fatis auctorbus illum
66 372 653 402 His ſupereſſe malis: periit cum matre Typhous,
68 402 618 436 Quem fore Titanum vltorem caluſq leuamen
65 431 605 460 Rebar & hoc ſaluo mie poſſe reſurgere victam.
1 437 33 468 h
65 461 541 491 IIle mihi curas & bella peracta canebat,
1 470 32 492 s
66 491 564 520 Ille malis ſolamen erat poſt fata Meno & l
66 520 680 550 Magnanimi, & patrua conſperſum cædTonantem.
1 534 33 552 I
68 550 629 578 Quis lous, heu fili quæ te mara in via tardnt?
66 579 623 609 Te quibus errantem terris, quibus exſul in oris
67 608 610 639 Eiectum inueniami ſuperaſne & veſceris aura,
66 638 647 667 An procul ante diem, procul illacs ymailis Orco
65 669 613 699 Victima proſtcatus media i nhiumatus rena,
67 697 629 727 Supplicia exhauſti? vos. o mi teite gnatum,
65 727 680 757 BRedite conlpectum ille erit huic necicina furori
67 756 592 785 Si cœlo Supri excludant. t iebuiq;iaoſq;
66 785 536 815 vos capiant: iteegregii factiſq; celeures
67 814 650 845 Si tygias tranauitaquas tenburſque proſundas,
64 844 588 873 Imbelli fretus cyrhara, deſice i. dit ad vnbras,
65 874 650 903 Coniugis in lucem t manes arcerceret Orpheus,
64 903 521 933 Auſus idem fi, Pirithoo, iuratus amico,
65 933 562 962 gides, raptamq; ſemel tentare ma itam
64 962 599 990 Vos FPhlege tho, tardat vos interfuſa coereet
56 992 602 1022 Vnda Stygis;longo curuus vos portitor æuo,
66 1020 554 1051 Canitieſq; mouet defeſſa, & ſutilis alnus?
67 1050 550 1078 Cedite degeneres, non defen ſoribus iſtis
1 1071 36 1088 e
68 1080 651 1109 Me tegere atq; armis Superum defendere, nedum
1 1096 28 1144 l
65 1109 589 1140 Aſſerere imperium dabitur, cœloque potiri.
646 1140 709 1163 Talia
