888 1312
177 109 675 140 Talia cum gemitu miſtoq; profata furore,
173 140 639 168 Proripuit ſeſe ex oculis, inimicaq fugit
172 170 693 198 In nemus Idæum hic olli pulcerrimuc Atys
172 198 665 227 Reſpondet curis, & lenit amore dolorem.
173 228 762 257 Nec minus Eneeladus fugientem voce ſequutus,
174 257 719 288 Quo crudelis abis, clamat, quid ſurgis in iras?
176 288 678 316 Site gradum:dura quid inexorabiſis aure?
174 316 761 339 Nondum omis ſubiata salus. Sed torua tuente
173 346 704 375 Flectere non potuit, non emollire precando
204 375 706 405 Inde iter inſiſ:unt, non læta front repulſ,
173 405 634 435 Atq; illaudato recas Læſtrigone terras
172 435 738 465 Dcueniunt dictamq; ducis de nomine gentem.
173 463 693 493 Diditur hic ſubito vicina per oppida rumor,
172 494 662 524 Famaq; finitimas impleuit nuntia terras,
172 524 647 553 Ingenteſq; viros, ignotæ ſtirpis & ortus,
171 552 682 582 Adueniſſe ferunt ſublimi in principis aula.
171 582 743 614 Obſtupuere omnes animis populiq; patreſque,
173 611 752 641 In primis Rex ipſe: ſtatimq; in tecta vocatos
174 642 634 673 Imperat acciri, & ſolio ſic fatur ab alto.
174 672 703 701 Quis Deus au error noſtris vos applicat oris?
173 701 779 733 Quid petitis profugi, Auſoniis quid quæritis aruis,
173 732 783 762 Gens peregrina virum. noſtroſq. incognita ſcclo?
170 760 676 785 DixeratEnceladus contra ſic reddidit ore.
197 791 734 824 Re genus egregiun pelagi, Neptunia proles
171 818 713 852 Cui populos vrbeſq; datum frenare ſuperbas,
169 849 629 876 Non errore viæ, ſed cœli numine læſo,
170 876 682 907 Vi ſuperum proſugi trris iactamur & alto:
167 907 703 938 Hæc eſt cauſa caputq mali: tot adire labores,
167 937 712 969 Voluere tot caſus Cœleſtum impellimur ira.
167 966 667 994 Terrigenas & tela vides inimica Tonnti,
167 994 772 1030 ancq actam Ematria, ſubiectiſq orbs habenis
169 1026 745 1060 Gtem magnaniman vinclis nec legibus vllis
168 1054 653 1086 Subiectam, & veteri pro libertatis amore
163 1085 655 1111 Arma loui mouiſſe, & Ds aduerſa tuliſſe
174 1113 765 1147 Sîua ſed infauſtodolor eſt meminiſſe laborum
708 1150 832 1174 en i,
