888 1312
265 65 484 85 LERIV.
70 103 557 133 Euentu & regnis pulſos ceſſiſſe paternit
74 134 557 162 Nos igitur pauci eſtris adnauimus oris,
73 164 686 194 Exſiliique locum exiguum, auxiliumque rogantee,
75 193 585 223 Subuenias petimus rebus, non aſper, egenis.
77 223 607 252 Quo Priſca virture Iouem vel tendere cortra
74 253 639 282 Poſſimus cœptumq; animis inhibere farorem.
75 282 709 312 Non equidem extimui, æquoreæ quod ſtirpis, auumq;
76 312 736 343 Saturnem, patruumque ſouem. Diuoſque propiquos
75 341 665 369 Sanguine denumeres pritmæq ab origine c lum:
76 370 643 400 HIoc & Aloidæ gemini. hoc Nepunius AImops,
76 400 588 429 Hoc & Athos fecere Tonanti ſequ ſioſque
77 429 603 461 Obiecare tamen:quod te per ura fidem que
76 460 695 489 Perque parenrem oro, atque indign morte iepuaas
75 489 602 518 Frarernas animas. vltrlciaque arima rogantes.
75 517 587 547 Dux fuit Eurymedon nobi, illuſtrior armis
76 548 637 577 Quo vix alter erat Phæacum ſanguine cretus:
75 577 576 607 Huic ſi fata viro, ſi parcarum inuida noſtro
79 605 629 634 Iuſſa peperciſſent generi, haud aboleſceret acti
75 636 548 665 Gratia & officio miſeris certaſſe pigeret.
74 665 601 694 Talibus nceladus mulcet Læſtrigona dictis.
60 694 596 723 Ohſtupuit Rex audiris, terraque moratus
73 724 652 755 Pauium culis, ſic tandem ora admiranta ſoluit.
74 753 583 782 Quid loquar caræ gentis fort ſſime, vobis
72 783 660 813 Duex fuit urymedon, quem magnanimon lanira
73 813 658 841 Alma dedit partu quondam compre ſa Phalacro?
71 841 709 871 Ipſum equidem memini huc olim Phæacibus actum
72 872 577 900 Cum genitore ſuo noſtros ſub.iſſe penates.
72 901 644 932 Tunc maternus auus lætiſſima regna domoſque
70 930 553 960 Imperio Caulona etiam, ſontes Tmaui
69 960 703 988 Ftmare qucd ſupra Hleſperiam a luit, omne tenebat.
69 989 614 1022 Præ reliquis vaum inſigni tum laude fcebam,
71 1018 608 1047 Gaudebamque puer puero iuuenilibus mio
67 1047 591 1077 Et ſtudiis animiſque: & nunc. ſi viueret ætas
68 1076 644 1109 Eſet par nobis, & idem quoque robur abannis.
65 1106 626 1137 Illum at fata premunt inimia, effœta ſenectus
673 1142 720 1163 Mo
