888 1312
726 52 813 71 I5E
312 54 531 79 LIBER IV.
106 88 719 132 Quo ruitis, ſolam hanc animam num proditis hoſti?
104 122 644 155 Me me vnum obiicitis, nec. tangit cura relit?
106 152 592 184 Hæc eſt illa fides, Otum ſic faude petiſtis
105 180 659 218 Immeritum. quoniam Muſæo auerſa volunas?
136 211 622 246 Talia iacanti, telumque inſta re trenenti
107 242 701 274 Mens non læua fuit: nam adducto Delius arcu
1 254 38 273 I
108 262 769 303 Fulminat, exclamatq;: Feres nunc quidqtidacerbû eſt
110 300 634 338 Quæq; nouerca diu ſceleri Eëriboëa parauit
1 306 36 343 u:
110 329 737 366 Haudquaquam ille, ſatu quo te mentiris, aquarum
109 358 612 397 Eripiet Deus his telis, non verus Enipeſts.
109 388 683 420 Non Satrnus aaus: aors hoc miſſile, Maors
110 417 605 450 Librat, & hæc fatus. telum ſatale coruſcat,
111 447 639 484 Fulgentemque locis bis ſex thoraca petitum
109 474 686 509 Perfodit totidem, leuiter tamen ære repul,
109 503 735 539 Extremam mucrone cutem, ſine ſanguine, ſtrixit.
1 527 33 546 u
143 531 684 566 Hoc animis cernens immanibus eftera Plbe
111 560 692 603 Ingentem. arboream, atque ima ie ſtipe reciiam
112 596 683 628 Haſtam intorqvet: at ila auras ceruliaa tranat,
113 622 615 663 Atque viam molita cati per tegmina ſcuti,
114 652 674 691 raque per fertique oras deſcenditin u:ni
113 682 663 716 Pectus, & efregit coſtas: tum hærentia magno
113 705 736 744 Vulnere tela tahens, animam cum ſanguine tundit.
113 738 638 777 Ille ſtatim, taurus veluti media inter adactus
116 767 700 803 Cornua, vaſtus humi proſternitur & tremit artus,
115 796 663 837 Arduaque ingenti concuſſa eſt pondere tellus.
115 825 649 862 Mox circumfuſi ſpoliant, & dempta crueis
116 854 650 891 Arma humeris rapiunt auratis cingula bullis
115 883 683 926 Et clypeum Phœbus ſumit, pallenſque comant
116 917 730 957 Cum galea caput abſcindit truncumque tepentrm
117 945 602 980 Obruit immani ſubiectum mole Cadiſci.
146 974 656 1009 At ſocii exanimes paſſim in diuerſa timore
116 1007 613 1040 Labuntur, vertuntque dato veſtigia tergo:
118 1036 595 1071 Hideſerta petunt curſu ſpelæa ferarum,
848 1042 876 1090 I
118 1065 600 1103 Hyrtacidæ partes alii terrore ſequuntur.
118 1096 684 1133 Quos pater omnipotens certe nil tale mereutes
701 1118 786 1142 Profs-
