888 1312
258 59 534 91 LIBER IV.
695 63 730 82 M5
64 97 626 135 Gloria cum vita immemori ſimul occubet æuo
72 132 580 161 Interit haud. virtute ſua qui viuit & expers
73 160 637 193 Mortis agit, totum fama ſuper æthera notus:
76 187 680 225 Quem non illa monent laudumque agnata cupido,
74 220 596 253 Iam periit, & aperta videt ſua funera viuens.
105 248 612 279 Talia clamanti Tirynthius immnet heros,
1 271 33 293 t
74 278 612 312 A tergo contraque parat non verba. ſed arma:
1 301 33 328 l
76 307 631 341 IIle sonum agnouit, pedibuſque fugacibus atro
77 337 629 370 Se letho eripuit, ſociumque recepit adagmen.
76 366 608 396 Cerua velut, latebris ſolitoque egreſſa cuoili,
77 398 577 429 Paſcua nota petit, crudum ſi territa cernat
852 411 878 433 I
77 425 723 459 Forte lupum, aut fuluum deſcendere monte leonem,
79 455 592 489 Occupat obſcuras ſyluas atque inuia luſtra,
77 485 575 519 Præcipitique fuga denſis ſi vepribus abdit
79 519 635 550 Ingruit Alcides victor, magnamque per omnes
78 546 572 576 Cæde viros edit ſtragem: nec ſufficit vltra,
77 575 593 603 Iam diuulſa acies, tot ſeſe euoluere damnis.
108 604 648 637 Terrigenæ attoniti monſtris, deſcta videntes
78 633 617 668 Agmina. turbataſque immani cæde cohortes,
1 640 29 656 E
80 661 644 698 Qua dubitant virtute. quibus ſe fraudibus hoſti
78 694 594 727 Eripiant: primus contra iuuenilis Amyntor
78 723 549 758 Emicat aerio quem Daunius Aennino
80 752 618 781 Miſerat Etioneus Damala Sybaritde cretum:
78 781 587 812 IIle tuens orudele, truci procul omnia viſu
78 812 595 840 Luſtrat, & Alcidæ inſultat, ſic ore lopuutus.
81 841 589 875 Quis Deus Italicis iterum te reddidit oris.
81 869 611 898 Peſtis & atra lues mortalibus, orbe remenſo?
81 899 631 930 Non ſat erat ſemel Heſperio maduiſſe cruore,
80 930 614 963 Italiamque impleſſe tuis terroribus omnem?
80 959 561 987 Non vltra noſtris ditabere, ſæue, tropæis,
79 987 630 1022 Lucanaſque Lai Oenotrii penerrabis ad vndas.
80 1018 604 1047 Cacus Auentinis iterum conſurget in aruis,
79 1048 666 1081 Armabuntque nouum unonia templa Lacinum.
80 1075 709 1112 Credo equidem, mentem modo veris implet haru-
168 1113 227 1143 ſpex,
689 1136 746 1157 Hc
