888 1312
251 67 736 93 rssALMBELLIGIGANT
169 106 736 136 Traiicrt inteſtina, hærentemque oſſibus haſtam
168 136 737 166 Vrget adhuc, toto eſtaret dum tergore ferrum.
168 166 684 194 Vix lius elapſus, qui dum fulcire ruentem
160 195 760 224 Germanum ſtudet, acta cutem perſtrinxit arundo.
198 224 739 254 At procul Ocynoi fatum lacrymabile cernens
162 254 761 284 Horruit Imalion, dextramque tetendit inermem,
163 284 720 312 Suppliciter genua amplexurus: at irrita tentat
164 312 779 352 Vota preceſque, ambas cum iam fret acta per aures
165 342 684 371 Orantis cerebroque viam patefecerat haſta.
163 372 702 402 Non animo tantum potuit perferre dolorem,
163 402 703 434 Et contra inialus vaſtumthoraca nouemque
160 431 675 460 Intextum clypei tauris opus obiicit, hoſtem
160 461 756 493 Magnanimum opperiens interritus: excipit illum
159 490 689 523 Fortiter emiſo haſtili, & thoraca nouemque
158 519 713 552 Terga boum ingenti perrumpit vulnere: atille
160 549 793 582 Suſpirans grauiter, ſaltem hoc ſine poſſe precantem.
159 578 722 612 Si lacrymis locus,inquit, adhuc votisq; relictus,
157 608 679 641 Incolumemq; ſinas Lebanta redire parentes
157 637 708 670 Admiſeros, pœnæ luimus ſat ſanguine oſtro.
157 668 749 700 Quem contra Tuiſton. Idem manet exitus illum,
155 697 679 725 Fraternasq; vnà frater comitabitur vmbras.
154 725 692 759 Audiit hoc Lebas, lacrymæq; per ora volutæ,
154 757 693 784 Moxq; pedem retr reſerens, molitur inanem
154 785 800 824 Teſqua peralta fugam, atque hoſti dat terga ſequenti.
153 814 663 846 Sed Deus & iaculis & curſu ſeruidus inſat
151 845 731 880 Atque aiias celer, atque alias ſuperingerit haſtas,
149 873 673 909 Vixq; iacit raptas properanter, vt ocyus actis
151 903 707 933 Vulnera detrelis, prius atram vulnere mortem
149 932 671 962 Voluitur ille ſolo moriens, & calcibus auras
148 961 726 1000 Verberat exſpirans animamq; in ſanguine ponit.
151 991 609 1025 alia per campos felici Marte Tuiſton
144 1021 656 1055 Funera dat: letho elpſus vix vnus Amodes,
142 1051 738 1085 Et ancles, quorum melior pede cautus Amodes
143 1078 654 1111 Effugit: infelix nutas per lubrica Cancles
144 1111 665 1142 Cncldit, iimmunda totus rcuolutus arena:
717 1149 808 1171 Colla-
