888 1312
240 79 490 105 IEIRIV.
677 81 716 100 t5
64 114 653 147 Collapſum rapit acer Adad, pedibuſque rotatum,
66 145 620 175 Ter circum caput egit, & actum fortiter æquor
64 175 578 204 In Siculum proiecir: berus vt acer habenis
64 204 597 235 Stupea circumagit Balearis verbera fundæ.
849 206 886 233 I
95 231 677 264 Iamque vt opes fractæ, fortunaque tota receſſit.
64 263 612 294 Et quiſque abiectis trepidans difideret armis:
63 293 560 322 Italus Alpheſtes paruis nutritus acerris,
2 320 36 341 liu
67 322 599 352 At magnis generatus auis de ſemine Diuûm,
66 350 632 381 Et comes Alcyonei, dum res ſtetit integra bello,
69 379 634 408 Multa animo ſecum voluens, cladesque ſuorum
69 408 722 441 Spemq; metumq; inter repetena, hæc pectore rumpit.
69 439 610 469 Infortunati quos non manus Herculis atrum
69 469 540 498 Traxerit ad lethum, Nyſæi aut ira leonis:
70 494 628 529 Quo, maria emenſi, ferimur? per inhoſpita ſaxa
69 527 645 557 Fortunam ſequimur fugientem ſpeſque negatas,
67 556 577 584 Et ſcelerum toto pœnas expendimus orbe.
1 562 31 583 u
70 585 575 614 Felices animæ, Phlegræ ſub mœnibus altis
68 614 623 647 Quis cecidiſſe datum. quæ tu, fortiſſime gentis
70 643 706 675 Terrigenûm premis Oromedon: qua maximus armis
72 673 668 704 Nuper Atiios gelidis riget imbribus atque pruinis:
71 702 640 734 Qua Cinnus Rhoecuſque iacent, teliſque Dianæ
73 732 575 762 Alter Aloidum, qua tot correp taſub vndis
72 760 657 794 Thermaicus rat arma ſinus: vos nobile lerhum,
72 790 645 819 Nos inhoneſta fug comes ibit fama lub vmbras.
1 797 29 827 u
72 820 609 849 Talibus illacrymans, in curas vertitur omnes.
71 848 615 879 Incertus quid agat, num correpto induat enſe
72 879 668 906 Pectus, & imbellem properet per ulnera mortem
70 907 591 939 An.quo ſata ferant, & proxima meta ſalutis,
65 936 529 968 Proripiat curſu ſeſe, quo nulla ſequatur
69 966 595 997 Fama rei, ignotiſque erret peregrinus in oris:
69 996 704 1027 Hoc placet, hoefixum eſt: nuſquam tameniile timort
70 1025 614 1051 Tecta domus ſubiit, non mœnibus vllius vrbis
69 1054 580 1084 Succeſſit, dumeta interque horrentia luſtra
71 1084 599 1109 Solorum nemorum, ſolisin montibus æuum
66 1113 549 1147 Eegit vulſiſque aluit ſe ſtirpibus herbæ,
652 1143 717 1166 Vict
