888 1312
269 73 702 112 165 ALMREL.I GIC AN.
170 115 684 150 Roboe: iſſltant Erycĩ no in vertice ſedes
170 145 724 184 aliæ atque pſis nutant cum mœ nibus vrbes:
172 175 765 211 Scylla rerox procul ho rriſi cum tonat atque ruinis
171 203 669 240 ngemi na t. rat cos timore ad ſi dera ſſactus
170 234 680 263 Erucat latratu, & arenas comimoueti mas.
200 262 814 297 Iu ppiter ac celerans non hoc tulit, atque reuulſas,
171 292 722 320 Vertit in aucorem moles, ſubi gitque coactum
170 319 820 355 V:nana hc rencdun, inſormem ingentemq; Typhoèa
170 351 664 385 Quo ſe pr cinn 1ellus iactaba alumno.
170 381 579 413 Si duo prætra tales enixa tuliſiet
172 410 721 442 TeI ra. term noua gtti inuicta moueret
169 440 648 468 AIaICui verIiSIugeren: ſidera fatis.
171 468 761 503 Quid qtd enin ta ntu ceſatum eſt tempore belli,
164 499 616 529 IlIlius E nceladque manu victoria cœli
168 524 821 562 ſit & anc datum haud inimicam tollere gentem.
170 558 708 590 Sæpius ille quidem immanes attolere rupes
167 587 614 620 Nititur obnixus, ſed rotis viribus vſus
168 617 699 647 Deſicit i niect uimque coercet robora poncdus.
169 647 818 681 Tu ſupe? aſſi ſtens Dium pater atqu hominum rex,
168 676 740 704 Hisonerat dictis. Hic nune metue ne yphou,
168 707 715 736 Hic hoſtis metuende iace. ni guttura cen tum
169 735 726 763 Nil centumi uu re nanus. genitrixque Cybele.
168 765 674 795 Hæc certe ex illo tibi iam ſperanda fuerunt
167 795 691 823 Tem pore, non meliora tuis cum viribus auſi
166 824 655 847 Sunt coniurati cœlum reſci ndere fratres.
167 853 805 884 Nune morere, & meritas ſcelerate, expendito pœnas.
166 882 683 911 Talibus eſtatus, moles ſupera ddidit om nes,
166 913 785 942 Atque indignantem, magno cum murmure, circùm
162 942 701 977 Montibus ineluſit, ſpelunciſque abdidit atris.
718 1124 826 1147 ETBI
