888 1312
197 51 533 75 APHERDIANI.
298 95 397 115 Fortitudo.
71 121 597 156 Amriguæ domitrix fortunæ ſtrennua virtus
101 151 559 182 No ſtra grani quou s pectora faſce Ieuat
65 181 626 214 rvelut in tenebris rutilus megis emicat ignis
96 212 491 240 Lætius aũd uerſis ac agitata itct
304 254 372 275 Virtus.
67 290 622 322 iffi ciles adytus virtus habet inclyta. fructum
103 320 578 353 Sed præbet quo nihil dulcius eſſe poteſt.
311 366 521 399 ADeo initium.
70 405 605 440 Semper ab æterni nobis primordia agendi
104 438 338 466 Sunt capienda Dco
66 463 560 496 Nam ſi ne diuinis humana induſtria recte
104 497 321 525 Nl ſacit auſpi ciis:
70 521 560 555 Hinc & Gentiles olim dixere, priuſquanꝶ:
105 558 352 585 Aggre dere ntur opus:
71 584 468 614 Felices adſint Sueri; nos noſtraa dext
100 616 316 646 Numine facta regant
72 640 577 676 Tu quo qʒ ſi c eius, verbo qui cuncta creauit
101 675 341 702 Sollicitabis opem,
68 700 548 730 Vt tibi ſuecedant feliciter omnia:fruſtra
106 733 342 763 Tunc nihil incipies:
71 759 556 794 Progreſſu facili perages,ætuſq; laborum
104 792 322 816 Exi tus omnis erit.
325 833 434 854 Vitã beata.
72 859 458 892 Vitam ducere qui eu pit beatam,
66 892 438 917 Et ſentireminus mo leſtia rum:
69 921 491 953 I mprimis placidus ſit, & benignus.
65 951 489 981 Blandæ pacis amans probroſa vitet
75 981 407 1011 Altes Iurgia, retri caſ. lites,
67 1011 431 1035 Et diri comitem furoris iram.
76 1040 453 1069 Nullius ſtudeat nigrare fa mam.
75 1070 609 1101 Non ba cchum colat aut Cyprin proteruam.
71 1099 474 1134 Nonveſana cupido. nec lſacra auri
610 1128 723 1151 Mentem
