888 1312
403 95 576 118 PETRI
429 137 542 163 Deeiſdem.
170 176 706 209 Spernæ Midæ Gaas, & quod Pactolus arenæ
200 206 656 239 Voluit, vileſcat quiquid in orbe nitet.
169 234 656 268 Sitibi contingant vitæ quæ poſtulat vſus;
197 264 571 292 Iſta contentus ſorte beatus eris.
167 294 763 331 Immodicæ ſiquidem mentes mordacibus angunt
196 323 622 351 Dluitiæ curis, & mala multa docent.
167 354 723 387 Quæ te non tangent, veluti nec gloria mundi,
196 382 608 412 Si tecum reputes eſſe aduca bona.
413 428 497 450 Adhuc.
162 459 683 497 Diuitias nullus Sapiens deſiderat vnquam,
192 490 652 519 Quod ſoleant illis multa ſubeſſe mala.
161 519 720 555 In mare coniecto Crates hinc pondere grandi
193 549 721 584 Auri, ait, hoc mergam, mergar t ipſe minus.
160 578 665 612 Audiit vt Teno, ſua quod periiſſet in vndis
188 608 653 640 Res, riſiſſe magis quam doluiſſe ferunt.
159 636 665 672 Dixit enim: voluit Sophiæ Fortuna relictis
190 667 583 695 Inuigilem curis commodiore via.
156 695 704 730 emocritus patriæ ceſſit patrimonia, Phœbi
185 727 604 755 Vt vacua poſiit mente vacare ſacris.
156 753 671 791 Clarus Anaxagoras agros relliquit inertes,
182 784 606 822 Pectoris his cultum propoſuitq; ſui.
159 812 637 852 Sic faciet. qui ult cultor virtutis haberi:
180 844 672 882 Nam nihl his opibus vanius eſſe poteſt,
390 891 515 913 Gulæ ma a.
151 920 698 962 LAnguores generat luxus, miſerandaq; fata:
177 952 621 993 Noxia nam fallax meile venena tegit.
145 979 633 1016 Decolor hinc vultus, flauæ ſuffuſio boilis,
174 1011 673 1051 Arthrica. peſtiferum febris acerba malum.
143 1038 738 1082 Hinc ructus, tuſſis, vox rauca, frequenſq ſcreatus;
152 1069 646 1110 lic putridi dentes, fœtor in ore grauis.
144 1099 712 1139 raſla humore nitent, elephantis qualia cernis,
165 1129 660 1170 Crura:ſecatltumidos ſæua podagra pedes,
684 1169 791 1195 Infeſtas
