888 1312
253 72 585 97 APERDIAN
58 111 583 154 Infeſtat cerebrum vertigo, Iumina ſluxus.
115 149 614 178 At; gradum celerans mors inopina ven:it
79 174 714 207 Non perimit gladus plures, quam luxus ad Orcum
112 208 575 237 Tartareum mi: tit. depopulator opum.
59 233 547 268 Et quem vidiſti. vi noſum fſore inuentæ
111 266 523 295 m medio. qui non debilitatus erat?
72 296 637 327 g Haud etenim mentis pars eſt. aut corporis lla,
112 325 516 354 Infi citur quæ non ebrietate breui.
77 352 651 387 i,Cum triſti ſe nio fere mors ſumul occupat illum,
111 384 628 414 Dum ſit ahue: uenis, dumq; vi gere pites.
282 416 447 435 riotat a
59 443 656 473 Ante oculosc hominis te:ulenti ponito mores,
110 473 568 502 Perpe ndens anirmo ſacta pudenda tuo.
59 501 536 532 Turpius eſſenihil cernes, vilius illo;
108 532 539 561 In ſtolidum dices degeneraſſe pecus
78 562 626 592 .Geſtibus indomitis ſedet, vtfurioſus Oreſtes,
106 591 649 621 Menſa tremit manbus, terraque nulſa pede.
59 620 717 650 Continuo exorbet qua ntum nec vaſta Charybdis,
106 649 707 678 Hauſtim auideque bibit: neſcit habere modu,
59 675 664 703 Tunc canit & ſaltat, clamando Stentora vincit:
106 709 561 739 Fffundit tremula pocula p ena manu.
58 737 558 768 Acci ngie Marti tandem ſe, rtela requirit,
103 768 543 796 Et furit, vt frtenens ore patentel eo.
59 797 648 831 S æpe cadit, ca put ofſendens & crura, Ioqnendo
105 827 534 855 Balbutit ſenſu garrula verba carent.
59 849 646 889 Per fora. per vicos, monet & per compita riſum.
104 885 613 914 Dum gem inans greſius a ſua tecta redit.
59 912 677 944 Quid? quod iuctando titubantem pertrahit vxor
102 945 545 974 In lectum, vomitu polluurq; thoraſ:
58 973 645 1007 In mediam lucemeſtertit. cum ſtrat⸗ relinquit,
101 1003 565 1033 Oſcitat: & multum pa ndi culatur iners.
56 1033 586 1061 Si quid aget. lento greſſu procedit ad ailud.
86 1062 598 1088 Tunc velut attonito membra labare vides.
56 1091 616 1124 Hic qid in oficio tandem præſtare vaiebi,
95 1121 618 1152 Quem liquet inuitum munus obire ſuum?
660 1158 722 1179 Pra-
