888 1312
363 76 591 99 VBERTI
190 116 656 146 Stemmata nobilibus non niſi vera peti.
156 148 655 177 Maiorum oſtentat ceras aisatria circum,
186 176 671 208 Deene& priſcis quiſque ſuperbit auis.
156 206 616 240 Qu ſaciuut alii. Virtus aliena fatetur;
187 235 612 267 Solaque ſtat pretii terminus ipſa ſui.
155 265 713 293 Nec tamen haud poteras cenſeri laude tuorum.
187 294 631 326 Ac quæ iactaes nomina ſtirpis erant.
154 323 632 354 Muſa fuit potior, perq otia docta parari
187 354 566 385 Inenii natum nobilitate decus.
154 383 650 412 Delectantalios faſces populiatq; ſecures,
176 413 608 444 Virgaq cum verbis imperioſa præit.
154 441 677 473 Aut opus trgent alii & prædiuite cenſu
184 472 648 504 Ventoſæ in paruo eſt ambitionis amor.
153 501 708 534 Cuiq ſuæ Nemeſes inſtant poſt terga, flagelle
181 531 607 562 Inſequiturq; ſuus dira eupido Deus.
152 561 623 590 Te ſecreta quies & vulgi ſegrega plauſu
183 590 644 620 Contentum propriis iuuit imaginibus.
150 620 653 648 Bella infeſta imis. per bella infeſta fuiſſet,
181 650 588 680 Quam foret Iſcano glorialata tuo.
152 678 718 709 Hic vbi diſſereres quæ Tullius &Maro magnus,
182 709 606 739 Ac quicquid Latia conditur hiſtoriâ
154 738 808 774 Quæ conſulta patrum veteris quæ ſtammata Romæ,
181 769 680 797 Quæqs aprit centum Varro voluminibus.
149 797 643 827 Taatus ruris erat ſedata in mente cupido,
179 826 590 857 IIſiſſet Stygius ntbona vota furor.
148 857 722 887 Armorum furor in ſuperos quæ tela miniſtrant,
177 887 608 916 Et lentæ dedunt Belgica teſqua neci.
146 915 676 946 Nam quæ finis erit? pereat quicumq; nefaſto
174 946 606 975 Impius armatum protegit enſe latus.
142 974 649 1005 Deſpicis hæc, cœloq;. incedis liber aperto,
177 1005 613 1035 Viuituin clades longius vſq; nouas.
141 1033 699 1063 Et forte ingenii monimenta perennia cernens,
167 1063 646 1094 Digna quibus ſoluet præmia nulla dies;
141 1093 740 1127 Gaudia mente capis, quod per tua ſcripta vagande
169 1122 654 1154 Fortius hæc aliquis publica damna ſerat.
732 1157 789 1181 Au
