888 1312
207 75 536 100 AVDTEANTTI
65 113 675 147 Aut morum præcepta capit. ſeu ſcita Qui: ĩtum:.
92 145 688 173 Flecte oculos, quic quid diſcitur, oi ne tuum ct.
61 175 574 203 Nos vero inferias perſoluimus. & tua ea pti
97 204 548 234 Eſt aliq id mœſto carmine fata queri.
56 234 643 265 elgica ſe in luctum penituc, quin alpice, vertit
100 263 529 293 Naſcenti primum Belgica tacta tibi
68 291 624 323 Horri fi camq dedit prope iam lapſura ruinam,
98 322 498 353 Indigetis fructu cum viduata tui
42 351 599 390 Tunc etiam Tellus motu tremefacta, doloris
99 381 585 414 . quoras : ndomiti ſigna dedre maris.
40 411 644 443 Obuia cum vndantum late furibunus aq naru
97 441 518 466 Peoluit infano vortice cuncta furor
65 470 565 502 tcampos per liqentes armenta per i pſa
97 501 571 531 Cum ſtabalis merſit paſcua læta greges.
67 530 508 564 Ipſe dies radios cœca ſcrrugine texit,
98 560 540 593 .ternæque patuor nil niſi noctis erat.
36 589 508 619 Non alias afflicta ſolo, caſumq; tulere
40 618 546 646 Edita tot cœlo culmina:templa, lares.
57 648 586 678 FIebilis occaſus tuus omnibus vltima regna
99 677 564 709 Teſtor. hyperboreâ canaque ſecla niue.
56 705 614 740 Et quis ibi, fama ſaltem tua nomina noſcens,
91 737 495 766 Corda licet longo diriguere gelu,
53 765 611 799 Temperet àlacrymis? Nec tu reprenderis illas,
99 795 601 828 Deuotæ quoniam ſymbola mentis habent.
68 824 681 858 Nos genus huc pronum lux pri ma a ccepit in aturas
100 853 589 884 Ferreus eſt animum qui prohibere po teſt.
39 883 583 913 Nil te Stoa moror, nullo Lenone mouebor,
100 913 555 944 Hauriat & gemitus Porticus ipſa meos.
58 944 584 973 Muſarum hiſce patri ſolenni more pare nto;
100 973 552 1002 Manibus & facio, qua pote, iuſta ſacris.
70 1003 554 1033 is deſiderium longum teſta tor, amantis
101 1031 528 1063 Finiri poterit quod ni ſi morte meà.
71 1061 595 1095 Pectore donec erit rediuiuum nomen in iſto
84 1092 507 1125 Lipſius. oſiic i ſymbola triſtis erunt
628 1121 718 1144 IOA
