888 1312
725 56 785 76 I83
280 70 591 96 VD
136 110 379 145 Te maioribus inſeri,
110 135 533 175 Fe paſſus tacitos ſic legere adiuuet
137 169 406 202 Et ſeu patriæ amabilis,
111 189 621 234 Seu quæcunque hominum te manet orbita,
140 229 433 258 Hternum capiti de cus
112 253 559 289 Ad laurum duplicis muneris indue
675 344 713 356 t
162 346 714 389 OACHIMI AON
308 398 579 428 GRAVIANI.
189 455 680 500 Gamelin Philippi Lalnii Comitûs & Margaqt
388 490 508 520 Arnbega.
119 543 643 591 Exerat alma diu pax & contordia Belgas
120 574 672 612 Cum tumidum tetro pectus ſufuſa vee no
121 602 618 644 Inuidiæ proles, Stvgiis caput extulit vndis
120 633 644 671 Liuor, & informi macie confecta ſimuitas:
106 661 627 708 Quæ potquam coitu ſeie tetigere nefando,
105 694 607 729 Prodit in lucem vis & diſcordia demens,
124 718 659 765 Ouarum veſano ſacra miſta furore prophanis,
124 749 629 788 COmnia fecerunt ſubito trepidare tumultu.
122 777 651 821 Vnde procul placidæ nutrix ſtudioſa quietis
124 808 618 850 Mnemoſyne fugit natis comitata pudici,
124 842 577 877 Etſe ſemoto turbis abſcondidit antro
124 869 605 911 In quo ſoliuagam de crerat ducere vitam
127 892 726 940 Quado locum nuſquam ſibi viderat eſſe relictum.
127 924 723 969 Sed pater omnipotens, ſortem miſeratus iniquam,
125 953 687 998 Huic aperire domum ſtatuit, quo chara reducat
125 986 611 1030 Pignora, ne pereant Belgis cœleſtia dona.
157 1010 693 1058 Quare cum chara ermones coniuge miſcens,
128 1041 690 1082 Hæc ait; terno thalami mihi fœdere iuncta
128 1073 652 1114 Coniunx atque ſoror, quia connubialia iura
128 1103 614 1145 Tudas, delegi , quos ad tua ſacra vocabis.
750 1127 798 1150 E
561 1134 632 1159 M 4
1 1168 36 1202 i
