888 1312
336 51 631 84 IOAHIMI
166 100 712 131 Eſt domus antiquo maiorum ſtemmate clara,
160 131 669 160 Inter Belgarum populos ſat nomine nota:
167 160 699 190 In qua ceu dulci nutricis ab vbere pendens,
170 191 636 219 Inclyta perpetuo virtus & goria creuit,
169 219 648 245 Hinc ettam ſortita fuit Lallænia nomen
168 249 799 283 Eſt quoque mons viridi lenique cacumine ſurgens,
168 278 693 308 Ales vbi nidum poſuit mens armiger olim,
167 308 682 336 Dictus Arenbergus, Belgis hoc omine lætis:
167 337 670 370 Hinc, ndis pretio non exæquanda lapillis,
166 367 719 395 M argaris educta eſt, plenis iam nubilis annis:
165 396 674 429 Illinc. qui præfert nomen regale, hilippus
163 426 685 458 Iortus debet genitorque paterque vocari
162 457 691 488 Hos tu concordeis animis, & moribus atos,
161 485 661 519 Connubio iunges ſtabili, natiſque beabis,
160 515 689 547 Qui patres referant & digros patribus edant
162 547 644 574 Natos per natos, & qui naſcentur ab illis:
160 574 735 604 Hi noua doctiloquis ſta tuent delubra Camœnis
157 604 689 639 Oppida quæ pridem fugerunt Belgica longe.
193 633 666 662 Dierat, extemplo mittit Saturnia luno
160 662 656 695 Aligerum Maiæ natum, qui Cvprida velox
156 691 724 724 Accerſat. puerumque ſimul cum matre venuſta.
158 721 618 754 Iila leui curru nato comitata per autas,
157 751 651 788 Fertur olorinis dum cœlum contigit, alis:
158 780 759 818 Quam poſtquam vidit coniun ſuprema Tonantis,
153 811 666 841 Grata venis dixit. non te iermone morabor
156 840 743 877 Longo. nam nihl eſt iam quod non noueris ante,
151 869 691 904 Coniugium, de quo tecum ſun multa locuta,
154 898 711 940 Cum pridem doctas ſtudui reuocare Camœnas
146 928 688 966 Ad loca, quæ motu fugiunt agitata prophano:
149 957 664 994 Hoc vt confectum coneris reddere tandem,
149 986 641 1027 Non fruſtranda tui depoſcit glora cœpti
149 1017 681 1055 At Venus, vt ſua iuſſa parum valuiſſ reſciuit,
144 1046 643 1084 Qæ finem lætum pridem ſortita putarat,
144 1077 652 1116 nerras digito monſtratas mittit Olympo
140 1104 697 1144 i mmiſrum puerum, telis arcuqu paratum,
746 1152 798 1173 Ilcu
