888 1312
368 66 616 91 IOACHIMI
160 103 775 141 Hæc veſtram faciant itam lætam, exitum beatm, uu
187 134 689 168 Vos denique in cœlum vehant ſupremum.
358 173 607 202 M NEMoSTNE.
159 204 621 239 Quia dulci hoc gremio, docte Philippe,
191 238 607 265 Tenerum te pueram fouimus olim,
155 263 689 294 Tibi commendo meas filiolas haſce tenellas:
186 296 588 327 Tua nunc innocuas faxit alumnas
151 324 623 363 Domus has, quas ſocias anteadoleſcens
184 357 751 397 Habuiſti ſtudiorum, memor hinc ultAae
376 402 565 428 ALLAS.
151 429 638 463 Is, qui me ſapienti cerebro progenuit ſuo
150 459 595 493 Sic te conſilio, ſic animo, ſic ſapientia
149 489 634 520 Formet ne quid in omni accidat hac tibi
149 519 669 554 Vita, quo cupias dicere, Non iſta putaueram.
387 568 552 590 APOLLO.
148 602 730 643 Conſulat hic numeros primo Babylone repertos,
175 635 560 667 Ille petat tripodaſque ſpecuſque:
145 663 618 697 Aſtrologos alius quærat ſit rurſus & ille,
178 694 620 727 Quem trahat augurium auſpiciumve
144 724 719 766 Et quicunque volet, per me, notet exta fibraſque,
173 754 501 784 Vt norit quæcunque futura:
141 782 607 815 At tibi nec melior vates, nec certior vlla
170 813 504 844 Continget, licet ipſa Sybilla:
137 844 719 883 Quam mens multarum ſeruatrix prouida rerum,
173 872 622 906 Quæ ſpectat prorſum atque retrorſum.
138 901 689 943 Hæc eſt, quæ poterit cauſas pernoſſe latentes,
170 931 541 968 Res vulgo miranda prophano
136 960 638 999 H inc ſolet euentus ſagax prædicere certos,
167 992 513 1026 Componens præſentia lapſis:
135 1020 611 1058 Sic ex ambobus facile eſt cenſere futura,
166 1050 535 1084 Principioque ſuum dare finem,
132 1079 603 1117 Hæc tibi fatidicæ longe certiſſima ſuntas
162 1110 497 1146 Cortinæ reſponſa, hilippe.
709 1155 787 1182 Mens
