888 1312
370 64 624 92 IOACHMI
161 106 671 138 Sunt alii totidem feſtiua veſte miuiſtri.
155 138 737 170 Qui dapibus menſas onerant & fercula ponunt.
192 168 666 199 Interea furuis pccpEnx aduolat alis,
160 199 697 226 Con uenint comtis perti matribus alto
161 226 674 258 Saguinc pr uai patres ſeſeque ſalutant,
160 256 674 286 Incenſi pendent lychni laquearius aureis,
159 287 693 316 Et flammis irimas tenebras ſunalia vincunt.
159 316 756 346 Parua mora et ſponſus prodit cum virine ſponſa
160 348 725 376 Stant alacre iuue es, plues &niptea tenentes,
159 376 750 408 Qui lympha ianibu dent: poſt nos ſtant alii, qui
157 407 632 437 Protendantaris mantilia pta ſiguris.
158 437 734 468 Couſecrat icepulaslona cureſte ſacerdos
158 466 796 498 Quiſquis in nanc io sriertur potuſqpue cibuſque,
155 496 648 526 Liſ? ſalutarem inuedt qui condidit illum
164 526 788 557 Tum ſimul accuibunt per limina læta frequentes,
155 555 598 577 In medi ſeliis fuliuo lucentibus auro
154 584 712 614 Conſidunt ſponſus prudens, & ſponſa venuſta,
154 614 695 645 Ambo tabc rnaclo tecti quod murice fulgens,
154 643 707 674 Aſſyrio claris radiat cen Cynthia gemmis.
185 675 707 704 Appoſitæ fuerant hie formæ mille ciborum,
153 704 699 734 Primo quæ inuitentlanguentes a cria ventres,
152 733 683 765 Frigida cum tumidis certans lactuca boletis,
151 763 641 792 Lignoſa aſparagus tener abradice reciſus,
152 793 768 824 Sectile, quod refugit virgo quod ſœmina, porrum,
149 821 714 854 Intybus, & rahanus grato tentami ne mordax,
148 851 645 881 Tubera nata breui ſumma tellure reuulſa,
148 882 614 909 Punica nuda ſuo detracto cortice mala,
148 912 694 944 Rore leui modice tantum conſperſa roſarum,
145 942 675 973 Fumo inter Menapos pera ſo duratus in atro,
146 970 657 1004 Poſticam quæ ſæpe ſuam pulſauit apertam,
144 1001 766 1040 Anticam ingrediens alienam, non redit vnquam,
143 1030 677 1065 Incola ſpeluncæ, vnde ruit mugitus ad auras.
142 1060 694 1093 Primiparæ ſectum de pore abdomine ſumen,
141 1090 637 1124 Farcimen varium tuceta tmaculalauta,
138 1120 625 1152 Atque pedes niuei deraſo crine bidentis,
714 1156 813 1187 HPingui
