888 1312
368 56 648 80 IOACHII
176 93 702 124 Et quæ ſœcundos populatur capparis agros,
178 123 748 152 Tum Corcyræis, malum, quod fertur ab hortis.
207 152 799 184 Poſtquam prima qies epulis data, ſiſtitur ingene
180 183 725 213 Factus ab eximio crater magna arte magiſtro,
181 211 715 240 Adbibit hoc ſponſus conuiuis omnibus vnà:
182 240 753 270 Mox auro gemmiſq; grauem, Ba cchoq; repletam
182 270 783 301 Quiſq; capit pateram, quam ſors obiecit, & haurit
180 300 703 329 Pocula, quæ latices diſpumant plena Lyæos.
209 329 698 358 Acne quid cœnis aſſuetum talibus abſit,
180 358 708 387 Tertia proceduut subductis fercla ſecundis,
179 389 740 417 Dente minax animal propter conuiuia natum,
181 418 750 447 Cornibus arboreis ceruus geſtans caput altum:
180 448 765 479 Neu timidus ſolam matrem patremue relinquat
180 477 696 506 Hinnulus, ex hilarat lautis conuiuia pulpis.
179 506 697 535 His ſuper accedunt variarum cæſa ferarum
181 536 757 571 Corpora, cruſtatis pulchre tumulata ſepulchtis.
208 566 696 595 Et quia iam longè proceſſit noctis opacæ
179 595 744 627 Prineipium, dubiæ tandem poſtrema petuntur
180 625 683 657 Cenæ iura; ſerunt igitur bellaria promptè
180 654 676 684 Veſtibus exculti iuuenes, feſtiq; miniſtri,
184 684 637 712 Poma reponuntur cælata mitia lance,
180 714 746 744 Promptaq; de patulis redolentia mala caniſtris,
179 744 677 774 Purpureis atant ceraſis, moriſq; nigellis,
178 772 704 805 Hc etiam ſtatuuntur humi naſcentia fragra,
178 803 695 833 Et pyræ iunguntur lapidoſis ſuauia cornis,
178 832 701 864 Dulcia rugoſis miſcentur amygdala palmis,
179 862 694 893 Pruna citæ nigram faciem caprata ſenectæ,
180 890 665 922 Hic apponuntur proprio perfuſa cruore.
179 921 694 950 Pampineis tectæ ponuntur, frondibus vuæ,
181 949 759 982 Obruta nux, quamuis vacet omni crimine, ſaxis,
178 978 729 1014 Huc ſertur, vitam nunc depoſitura ſupremam:
176 1009 743 1040 Adduntur, quæ ignis domuit feruentibus vndis.
176 1038 703 1075 Mollibus in ſiliquis etiam dum condita piſa:
174 1068 735 1104 Et fructus quem dente nefas tetigiſſe putauit,
715 1132 841 1167 Hii
