888 1312
404 71 620 97 IOACHIIII
172 112 685 149 Conſiſtunt rigidi, iactant verſatile collum,
172 141 726 180 Brachia iam ſurſum librant, iam ritè deorſum.
176 171 744 212 Alternis, vt equi, pedibus pulſant modo terram,
175 199 800 238 Et modo per ſpatium procurrunt atque recurrunt:
175 231 714 271 Eſt aliquis rurſum, qui cum pede nititur vno,
176 259 744 296 Bis ter ſe celeri motu contorquet in orbem.
176 290 677 332 Rurſus & eſt alius, qui ſtricta veſte ſolutus,
179 319 742 355 5eſuſtollit humo, & caput inter nubila condit.
178 350 651 384 Poterra ſubter ſe plantis aa pulſans.
180 377 777 414 Geſtibus innumeris chors exprimit omnia feſtus,
181 409 787 449 Quidquid in inſtabili quiſquam meditatur amore.
180 440 665 474 Gaudia, mcœſtitias, cum cura ſuſpiciones,
179 469 707 507 Angores, altas ſpes, non tamen aſque timore,
179 499 718 532 PIoratus fictas lachrymas, lamenta querelas,
178 529 678 563 Horrores, æſtus ardores, frigora, flamas,
180 557 753 591 Concordes animos. diſcordes, abſque tumultu,
181 589 720 621 oſt bellum pacem, poſt pacembella cruenta,
178 619 763 655 Illud quod medium eſt, eingit denique tempus,
180 648 786 684 Quo non oderunt. nec amant. ſed tempora ducunt,
183 679 711 714 Qui ducis aligeri male ſani caſtra ſequuntur.
181 708 704 743 Fit dulcis ſtrepitus. f lætus plauſus vbique,
179 739 648 770 Ec itus puluis tenues obnubilat auras.
180 770 638 804 Et quia delectat rrum variatio grata,
181 797 810 830 Permiſtæ nym his Charites ſua carmina promunt,
180 828 719 861 Ptima Thalia modos cantillat vocibus aptos,
180 857 712 888 Felices àaoo ſint Margaris atque Philippus;
181 889 633 920 Coniure ſit felix hic, felix illa marito,
180 918 751 948 Hæcſaciat lætum generoſa prole parentem,
180 948 636 976 Ille ſuos natos faciat virtutibus aptos,
183 978 695 1007 Commnis ſoboles omni pietate parentes
180 1007 631 1039 Officioſa colat quæuis ad iuſſa parata:
179 1034 716 1064 Illa virum. fratrem dilectum nominet vſque,
179 1067 717 1097 Vxorem ſciat hic charam appellare ſororem.
180 1098 683 1128 Mutua cura duos ex æquo firmet amantes,
177 1126 670 1160 Nec ſinat vt longæ ſubeant his tædia vitæ.
744 1150 826 1176 Felices
