888 1312
678 72 718 93 197
264 73 526 98 AONII.
1 112 593 157 Felices ambo ſint Margaris atque Philippus,
67 143 516 175 Coniuge ſit felix hic, felix illamarito.
1 170 44 194 in
43 172 590 204 Clara ſub hæc verſus profert Aglaia sonoros:
1 197 687 233 5icredament & ament ſe Margaris atque Philippus,
1 227 617 263 t nihil hos vnquam concordes lædere poſſit;
1 260 639 294 Omnia vincat amor, quæ multi dura queruntr:
39 288 631 326 Quidquid in humanis vulgus permobile rebus,
2 315 649 356 Aut dolet aut tragicis verbis cauſatur iniqu,
23 348 609 381 Fortiter hoc ſuperet ſapientia docta Philippi,
2 374 621 413 Margaridis ſimul hoc laudata modeſtia vincat.
1 407 566 442 iu Et quia nulla ſeges tam lætis florer ariſtis,
39 438 506 470 Vt non infelix lolium ſe miſceat illi,
1 469 561 501 Si quæ difficilis res his eueneritvnquam;
1 493 622 527 sAmborum concors facilem tolerantia reddat.
39 522 694 559 Sic redament & ament ſe Margaris atque Philippus.
1 552 622 588 i t nihil hos vnquam concordes lædere poſſit.
1 584 633 619 Excipit Euphrosyne gracilimo voce ſororem.,
1 613 625 649 s Coniugium fauſtum ſit,felix atque Philippus,
1 641 667 679 e Quod ineunt læti nunc Margaris atque Philippus,
1 673 617 705 .Numina ſumma dei ſint illis fauſta precamur,
36 703 539 735 SIt rerum genitrix illis natura benigna.
1 726 606 765 Proſpera non vnquam deſit fortuna duobus,
35 764 528 792 Nulla dies illis vnquam diluccat atra,
1 790 575 827 qualem viuant ætatem tempore longo:
33 819 615 853 Vtque dies paribus coniunxit mentibus vnus
1 850 589 885 Amibos. ſic animis concordes auferat vnus:
32 880 558 911 Neue ſuæ cernens vxoris baſta Philippus.
17 904 658 948 Neue ſui tumulans quoque Margaris oſſa maiti,
30 938 587 977 Oſcula deſertis thalamis ſecreta requirant.
30 968 517 1004 Ambo mortalis ſibi ſint ſolatia vitæ,
30 996 660 1028 Quam multos dederint hianc ipſis fataper annos,
26 1024 610 1070 Coniugium fauſtum ſit, felix atque beatum,
29 1054 661 1090 Quod ineunt læti, nunc Margaris atq; Philippus.
114 1086 606 1116 Dum ſeſe recreat ludis operata iuentus,
25 1111 608 1149 Grandæui patres hic matronæque ſedentes,
478 1137 742 1169 N Iucudis
