888 1312
364 74 612 97 IOACHIMI
151 81 196 102 9.
840 104 886 138 i
151 113 669 147 ucundis medias fallunt ſermonibushoras.
156 144 694 175 Aſſidet hic aliquis, qui picta tapetia ſpectans,
851 169 886 197 h
150 174 666 204 Vel res mirarur geſtas regumq; dueumque;
837 204 885 229 ue
156 203 641 233 Vel ceruos & apros figi per pectora telis;
158 232 708 262 Aut auibus tendi laqueos aut piſcibus namos;
155 263 707 294 Aut in gramineis nymphas colludere campis
839 290 885 319 t
152 292 694 324 Siue ſequi Mopſum ſimas in monte capellas;
156 322 666 353 Seu ſegetem curua proſterni falce reciſam;
156 353 626 380 Seu viridi dulces abſcindi vite racemos:
154 381 632 412 Aſtat & hic alius, qui lumina paſcit inani
858 409 886 439 5
151 411 706 440 Vmbra lætitiædum cernit, quomodo ſummus
857 444 886 463 H
150 441 715 473 Iuppiter in gremium Danaës deſcenderit olim:
152 471 618 504 Et malit ſimili deſcenſu viſcere terraim,
859 473 886 492 I
860 499 886 521 sc
153 501 758 532 Quàm ab loue deſertum, felix. eonſcendere cœlum.
858 532 886 556 Qu
152 531 682 560 Eſt etiam claudus, quem mira Lemnius arte
859 558 886 581 Id
152 560 705 592 Detinet attonitum, qua retibus impicat ilos,
152 590 679 622 Quos ſuperis cœlo nudos ſpectantibus alto,
146 620 572 648 Gauiſus lato ridendos ore popinet
146 649 743 679 Dum videt hæc auido non triſtis lumine, quiſquis
151 679 635 709 Spectator fuit ille, velit cupiatq; libenrer
150 709 636 739 Conditione pari rideri, dummodo poſſit.
149 739 725 769 OQuam vidiſſe iuuat, quamuis hac ficta voluptas.
143 769 711 800 on deſunt. qui, cum videant hæc gaudia tanta,
144 799 560 826 Et tædas alijs mire res eſſe decoras,
147 829 611 859 Coniugij texanr primordia læta futuri:
145 859 658 888 Aptius in toto non eſt hoc orbe theatrum,
143 889 657 919 In quo peſonam quis ſumat rectius illam.
1 889 37 926 l
143 918 749 949 Santhic qui ſpectant, ſtant quæ ſpectentur vbique
141 948 608 976 Vtque has inuitent illi ſermone faceto,
139 978 678 1008 Paulatim accedunt ſignis nutuq; loquuntur,
856 978 885 1004 h
139 1008 684 1036 Expectant limis pudibundæ hæ rurſus ocellis,
139 1039 655 1066 V mox procedant, & vt inuitentur ab illis:
137 1067 626 1098 Credula ſimplicitas vel filo ducitur vno,
137 1098 669 1126 Quo quicunq; potet ſibi deuincere puellas,
127 1126 652 1163 Eugundam vitæ ſociam facileinuenit illic.
756 1159 841 1184 Sed
