888 1312
270 80 532 103 A ONII.
103 118 662 149 Sed iam tempus erat, quo ſydera ſola micabanmt,
74 150 594 181 Atq; orbem medium velocibus acta ſubibat
74 179 582 207 Nox horis; ludi finem reperire nequibant.
73 209 493 239 Interea ſponſo tardè diſcedere viſa
70 236 665 268 Turba fuit, quis enim dudum ſua gaudia differt?
73 269 615 296 Pectore nam tacito validos conceperat ignes,
72 297 583 325 Vt faciunt flammis viuacia ſulphura tactis:
68 326 528 358 Optatæ toties ſponſæ pendebat ab ore,
72 356 567 387 Spectabatpoſitos concinna lege capillos,
73 385 624 416 Spectabat rutilos oculos, velut igne micantes,
73 414 609 446 Syderibus fimiles, digitoſq; manuſq; videbat,
70 444 553 474 Formoſa Cypri, vel doca Pallade dignas,
70 473 623 504 Bra chiaque, & tereti collum ceruice decorum
73 502 594 533 Oſcula purpureo quaſi cocco tincta videbat;
69 532 596 563 Quæ non eſt vidiſſe ſatis, deceirpere tandem
70 561 611 590 Adducta iuuat hac prædulceis arbore fructus.
74 591 622 622 Ergo omnes illi lætam fauſtamque precantur,
77 620 649 652 Quæ non prætereat, niſi cum dulcedine, noctem.
105 649 667 676 Moxſtructi thalami foribus reſerantur apertis,
77 678 638 711 Splendida fulcra thoris lucent genialibus illic;
75 707 642 737 Deducunt ſponſos Venus, puer ignea vibrans
77 736 651 770 Spicula, præcedi cum Hymenæo pronuba Iuno.
77 765 656 799 Depromunt plenis Clarites calathiſque ſinuque
76 795 520 829 Candida langenti narciſo lilia miſta,
77 824 670 856 Et molies violas, & dulce rubentem hyacinthum,
79 853 729 886 Purpurcaſque roſas, thymbramq; thymumq; ſuauem,
78 883 717 916 Et gratam nardum, cumque hac libanothida dulcem,
77 912 671 945 Floribus omnigenis humus & fragrantibus herbis
77 943 591 970 Ridet, & anibroſium latè diſpirat odorem,
78 972 562 1003 Aurea lemniſcis & ramis tigna renident,
79 1001 608 1030 Hic tiliæ molles, hic fagus, & innuba laurus,
79 1030 676 1064 Hic patulæ quercus pendent, hederæque ſequaces,
80 1061 592 1092 Sparſa iacet, ſtrato ſplendenti murice tecto,
83 1090 596 1120 Cum viridi myrto pulchrè verbena pudica,
85 1120 624 1152 Sertaque dependent cortinis vincta reductis:
659 1146 742 1172 In me
