888 1312
347 71 619 95 O A
159 107 655 139 In medio ſtat menſa nouis epulis onerata,
160 136 711 167 Hic ponæ volucres, & piſces quadrupedeſque,
159 167 692 196 Et fructus, quoſcumque ferunt pomaria lata,
161 196 695 222 Artenoua ficta hæc, viuas referentia formas,
160 225 669 254 Attentos oculos multorum fallere poſſent,
161 255 657 284 Munera non deſunt hilaris generoſa Lyæi,
161 285 638 315 Delitijs animos firmantad prælia lautis,
161 314 639 343 Quæ ſine ſpectaclo cum ſola ſolus inibit,
159 344 722 368 Miles in arte nouus cum nondum milite docta.
160 374 692 403 Labitur exiguum tempus, cum menſa remota
159 403 694 432 Harpijs prædam raptantibus obijcit amplam.
159 432 682 460 Claſſica rauca ſonant, cedit ſpectatorarena,
160 461 791 492 Ocyus hinc omnes, procul hnc, procul eſte prophani,
159 490 667 520 Clamat anus, ſacris quæ ſæpèiuterfuit illis,
159 520 612 548 Nulli fas homini myſteria caſta videre.
160 549 678 579 Quæ ſummus mytes voluit ſecreta manere.
187 579 673 604 Arctè clauduntur thalami mox oſtia feſti,
158 608 764 639 Iam Venus, & Iuno, ſociuſque Hymenæus ad ignes
159 639 752 667 Augendos properant quos iammæ proximus altæ
158 667 650 691 Fumus, ſub tenui nebula nutriuerat ante.
160 696 679 726 Sentit vterque ſuo ſuccendi pectore prunas,
159 726 683 758 Quas non infuſum totum reſtinxerit æquor.
159 756 635 784 Hic ſtat, vt inijciat ſperato bracha collo,
158 785 742 815 IIla tremit, veluti nondum comprenſa columba,
157 814 789 844 Vnguibus accipitris, roſtrum tamen horret aduncum,
158 843 690 874 Cùm celeri ſurem videt ad properare volatu.
156 873 643 906 Hic Cytheræa duos inſuetas edocet artes,
156 903 703 928 Et iuuenenem ſuadet non nota laceſſere bella.
156 931 719 966 Ille ſuam ſponſam prendit, mediamque locauit,
157 961 634 995 Et dociles anres iuſſit præbere magiſtræ,
156 989 614 1021 Vſibus edoctæ longis per ſæcula multa.
157 1021 759 1055 Protinus ex humeris arcum pharetramque Cupido
155 1049 683 1083 Deijcit, vt membris nudatis promptior eſſet:
155 1079 760 1117 Nec mora componens operæ ſua brachia magn,
154 1108 587 1144 Arte laboratas effuditmille ſagittas:
744 1147 808 1170 Inter
