888 1312
278 79 537 103 AXONI.
79 118 554 150 Inter qua s vnam ſummè ſelegit acutam,
83 147 675 177 Qua nec certa magis nec quæ agis audiat arcum,
83 177 589 209 Oppoſitoque genu lunauit flexile lignum
80 206 645 240 Idomituim iuuenis mox fixit arundine pectus.
84 236 577 267 Ille ſuas ſenſit traiecta per oſſa medullas,
85 264 635 295 Non aliam traxiſſe ſitm, quàm à dipſade laæſas,
86 295 637 326 Quærit aquas, ad aquas vicini fontis anhelans:
87 325 560 357 Sed quia ſollicita videtà cuſtode negari
86 355 622 384 Per molles tentare preces ſupplexque rogare
87 383 580 415 Incipit, an duros ita poſſit flectere ſenſus?
88 412 605 445 O mea lux oculis multo mihi charior hiſce,
87 442 578 474 Aſpice, quàm tenerè ſæuis ardoribus vrar,
91 471 665 503 Quos releuare nequit, niſi tu, mea ſola voluptas,
90 501 600 532 Nemo; nihil poterit pleno decedere fonti,
92 532 671 564 Si quis ab hoc hanſtum conetur tollere paruum:
90 561 605 591 Os caret humore, & non eſt via vocis in illo,
94 590 623 621 Sicca loqui nequiens hæreſcit lingua palato:
92 618 606 650 Communi permota malo ſuccurrere diſce
94 648 642 681 Hic animæ, quæ te medicam deſiderat vnam;
93 677 642 704 Nam niſi tu dederis, non et habitura ſalutem;
93 706 656 739 Hauſtus aquæ veſtræ ſpiet mihi nectar, & iſtam
93 738 605 768 Iam migraturam reuc cibis corpore vitan:
93 764 643 799 Hanc ego dum viuam, tibi me debere, fatebor.
94 795 629 826 Ah mitelce precor, mea ſpes; miteſcere certè
95 825 576 855 Tales, vt tuus eſt, animi didicere benigni.
96 853 631 884 His verbis propius propiuſque accedit: atilla
96 884 582 915 Vt crimen fugiens amplexus caſta viriles.
98 913 594 946 O germane refert tamquam dilecte ſorori,
97 944 626 975 Te rogo, te quæſo, te ſupplex oro precorque
98 972 597 1004 Per ſuperos omnes, per primi fœdera lecti,
97 1004 591 1034 Et per eos, qui te talem genuere parentes,
97 1030 709 1062 Da mili quæ prima eſt, noctem non amplius vnam,
98 1060 620 1093 Virginitate frui. fuit hæc mihi grata ſodalis.
97 1091 636 1122 Perpetuoque comes, puerileis fida per annos;
100 1120 649 1148 Blanda ſinu nutrix hæc me confouit in alm;
705 1148 762 1169 Hæc.
