888 1312
372 75 585 99 IO CHIMI
137 79 180 94 2
835 111 885 149 l
133 114 673 146 Hæc monſtrauit iter virtutis ſancta magiſtra.
140 145 728 177 Quæ nunquam liquit me. ſic ego ſæua relinquam?
841 175 885 205 sl
140 175 687 204 Auſerat hoc fidei leue munus gratia parua eſt:
136 204 685 234 Hoc mihi ſi dederis,grates tibi mille reponam,
842 204 885 236 s
135 233 613 263 Expectata venit maiore ſapore voluptas.
129 263 751 292 Sed quia vulneribus nemo ſermone medetur,
129 292 560 322 Ille nihiligido cedit de iure mariti:
844 299 885 325 e
136 322 673 351 Conſilio & ratione tamen putat omnia certis
133 351 682 382 Experiunda prius, quam durius arma capeſſat
844 357 885 387 s
135 380 651 410 Facundum faciebat amor; Quid dira iuuare
850 388 885 417 u
136 412 724 439 Te tormenta queunt, quæ tortent viſcera noſtra?
848 418 886 443 Ci
134 439 662 468 Non hoc promiſit, facies tua, non tua forma,
852 449 886 477 Q-
129 468 564 499 In qua viſa mihi ſedes fixiſſe benigna
851 477 886 507 ss
132 498 653 527 Ipſa fuit facilem præbens ſe. Gratia cunctis,
1 499 33 525 l
133 526 680 557 Cum feiruore ſuo mihi me agus abſtulit error:
852 536 886 567 ee
132 556 718 585 Vix ſcio, quam vultu ſpem tum monſtratit amico.
853 567 885 595 es
131 584 679 616 Nunc ſynccra fidemſoluat: peto debita iusta,
855 595 884 620 ID
127 615 699 649 Dicta dies fuerat præſens; mala nomina quæris.
134 645 708 677 Si foret innumeris ſragrans tii floribus hortus,
841 656 886 683 I
131 674 532 704 Et ſeruare roſæ poſſis vnius odore,
856 688 886 710 s
125 704 607 734 Illum, cui duræ ſuprema pericula mortis,
856 720 885 744 u
129 735 638 763 Extorquere velint hæc dulcis lumina vitæ,
858 745 885 773 l
128 763 688 795 Immitis minimum prohiberes carpere florem?
130 792 676 823 Quem licet à viridi trunco ſibi nemo reuellat.
860 808 886 828 Ms
128 821 747 854 Lux eadem tamen hunc forſan quæ protulit, aufert:
125 850 728 885 Nonne frui melius fores hoe, quemcunque iuuaret,
126 880 575 909 Siue colore ſuo, ſiue oblectaret odore,
128 909 757 944 Quam demum ventis decuſſum, aut vltro cadentem.
125 939 608 968 Humaniſue ceri pedibus, limoue reſolui:?
124 967 687 1001 Tollere, non credo, nmalis, quàm reddere vitam:
123 998 673 1034 Namque puellarum clemns natura repugnat.
124 1026 614 1063 Si tu profertent omnes pomaria fructus,
121 1054 618 1093 Vſibus humanis quos dat natura benigna,
124 1083 660 1123 Qvoſque utoluptati confert mitiſſima mater,
118 1114 701 1152 Atque eſſet, quem dira fames iam penè nectaret,
712 1157 767 1178 Non
