888 1312
262 76 525 111 AXOII.
66 112 649 150 on ſineres aliquod miſerum decerpere malum,
68 143 637 185 Quo fugientem animam retineres & recreares?
70 173 607 212 Præcipuè poſtquam ſint omnia poma caduca,
70 205 619 242 Tempore ni certo, cum ſunt matura, legantur.
72 235 546 272 An malis delapſa nigro putreſcere ceno?
71 262 608 302 An linqui ſuius nimium bona pabula fœdis?
71 297 564 332 Virgineus candor ſolet hoc liuore carere:
74 322 551 356 Nam fecit leneis omneis natura puellas.
73 353 551 391 Vt poſſint alijs alij ſuccurrere rebus,
74 385 507 416 Auxilio celeri, dubijs ſeſeque iuuare,
69 411 549 451 Contiguis pietas muris contexuit ædes.
77 438 641 480 Qui cito quod potuit, tard dat, pene nihil dat:
74 469 600 508 Bis dat, qui donum velociter expedit vltro,
75 503 489 535 Aſſcruata diu pariunt faſtidia ſæpe.
74 530 552 566 IIle cibus gratus ſolet eſſe ſapore palato,
75 560 705 600 Igne focus quem ardens miſit iam iamque recentem.
77 587 629 627 Aſt, heu, corlanguore meum iam deficit ægro.
77 615 643 652 Chara ſoror fer opem gremio labentia membra
75 646 626 686 Excipe, iau tandem quæſo, miſerere cadentis.
77 677 530 715 His exporrexit dictis ſua bracbia latè,
76 707 642 747 Vtque, quod arripuit manus illic, ſirma teneret,
79 734 632 770 Ambabus ſociam mediam complectitur vlnis.
78 766 529 800 Ile ſalutifero contactu.dulce, reui:xit,
80 795 646 830 Nam redit ad vacuos anim mox ſpiritus artus:
82 826 601 858 Gratia ne non ſit pro munere reddira tanto,
77 852 645 887 Oſcula milie dedit: nec adhuc ſatis illa fuerunt:
82 882 616 917 Vult meritis tantis maiora rependere dona.
82 914 560 947 lIa erccund reliqua auersata pudore,
82 940 677 978 Oſcula ſola capit nec ad hæc admittere quidquam
82 970 622 1005 Vult alid, flammis vritque atque vritur vna,
82 1001 591 1037 Vicinus ſentit paries, cum proximus ardet:
84 1036 580 1067 IIIe ſuum repetit ius inflammatus amore,
82 1060 593 1096 Dulcia coniugij debes mihi pignora noſtri,
83 1091 648 1129 Hæc, peto, ne pergas mihi tam præfracta negare,
82 1120 619 1156 la iuuentutem recreabunt ſuauia noſtram,
698 1146 741 1170 Illa
