888 1312
358 77 605 101 IOACHII
150 83 196 112 2o4
147 112 571 144 Illa ſenectuti parient ſolatia noſtræ:
146 146 704 176 H æc tibi non venient vacuas delapſa per auras;
147 176 743 205 Nuncquam narer eris, Veneris niſi munera noris;
147 204 679 232 Nuncquam me patrem facies, ſi dicere nolis
148 234 736 264 Quid ſit hymen mitis, quid amoris gaudia poſſint:
150 263 665 290 Talia nunc demens ecquid tu dona recuſas?
149 292 637 322 Quæ vel reginæ nonſint ingrata ſuprema,
842 320 886 342 i
149 320 654 349 Qiantum poſſedit iuris tua mater amando
859 354 886 370 Mo
147 350 734 381 Inte tantumdem generum quoque iuſſit habere;
147 379 661 408 Obſequium debes illi; quid ſubtrahis illud?
145 410 666 438 Te nos vincemus coniunctis viribus ambo;
147 438 708 470 Siſapis heus, nuncquam pugnabis ſola duobus;
146 468 654 496 Alcides nequijt, quamuis fortiſſimus, illud
145 496 718 527 Neſcis, quid fugias ideoqne fugis. mihi crede,
147 526 752 559 Oni ſa nus ſemper nuncquam imedicamina ſumpſit,
146 556 680 585 Tetra ſalutiferos ſuccos putat eſſe venena:
1 562 80 595 A
146 586 679 618 Dando, reddendo, vel non ſtat vita caditque:
147 616 684 649 Accipe, quo pellas animi tibi nubila triſtis,
144 645 691 677 Non inuita dato, quod mox retinere nequibis,
149 673 637 704 Gratia deetur meritis, quæ corde libenti
146 703 636 735 Non tardata diu, properè venere proſecta,
146 734 739 761 Nunc age carpamus primum, Iux candida florem:
146 762 670 798 Sic propius ſperat, ſperataque gaudia captat.
143 790 645 824 At ſponſæ mores tentamina cuncta pudici
145 819 648 855 Submiſſe renuunt; tanto magis vritur ile,
144 849 703 884 Namque ſitis creſcit, cum pocula viſa negantur.
143 879 735 911 Illa moras quærens, lachrymis nunc orat obortis,
142 908 661 942 Nunc ludos thalami ficto languore retardat,
144 937 677 966 Sed iam blanditias iuuenis non ſuſtinet vltra
141 967 701 1004 Perdere: cumque rapi cupiant plerunq; puellæ,
142 996 730 1033 Qod malè perſuadet, videt, an bene cogere poſſit:
139 1026 602 1061 Adtuit audaci cœpto fortuna benigna.
140 1054 680 1093 Nam ſubito arripuit rurſus noua tela Cupido,
139 1085 665 1121 Et tenerum ſponſæ perfxit arundine pectus:
137 1113 704 1152 S prius admotas flammas contempſit, ignes,
692 1155 853 1184 Accepto
