888 1312
385 70 647 91 OACIMI
172 71 217 91 a6
173 106 682 137 Eſt, quod lateris. compendia magna tuliſti,
850 129 885 159 i
173 137 768 168 Virgo prius ſimplex facta es nunc femina prudens:
852 159 886 187 cr
172 166 642 197 Et ne commiſſa culpa videatur iniquus,
174 195 782 229 Quod rapuit, manifeſto. aut clam. ſub iudice lis eſt
172 225 656 255 Dupli quadrupli, lege eſt penſare paratus.
172 253 700 282 Vix beneſedarat primam, ſitis altera creuit,
849 280 882 299 t
170 284 704 314 Rurſus amans ardet. rurſus ſua vota retractat
841 311 886 334 M
170 313 708 344 Expleri penitus nequit, ardeſcitque bibendo.
1 318 35 346 I
859 335 886 360 H
170 341 689 370 Non ita difſiciles aditus, velut ante fuerunt,
860 365 886 389 u
169 371 765 403 Nun c ſunt ad fractam muris quam ſubruit, arcem;
167 399 744 433 Lætus in ha regnat, dominatur & imperat vnus;
168 429 752 463 Vnus liabet prædam, qua ſubſilit atq; triumphat,
167 459 705 486 Nullos admittit ſomnos; tamen anua nox ſit
167 489 758 524 Optat, & Auroram Cephalus ſub amre retardets
165 518 697 547 Si tamen vlla quies vigilantia lumixa claudit
165 548 667 580 Parte aliqua, certe maiore reſeruat aperta,
165 577 710 609 Hac cernit dulceis, quæritq, & captat amores,
165 606 654 638 ta tis breue ver iucundo flore coronat,
165 636 694 670 E quo cum Pœbe nouies impleuerit orbem,
166 664 655 698 rodeat optatus fructus, ſimiliſq; parenti:
166 693 638 725 Scilicet, vt quærat, quo vitæ tædia fallat,
165 724 710 758 Cum tener è gremio matris tractanda puellus
166 752 694 787 Brachia protendens oculis atq; ore ſalutans,
164 782 652 817 Imcipiet blando riſu cognoſcere patrem:
164 810 649 845 Vel balba diſcet lingua papare minutum,
161 841 666 873 Amplius aſſuetæ mammæ lallare recuſans,
163 871 770 907 Hæc modo maternis, modo ſarcina gtata paternis
164 899 695 938 Conſidet genibus, præbens ludoſq; iocoſque,
194 928 618 958 Talibus & ludis, & verbis talibus illi
161 958 725 989 Implerunt noctem, donec lux alma reuerſa eſt:
161 989 674 1025 Quam quo gratetur mulieri e virgine factæ,
160 1018 681 1054 Atque diem fauſtum iam diluiſſe ptecetur;
160 1044 702 1084 Oſcula coniungens blanda fert voce ſalutem:
158 1074 686 1112 Illa ſilet primo, timidumq; ad lumina lumen
157 1105 721 1138 Attollens, poſtquam cum cœlo vidit amantem.
698 1144 854 1177 Embit,
