888 1312
296 68 493 90 AA
88 106 575 137 Erubuit, ſocium nimio non auſa pudore
91 136 571 165 Apellare virum, vultus cælaſſe modeſtos
92 167 648 196 Obductis vellet manibus, pudor alter obortus
92 196 577 225 Non ſiuit charo faciem auertiſſe marito.
92 225 588 254 Quod licuit, ciliis demiſſos texit ocellos,
90 255 647 285 Tumq; diem fauſtum pudibundo reddidit ore.
121 285 663 314 Vt magis atq; magis nitido patefocit ab ort
90 315 591 344 Purpureas Aurora fores, ſtellaſq; fugauit,
91 344 592 371 Et Phœbus latum radiis pertexuitrbem,
91 373 577 402 Proſilit è thalamo ſpoliis elatus opimio,
91 402 604 431 Furtis & tenebris ſolitus gauere Cupido,
90 431 621 462 Et, quæ ſub clauſis cortinis geſta fuerunt,
93 461 639 491 Garrulus in medium debuccinat ore procaci,
654 964 753 990 ET
