888 1312
191 289 719 320 PETRIBACHERII.
318 362 661 393 DeSiluis Ini Dousâa Nordouicis.
160 430 803 483 Int lacrypmæ Pindusſint lumina Theſſala Tempe;
216 459 600 484 VEt ſleat euentus ille vel illa ſuos.
147 489 677 519 Diues inareſcat volucris ſacra vena Caballi;
173 518 590 544 Et ſiſtat curſus aſtalis vnda ſuos.
164 549 762 585 Nunc viduus lauri eſt Pindus, nunc roſcida Tempe
192 578 633 611 Florum: Caſtaliæ vix cupiuntur aquæ.
166 608 729 642 Quid mirum: Clarius quando migrauit Apollo,
198 638 655 670 tt cum ter triplici caſta Minerua grege.
158 666 640 701 Viderat hos migrare citis yllenius alis,
192 697 676 727 Atq; Hippocrenen linquere velle ſacram.
160 725 769 761 Protinus exclaat. Quo nunc quo transfugæ abitis?
192 755 691 786 Vnus ego inculta lheic Theſpiarura colam?
164 783 702 817 Quas alias ſedes quas rupes quos vve receſſus,
192 813 583 847 Quas alias, iſtis anteferetis aquas?
160 841 719 877 Delius hæc contra: Rumor modo gemmus alba
192 871 612 907 Albatus pcnna, linquere ſueta iubet.
162 901 734 936 Nos Iouis imperio gelidam iubet ire ſub Arcton,
191 931 626 966 Et petere occiduæ regna beata plagæ.
161 959 729 997 Auouis oblucter monitis? quiniuſſa capeſſam:
190 988 620 1019 Ille iubet, properoſi reuocet. maneo.
159 1017 762 1058 Non ſolus tamen ibo:nouem cum Pallade Nymphæ
190 1048 624 1078 Se comites iungunt, delicioſa cohiors.
158 1076 680 1112 Ad Batauum plenis properamus litora velis
187 1105 623 1138 Et bene tranquillo labimur Oceano.
710 1147 821 1170 Nortui-
