888 1312
1 26 427 50 æ
855 107 886 135 i
166 121 207 137 T0
193 137 724 172 Poneret heic tandem quod Boreæ ira minas.
844 165 886 194 d
163 168 687 206 Pone ſupercilium & criſtas demitte feroces
198 196 708 231 Cræcia Valladiis quondam adamata viris.
169 228 607 263 Aruit aligeri diues tibi vena Caball:
200 256 665 290 Sanctius hanc multo terra Bataua colit.
168 285 698 321 Multa ſilent priſcis ventoſa oracula Delphis:
200 315 656 348 Cratior eſt Delphis terra Bataua nouis.
173 343 718 385 Quid iactas Helicona tuum, nemoriſq; ſacrati
202 376 573 406 Vmbas, diuitiis ambitiosa tuis?
171 405 660 443 Aſpice quot doctis ornetur vatibus Haga.
200 435 602 469 Vndiq deliciis Hlaga ſuperba uis.
174 463 793 497 Scribere nunc quiſquam craſſa audeat aure Batauos
202 494 670 529 Aut gerere hosClario corda aliena Deo?
1 501 59 544 i
174 521 703 558 Heic pius Houæus, cui vertice adorea pendet
204 552 652 582 Laurea cui ſacro crine ſequax hedera.
175 581 674 615 Muſius heic, qui virgineo præfectus ouili,
203 612 638 648 Cygneum pleno fundit ab ore melos.
175 640 812 677 Tergeminos fratres, Marium, Gradium atq; Secund
207 672 596 705 Agnoſcit vates terra Bataua ſuos
177 700 687 729 Nec ſinam moruatum tete, clariſſime Iuni,
207 730 700 764 Si quid habent Geniiverſibus eſſe meis.
177 762 699 787 Te medicus medicas docuit Latonius artes:
205 790 656 818 Te vatem vates non minus eſſe dediti.
177 818 730 846 Sed tu. Douſa, nouem tuſtiſima cura ſororum
208 850 619 885 Qui linis in chartis nil triuiale tuis,
178 880 691 912 Qui pius è Graio venientes orbe Camœnas
207 909 671 939 Accipis hoſpitibus Douſa beate nouis;
176 939 644 969 Excellis reliquos tantum, feſtiue poëta,
208 968 695 999 Quantum vel Phœbi ſigna minora ſoror:
178 995 760 1028 Vel quantum obſcuros pellucida gemma lapillos,
211 1028 660 1058 Aut volucres fato proximus albus olo
177 1056 789 1087 Et nunc dicet adhuc quiſquam craſſa aure Batauas
208 1087 675 1116 Vel gere hoc Clario pectora clauſa Deo?
178 1112 817 1145 Sunt quibus eſt ſtudi, decima cum Pallade Nymphas
206 1147 658 1170 In vitare nouem carmine blandiſono.
709 1173 820 1200 Hactenus
