888 1312
345 79 674 123 ECHIORIS
199 129 670 161 Omnia, prata orbans floibus, arua ſatis,
171 159 738 192 At nunc quocunq; aſpicias ridentq; iuuantque,
202 188 629 220 Omnia, prata ſuis floribus, arua ſatis.
172 210 760 247 An vero hæc ſieri dubitem ſine Numine Diuum?
204 247 643 278 Sentio: Iupiter oſt;hie mea regna Deis
175 276 640 308 Orbe vagis toto tutum ſacrauit Aſylum.
206 307 579 335 Sit felix, tectis euge ſubite meis.
176 335 813 364 Vos mihi d viuam DVLCES ATE OMNIA DIVE
203 366 588 392 Eſtis eant vitæ ſic mihi fata meæ.
176 393 772 423 Dixerat arrident omnes. tum Phœbus, Age, inquit,
204 422 679 455 Noſter es, & nos, vt dignus es, vnus habe.
352 590 621 621 A ANI.
386 649 610 679 De raptu Ganymedis.
179 716 753 780 ymphæ quæ Nemees saltus habitatis odoræ,
227 747 737 778 Herculea fama:nam quo vos fata Molorchi
179 776 725 808 Depulerant, quondam falſa è Cyllene reductæ:
179 807 737 831 Annua vos cuius ſacra concelebratis, ad aram
179 836 688 866 Cibus Epiti, magniq; fluentibus Argos:
178 865 793 898 Nem pe hiunc menores oleis Syciona virentem,
182 895 675 925 Cymotes vi.das, Scioſeſſæ culmina tuto
179 925 651 950 oſſe coli, cæſo veteres terrore Clcones.
208 950 846 984 Dicite vos Nymphæ, quod apud vos vxor honorëm
178 985 701 1014 Cum magno æqualem fertur ſortita marito.
179 1014 718 1043 Non vobis ecenim delubra incognita credam,
180 1044 689 1068 Obtinet excelſam felix vt Dia Phliuntem;
178 1073 660 1103 Nouerunt Patræ, gladiatrix lis, nſopis,
178 1104 712 1134 gialos quotquot vel . trit Achaia gentes.
206 1132 717 1163 iſs quas ires latucam. Phœbus habere
751 1161 821 1191 Fece
