888 1312
359 83 618 109 M EORIS
156 122 666 154 Ipſeque T rœſenæ genitor teptunus ab oris
159 152 671 181 Cum couſorte tori celeres deuectus agebat
160 182 671 213 pportunus equos. rellictis atque Cytheris
158 210 737 241 Alma Venus geminæ regit aurea frena columbæ
158 240 705 269 Mars Deus armorum Phlogium frenauit, & axi
158 270 683 300 Iungitur inſanus Lephyris velocor rhon,
160 300 728 328 rea Barbaricæ quatit vngula Thracis arenam.
160 329 631 358 Is circumfuſo conſeptus puluere fertur,
159 357 704 386 Et frenum medio moderatur ſlexile plauſtro.
162 387 646 417 Aſt ſocia Iunone patris veniebat in aulam
140 417 636 446 Pallas & crectis incedit bellica membris.
140 445 735 476 Quoſque ſalutatos bonusexcipit hoſpes Apollo,
157 476 661 505 Ad ſua quodq; forent ſolennia feſta venire
157 506 653 535 Dignati. laudat, cunctoſq; exordine Diuos
159 535 698 563 Collocat, apponens gliſcentia fercula menſis:
160 563 732 594 Tum iubet, vt ſumant alacres potumq; cibumq;
156 593 729 622 Et faciunt: nec opus verbis monitoris habebant:
159 624 689 653 Tam vacuant omnes ingentia pocula, tantus
157 652 696 681 Impetus in patinas; reſonant concuſſa palata.
158 680 721 711 Aſt bi tam vehemens primum deſerbuit ardor,
155 710 688 740 Atria Diuorum ſtrepuerunt voce loquentum.
157 740 715 769 Hunc ego, Neptunus, cyathum dilecta propino
159 768 700 800 Amphytritetibi: tibiq; hunc Proſerpina, Pluto
156 796 581 830 Infit: eæq; ſuis aſſurrexcre maritis.
157 828 687 860 Conuiuam lætum paſſim Deus omnis agebat.
185 855 686 888 At ſe alienatam longo iam tempore verum
154 886 612 912 Iupiter indoluit nil ſe curare maritam.
154 914 686 948 Sed confcrre ſuos tacita cum Pallade ſemper
154 945 832 978 Sermones meditans tandem haudincongrua, plenum
148 974 626 1002 Arripiens cyathum diuino nectare Diuæ
149 1003 597 1038 Annuit Idaliæ. patris inſurrexit at illa
148 1032 676 1064 Ad nutum, &rurſum parto conſedit honore,
149 1061 656 1096 uauiter in gremium dimiſſo Iumine, geſtu
148 1091 675 1126 Purpureum ſimulans fucato vafra pudorem
179 1121 807 1158 Tum pater ad Venerem:qu res eſt, inquit, honeſta
715 1161 791 1188 Qum
