888 1312
262 38 498 71 ALI.
81 69 638 124 Quam pia, quam vinclo nimium iucunda ingali
80 104 605 147 Vorem venerari, ipſum redamare maritum
82 132 614 178 Aſt tecum quid ego nunc his ambagibus vtor?
83 168 560 206 Non volo te noſtræ mentis ſecreta latre.
85 192 622 238 En vt concatiat caput, vtque in Pallade vultus
84 223 590 265 Detineat luadente, puto, ſera prælia Martis.
87 252 603 298 Nunc vbi, quæſo, tui vis illa Cupidinis, olim
88 281 560 328 Corpora iactaſti cui nulla reſiſtere poſſe?
1 294 40 334 u
89 308 614 359 Ipſe ita ſi regnat, ſi ſic dominatur in omnei,
91 339 598 382 Cur coniux ſe noſtra tuo non ſubdit amori?
90 372 540 413 Baſia, delitias quoties ab ea ve popoſci
92 396 630 443 Non te dignor ait, foueas, cogaſque, regaſque,
94 427 600 471 Scilicet imperites noſtris vt. ſordide, rebus:
1 438 40 466 h
94 451 699 504 Abnego coniugium tibi, quod conſt:inximus olim.
95 487 636 529 Talibus obtundit verbis mea votarteruis.
95 512 658 562 Proinde tibi, pueroque tuo, facibuſque ſuperbis,
99 549 518 591 Siſurrepeitiis eſt vlla potentia telis,
97 575 650 618 Non admitte moram, ſed dilue dedecus ingens
98 610 594 647 VlIciſcare nefas, ſoluat pro crimine pœnas.
101 635 576 677 5ic diſcat cæſtoque tuo poſt eſſe rebellis.
101 665 642 710 Hæc pater. alma Venus relpondit talia contra:
131 692 646 737 Bella cerebrigena ſemper cum Pallade : uno,
103 725 588 766 Indefeſſa gerit, pariter per caſtra feruntur
104 752 650 794 Armatæ, ſternuntque viros: nil. bellica præter,
104 781 596 824 Delectt toruos animos: Mars carior illis,
106 800 752 859 Quam Venus heu miſer quantum contemor a ilſis?
107 835 696 888 Scylla Stygem, Latona Polum, Cætumque eduia
108 867 717 916 Callyrhoën Geryon, Ops thera, Gorgona Stenus,
107 897 659 944 Ame Sphinx etiam victam teſtatur Ecidna.
107 928 589 977 Ipſe ſuas flammas vites & habere negauit
2 952 40 982 u
108 959 611 1001 Idalio feruens Acheron correptus ab igne,
110 987 645 1031 ræbuit acceſſum mihi pectus triſtis Erinnys.
113 1014 632 1060 Sollicitata poli; ſalſi quoque umina ponti
114 1047 589 1089 Senſere ardores; Erebi ſenſere profundi.
112 1073 628 1120 Non ſatis ergo fuit Dianam, Pallada, Muſas,
509 1103 785 1133 OACunflM-
2 1129 43 1156 û
