888 1312
267 80 465 101 ARLEI.
64 111 528 145 A obuiaſaltantis iuaenis veſigia vitat.
64 145 585 175 Lætitiæinualuere. hilares riſuque iocique,
77 175 578 206 Atque agili lauſu Diuorum perſnat ala.
104 204 601 232 Promiſ memor aſt Cpri Regin virentis
74 234 556 265 Fluctuat, curis animos agitata inoleſtis
75 264 553 293 Flectere qui duræ unonis petora poſſit,
64 294 601 322 Diſcedit, cunctique Deam irantur euntem.
70 322 618 352 Luſibus indnlgent reliqui præſentibus omnes,
73 352 615 383 Fulmine depoſito quo turbat uppiter orbem,
73 381 571 411 Iuno ſuis bellis. nemoroſis Delia ſyluis,
72 412 593 440 Poſthabitis etiam duris Mars belliger armis,
74 441 624 470 Sola ſuos Cytherea dolosmcditatur, & angunt
76 470 593 499 Sollicitam curæ, quoque ſpes incerta futuri.
105 499 677 529 Eſt prope magnificam fœcundus floribus aulam.
74 529 615 557 Aroribuſque ſacer non deſicientibus ſortus,
71 559 556 586 Vna cui tantum pars cognita totius anni;
74 587 567 617 Perpetuum veris floret fragrantis honore.
76 617 611 640 Non Boreas fremit hicAuſtero flamine. ſolus
75 646 619 675 Arboreos mota Tephyrus dat fronde ſuſurros:
77 676 536 705 Non torpor violauit eum, non exitialis
76 706 651 734 Contriſtauit hyems: plantæ genus omne virentis
75 734 595 763 Languorem neſcit: ſunt germina neſcia fati
77 764 581 793 Pendula depictos hic vinea degrauat arcus.
76 793 682 822 Hic genus innumeris concentibus om ne volucrum
76 822 603 851 Perſonat, & roſidum teſtantur qualia Peſtum
77 851 610 880 Grata voluptificis deſcendunt flumina cliuis.
72 882 667 910 Hic Venus ad placidum conſederat aurea fontem.
106 910 589 940 At puer, Idalii qui tunc vmbroſa tenebat
77 940 549 970 Iugera, maternos fertur ſenſiſſe dolores,
78 970 568 999 Abiecitque, quibus luſit pueriliter, arcus;
75 1000 589 1029 Et telis humeros aliis, oneranſque lacertos,
78 1029 585 1058 Vos ait inceptos pueri nunc pergite ludos,
82 1058 570 1086 Seria nos ali nam res vocat. iſta profatus
77 1088 528 1117 Auolat & caræ genitric is ſiſtitur vlnis.
70 1115 680 1151 Huic, quid ait gemis his quid an inſuperabile telis
659 1147 733 1169 Vinit?
