888 1312
358 56 610 88 ELIORIS
163 74 199 93 aI
164 101 686 135 Viuit? & vnde eſt hæc tibi diffidentia noſt
849 117 884 143 ss
163 130 754 165 Quis noſtro imperio temere inſultauerit vnquam:
852 145 886 171 s
193 160 810 191 Tum Dea: magnaquidem, nec inania, nate, profaris,
163 191 748 225 Et præſtas etiam. quam vincas improbus omneis,
165 221 694 255 Quam ſublimis eas,nec maxima ſæpe pericla
163 250 758 284 Expaueas, notum eſt homines, & Numina cedunt:
164 280 738 311 Te timet ipſe Acheron, metuit te triſtis Erinns:
164 310 625 342 Militiæque tuæ tibi non debile partum
165 335 768 370 Eſt decus: exſtinguit tamen vnum dedecus omneis
848 357 886 383 t
163 369 713 400 Et titulos, & quos adfers hinc inde triumphos:
848 383 886 406 b
166 399 709 433 Quod te Iuno tibires non patienda repellat.
164 429 713 461 Ergo age, noſtra iſto quia gloria pendet ab vno,
146 458 759 487 Gnate, ornamentum matris, mea. gnate, voluptas,
165 488 729 520 Diſce quod eſt actum. thalamos initura procaci
165 518 707 550 Hac quod Iuno ſuos animo ſit uocte ſequenti,
165 548 641 576 Addixi, mihi crede, Ioui. ni perſida dici,
164 577 717 611 Et periura velim, res eſt peragenda. quid, eheu,
166 608 700 637 Conſilii? ſuecurre precor, ne. gna te, paueſcas
167 637 699 669 Aſſerere, atque nouis famam ſuſtollere factis.
168 667 746 697 Quid metuas tentare Deam? tentabimus, inquit
167 697 706 728 Paruus Amor. quid, mene putas diffidere telis
167 728 708 750 Talibus? hunc credas laxi curuaminis arcum?
197 756 771 786 Hæ c inter ſe dum genitrix gnatuſque loquuntur
167 786 738 817 Delius herbiferum Phœbus veniebat in hortum,
166 817 685 846 In cœnam vt legeret bellaria grata futuram:
165 846 675 877 Vt vidit Venerem: quid, deſidioſa, moraris?
168 875 678 906 Quin, ait, & choreas agis exhilarata iocoſas?
165 903 885 952 Tum Venus: haud cordi mihi ſunt conuiuia, Phœbe,
165 936 706 966 Me noua ſollicitudo premit, Iunonis vt igneis
165 966 601 995 Iuraui patri: ſedet aſt præfractior illa
166 994 885 1036 Cote. quid incipiam modo neſcio, te quoque victum
164 1025 750 1055 Pulcra genas Clymene, formoſaque Perſa fatetur,
164 1055 654 1085 Et patiare tuo quod de victore triumphet
165 1085 715 1115 Feminanon eſt in puero ſpes vlla, quod olim
162 1113 699 1150 Ipſa meum longe bis, terve fugauit Amorem.
