888 1312
264 75 461 98 BALÆI.
679 74 723 92 ID
66 107 537 139 Idtamen auxilio furioſæ Palladis: ipam
67 132 613 173 Credo quidem ſolam nobis ſuccumbere poſſe.
68 170 681 198 Audiit hæc Phœbus, fruticum cui maguia porentum
68 198 607 233 Cogniti, quibus ingeneretur mentibus altis,
70 227 608 266 Queis ſoluatur amor. ſoli mihi cura ait, huius
1 236 46 262 e
69 257 582 289 Sit mmiſſa rei. quod Iuno bella ſequatur,
68 287 559 315 Palladis lnſtinctus, non eſt natura; ſuaues
68 316 645 350 Ipſam nam Charites quondam nutriſſe feruntur.
67 346 568 379 Exteriora ingens belli quia corporis ardor
67 373 660 405 Obtinet, hinc tam ſunt præcordia frigida, veſtrum
1 387 43 410 u
70 406 663 435 Vt nihil aut carent aut ſpernant prorſus Amorem.
70 435 572 468 Aſt ego brumali medicamine rie calorem
2 448 42 478 u
69 464 550 496 Eternum cogam. per & interiora ciebo.
1 480 41 507 v
70 494 614 524 Tunc illa ariditas, ſteriliſque operabitur intus
1 510 41 538 i
70 522 659 557 Humor, ob ardorem, qui cinctus denique baltheo
70 553 601 580 Hactenus æriſono eſt ſtrictis immobilis extis:
1 575 40 596 u
69 583 531 614 Hoc laxo, venter vitali ardore tumebit,
1 607 40 623 s
69 611 569 646 Inde tuique pati diſcet ſacra vincula cæſti.
104 640 612 674 Sic ait. atque ſtatim virides tellure revulſit
70 671 626 702 Lactucas aliaſque herbas, famuliſque lauandas
72 700 581 728 Tradidit. in menſis mellita futura ſecundis
72 729 597 762 Fercula. tum Diuos. qui multo prandia ſaltu
73 760 624 795 Concoxere, vocat cnæ ad genialis honorem.
73 788 621 818 Conſedere omnes editur. bibiturque: remotis
74 816 728 849 Omnibus his tandem, apponitque repotia Phœbus:
71 847 590 880 Luxuriem, ſtomachique irritamenta guloſi.
73 879 604 906 Inter & hæc vario lactucam flore madentem,
2 903 38 928 Hls
75 908 558 940 Quam picturata ſpecie decepta ciborum,
73 937 585 970 Largius & Phœbo Iuno inuitante comedit.
74 966 599 996 Conſcius iſtorum vorem langueſcere ſenſit
73 999 629 1029 Iuppiter. illa nouum ventris mirata tumorem,
73 1024 670 1058 Mollitumque animum, tacet, amplexuſque mariti
74 1057 691 1112 ::r:
637 1112 734 1135 Sordue-
