888 1312
365 71 618 96 MEIORIS
169 111 730 143 Sorduerant cantus, cithatæ, molleſque choreæ,
169 141 743 173 Quod ſpe pienus erat potiundæ coniugis, omnes
172 171 628 199 Ad ſua digreſſi ſi eſlent domicilia Diui.
172 200 774 230 E que Sagittifeu Diuim pater, atque hominum rex
173 230 697 258 Eerit axe caput, deſpcctans deſuper orbem,
175 260 784 294 Quam longe progreſſa forent nigra tempora noctis.
173 290 674 320 Dum Cmmerii radiis incognita Phœbi
174 319 710 347 Horriiicus ibomnus relliquerat antra receſſus.
174 348 699 379 quora lata ſi lent, venti poſuere, iacentque
174 378 710 406 Omnia, depopulante forent ceu morte ſolurta,
172 408 623 437 Vitalis regeret nullos & ſpiritus artus.
173 439 670 468 Sollicitæ gemitus pecudis, non alitis vllus,
172 468 690 497 Laitratuſve canis. non ſibilus anſeris vſquam
172 496 641 525 Auditur. nullo ſtrepitu pulſantur & alta
173 527 696 556 thera, ſopitum tenuere ſilentia undum.
173 556 756 585 Protinus ergo iubet diſcederc quemque Deorum,
174 585 718 615 Et requiem hortanti tandem concedere nocti.
172 616 764 646 Nec mora, Lethæos thalamos cum coniuge Pluto,
179 646 756 675 Spnmiſeros Neptunus, adit quoque cætera turba
175 675 668 704 Cum conſorte ſuos. ſpuma victoris Iacchi
175 704 711 732 Obruta. prona ſolo ronchos iacit ebria Pallas.
174 733 660 765 Pæneque deſuetos iam ſubridente marito
172 765 689 793 Iuno toros iit amplexu tacitoque fouetur.
175 793 707 822 Crera connubio quæ ſunt certamine furtim
175 823 738 854 ACta puerperii decimum poſt tempore menſem
172 852 622 881 Edita teſiatur ſpecioſis crinibus Hebe.
205 881 622 911 Succeſſu lætata rei Cythereia fauſto
171 911 619 943 Idaliimontis propere ſecreta petebat
172 941 724 972 Iactabunda, iugum quia ſenſerat improba Iuno
172 970 664 1002 Sæpe recuſatum; purgat ſua pectora curis,
170 1002 708 1031 Atque proterua canit Paphio de more tropæa:
173 1031 808 1061 Occinit omnis amor, reſonat Paphos, altaque Cyprus,
170 1060 739 1091 Fama triumphantiſque Deæ perculſit Hypæpas,
171 1089 691 1123 Ganiſuſque fuit longe gtauis incola T moli.
165 1118 770 1151 Q cognouit Erx, tnœbi & conuiuia Memphis,
752 1146 835 1172 Iuno-
