888 1312
297 72 498 102 F ARLÆI.
688 81 732 95 2a2T
1 104 38 129 u
78 109 597 148 Iunonemque ſuo iam concubuiſſe tonanti
80 140 550 178 Alta repercuſſa teſtantur vocc Cythera.
80 169 604 203 Et iam Floricomi, renotantis & omnia veris
81 199 647 238 Tempus erat, dantur ſua cum primordia rebus,
81 226 699 266 Terraque cum plantas frondes, cum floribus effert,
82 258 592 298 Atque nouo muudus genialis ridet honore,
83 290 595 321 Humida cum calidos exhalat terra vapores,
85 319 402 358 Quo creet & res & cœleti
415 316 592 349 pora paicat,
84 346 596 380 Prodiit in lucem ſoboles vt amailis ebe,
84 381 568 409 Et forma felix, & Diis vtroque parente:
85 404 586 439 Fortunata niſi iſtabilis tam ata tenrilis
87 433 634 474 Crurlbus atque magis pedibus ſi rmas:
87 463 653 502 Complacuit nam ſola Deis nam ſola & hapetur.
86 491 621 533 Digna oui magno quæ dulcia via miniſtret.
118 521 629 555 Tranſacto autumno paſſim vindemia diues.
89 552 574 587 V fuit aſſiduis calathiſcis ſubdita prælo,
90 581 612 619 De viridiini Flauum folia & utata colorem
88 612 544 646 Nudarunt ſiluas Boreæ deiecta fragore,
92 637 601 678 Solares atque excipiens Antarcticus axes
90 668 626 704 Circulus imbriferum tempus præſagiit anni:
92 698 661 738 Dii triquetra Egypti fecundæ regna petebant;
93 730 553 773 Regua, nec Elyſiis agri genialis honore
92 757 588 794 Inſeriora plagis, quæ ducta cupidine dulci
93 786 603 827 Empyrio petcrent cœleſtia Numina ſoreto,
95 817 625 851 vt recreent animos, vt iucundiſque frcantur
94 848 671 884 Deliciis? quoniam linum Phariamque papyrum,
94 876 543 917 Et palmas, & quæ oliis colocaſia ltis
96 907 631 939 Naſcitr, & reſinas, lentes, & alumen,acetum,
96 934 607 969 Niliaco calamos, nutritaque germina limo,
96 961 622 1002 Hcrea quo que vnus depleri mcſſe ſecunda
97 994 615 1027 Ferret, & æſtates geminas gptius annus.
96 1021 605 1062 Nec minus hæc etiarm regio cogente perico
1 1028 37 1069 i
99 1051 635 1086 Tutum Numinius cunctis præberet aſylum:
96 1083 509 1120 Vt coniuratis proles Titania ſignis
3 1109 608 1152 ecitin aduerlos iuga cum terreſtria cœlos:
686 1139 755 1163 Cu
11 1153 56 1185 Iu
