888 1312
370 77 624 101 MELIORIS
171 114 766 146 Cum præruptus Athos, Rhodope, cum Pelion, oſſa
168 144 712 176 Cumque iganteis eſt acta per æthera dexttis.
170 173 732 199 Non leue tum diſcrimen erat, ne machina zonis
170 203 680 232 Decideret ruptis: vt brumæ tempore denſæ
170 232 694 262 Deſccndunt ex axe niues, aut impete fertur
168 262 698 292 Grando procelloſo: numero non illa minor
172 291 679 319 Acta ferebantur cum latis culmina campis.
168 322 565 347 Irruit Eoi nexuras cardinis Oetes,
168 351 633 380 Inſonuere poli portæ. Iouis,illa repente
171 380 679 409 Siue minarentur longo ſeu lumine ſtarent,
169 410 754 440 Porphyrion tulit indiuulſam in flumina Lemnon.
170 439 737 470 Auditur ragor, t cum magnam concutit vrbem
168 469 697 500 Machina diſpioſis reboans Vulcania bombis.
168 499 712 528 Ipſe pater Diuûm turbata tonitrua quamuis,
170 528 661 558 Qualia non audita fuere ab origine mundi
169 557 623 586 Inter ſe multa commiſſa nube cieret,
169 587 675 617 Nil potuit, tali magnum per inane tumult
169 617 650 646 Illum montani crepitum vicere fragores.
168 646 725 675 Ergo ſuis nullam cum ſpem conſpexit in armis,
168 676 735 705 Tune neque enim clypei fuit almæ Palladis vſus.
170 705 808 734 Quem poſt nempe Mimas cſ fratre, Damaſtor, Echio,
168 735 720 763 Verſaque ſentirent congrefſu membra ſecundo
167 764 646 794 Pallantis, ſaxo rigidos ſerpente per artus:
168 794 646 823 Sollicitus curas concepit Iuppiter atque
169 823 652 852 Quod deſperatis minime præſentia rebus
165 854 698 882 Tempora concilium poſcebant, vos, ait, ergo
168 881 711 911 Conſultate Dei & noſtrum defendite regnum:
168 911 715 941 Res agitur veſtra, & iam limina prima tenentes
168 941 628 971 Acriter irrupere viri. nec plura locutus
168 970 634 999 Proripnit ſeſe, & cœlo citus extulit alto,
167 1000 656 1029 Huc vbi præcipitis fit ab vndis inſula Nili.
167 1029 681 1059 At reliqui cœlos quoque deſeruere relictos.
167 1058 674 1088 Qualiter obſeſa pugnacibus hoſtibus vrbe,
168 1087 786 1119 Spem mittenſque animum ſi Dux dat terga, maniplis
165 1119 679 1150 Cætera proiectis fugientem turba ſquetut.
751 1151 813 1171 Tunc
