888 1312
239 74 540 107 BARLÆI.
687 79 729 98 22
20 110 607 149 Dixerat armigeræ tum Iupiter iſta volueri
2 144 693 182 Inquit: pone meum. volucris, pro tempor fulmen.
1 173 622 213 Dignus amore mco puer eſt, vbi fonte Icaturit
18 204 632 239 Innumero grata da feris hnc deuola, & iilum.
1 234 662 273 Nam de more ſoler ſummo ad iuga tenidere mane,
69 262 579 294 Cum veniet, raptum leni mihi ſiſte volatu
1 287 666 353 eaa
40 350 635 386 Purpuroum tantum ſummæ iuga conti git ldæ,
40 379 625 415 Cum reliquis & vix abſceſſcrat rleſperus aſtris,
1 404 553 444 MIore puer folitocum matutius agea?
1 438 558 474 Cingens intentis canibus rorancia prata
3 468 568 504 Pars quorum paetulis quærit veſtiga naſis,
1 496 562 530 t Auribus erectis &pars ad vincula ſtabat.
3 525 571 564 ienatura tacens iam latratumq; Moloſſi.
1 556 591 594 Qi niſi conſpectalatrans ſecat aera præda.
1 585 607 623 Opperiens, qam forte ſuis excitus abantris
39 616 583 647 Proſi lit incautus lepus, atq; iuſtantia limis
1 646 668 681 iReſpiciens fugit ora canum pars vincta tenentem
40 675 601 717 Fert puerum, & ruptis defertur in aëra loris.
105 704 637 734 Hactenus in ramis ſteterat Iouis arboris ales.
76 737 639 770 Opportuna noui credens daa tempora raptus,
75 763 608 795 Deuolat & circum puerum pludentibus alis
74 791 664 823 Fertur. at abſentcis nunc ingemit ipſe Moloſos,
3 800 40 818 A
76 821 585 858 Quod telis careat, cautiſq; volucribus illis,
74 852 651 888 Cum quibus aucupium ſolet exercere, volanteis
75 881 613 911 Ducere & in naſſas, cœlo & turbare volucres.
856 881 886 912 T
76 910 599 941 Vicino illa autem tumulo conſedit, & aulax
1 914 42 946 is
76 939 605 976 Approperans ſenſim facit admirarier ipſum.
75 968 628 999 Rebatur ſe non viſum, ſcrpenſque per herbam
77 1000 538 1033 Penitius parua ſtuduit ſe condere ſilua:
77 1028 626 1064 Atq; ſibi tandem meta propiore propinquam
79 1057 675 1093 Occupat ille manu; exclamans complectitur alas,
1 1064 42 1094 a
78 1088 640 1121 Ne forſan propere effugiat: nihil illa repugnat,
1 1118 528 1149 Par &a dulanti ſubmittit mollia colla
702 1149 734 1169 At
139 1155 295 1180 To emus.
