888 1312
239 74 540 107 BARLÆI.
62 110 607 149 Dixerat armigeræ tum Iupiter iſta volueri
61 144 693 181 Inquit: pone meum. volucris, pro tempor fulmen.
61 173 622 212 Dignus amore mco puer eſt, vbi fonte Icaturit
62 204 632 239 Innumero grata da feris hnc deuola, & iilum.
61 234 662 268 Nam de more ſoler ſummo ad iuga tenidere mane,
69 262 579 294 Cum veniet, raptum leni mihi ſiſte volatu
62 350 635 386 Purpuroum tantum ſummæ iuga conti git ldæ,
61 379 625 415 Cum reliquis & vix abſceſſcrat rleſperus aſtris,
62 410 553 444 MIore puer folitocum matutius agea?
62 439 558 474 Cingens intentis canibus rorancia prata
61 468 568 504 Pars quorum paetulis quærit veſtiga naſis,
61 497 562 530 t Auribus erectis &pars ad vincula ſtabat.
62 526 571 564 ienatura tacens iam latratumq; Moloſſi.
62 556 591 594 Qi niſi conſpectalatrans ſecat aera præda.
62 586 607 623 Opperiens, qam forte ſuis excitus abantris
61 616 583 647 Proſi lit incautus lepus, atq; iuſtantia limis
62 646 668 681 iReſpiciens fugit ora canum pars vincta tenentem
62 675 601 711 Fert puerum, & ruptis defertur in aëra loris.
105 704 637 734 Hactenus in ramis ſteterat Iouis arboris ales.
76 737 639 770 Opportuna noui credens daa tempora raptus,
75 763 608 795 Deuolat & circum puerum pludentibus alis
74 791 664 823 Fertur. at abſentcis nunc ingemit ipſe Moloſos,
76 821 585 858 Quod telis careat, cautiſq; volucribus illis,
74 852 651 888 Cum quibus aucupium ſolet exercere, volanteis
75 881 613 911 Ducere & in naſſas, cœlo & turbare volucres.
76 910 599 941 Vicino illa autem tumulo conſedit, & aulax
76 939 605 976 Approperans ſenſim facit admirarier ipſum.
75 968 628 999 Rebatur ſe non viſum, ſcrpenſque per herbam
77 1000 538 1033 Penitius parua ſtuduit ſe condere ſilua:
77 1028 626 1064 Atq; ſibi tandem meta propiore propinquam
79 1057 675 1093 Occupat ille manu; exclamans complectitur alas,
78 1088 640 1121 Ne forſan propere effugiat: nihil illa repugnat,
62 1118 528 1149 Par &a dulanti ſubmittit mollia colla
702 1149 734 1169 At
