888 1312
288 59 646 82 MELIOI
142 63 185 82 226
144 98 721 126 At puer attonitus, tam corpore magna volucris
842 116 885 149 i
144 127 702 156 Imperium quod ſponte ſuum captiua ſubiret,
145 156 700 186 Morigeram blandè ſtringit, nec percipit aſtum.
149 186 645 213 Quin vbi ſuccreuit animis uda cia maior,
843 212 885 241 i
146 215 703 245 Tanquam quadrupedis ſternacia terga iuuenci
147 245 703 275 Conſcendiſſe iuuat: parens accommodat & ſe,
147 273 614 302 Oficij memor illa ſui, ſublataq; ſenſim
146 302 613 332 Arboreas ub ſe ſiluas: & prata reliquit.
145 333 721 364 Contremuit puer & multum ſtupet aëre primo.
147 361 695 391 Suſtollente autem ſeſe magis alite, prorſus
145 391 563 413 Iliacæ turres abeunt ſubſidit & Ida.
143 422 651 450 Iamq; viam carpit lento per nubila ttactu,
144 451 722 480 Dulce onus & nunquam commotis ſuſtinet alis,
147 479 670 509 Quin hærere loco dicas, nsquamq; moueri.
144 509 672 536 Tandem erat ad puri ventum confinia cœli,
145 539 664 569 Et claris non mundanæ in regionibus auræ,
145 568 738 601 Hinc quo Lodiaci quâ Phœbus perficit orbem,
144 597 738 627 Nimbirerus multum qui tunc extrema tenebant.
145 626 662 657 E ſaltu redicre canes prædamque tenebant:
141 657 720 687 Indagandus erat dominus, loca multa pererrant,
136 686 697 717 Sollicitis & herum veſtigant vndique plantis.
176 715 777 752 Qæque habitant Phrygio dulces in monte Napeæ,
143 744 681 776 Venantemque ſolent quæ ſuſpirare, gementes
143 773 694 801 Callyrhoes ſubolem tandem mirantur abeſſe.
141 803 624 835 Illum frondiferi ſaltus altæque cupreſſi,
142 834 704 867 Tunc quoque deſertæ gemuerunt vndiq; rupes.
140 862 564 894 Et deſiderio pueri ſuspirat adempti
142 892 715 927 Cum cupreſſifero Simois conſorte Scæmandro.
141 921 685 955 Communis luctus tune ſemideum Siluanûm,
139 950 693 984 Autris exciuitq; Palem, Nymphaſque decoras,
138 981 732 1013 Quaruim vna impleuit mœſtis his queſtibus auras:
168 1011 633 1041 Mecum piniferæ rupes, lugete fluenta,
136 1038 605 1072 Delicijs veſtris ſpoliata cacumina, lcte
134 1068 587 1102 Iam viduæ ſiluæ deſlatæque myricæ,
126 1097 718 1133 ulcer noſter amor anymedes ratus, amanteis
626 1134 886 1166 Relliquis
1 1251 67 1280 u
