888 1312
227 100 537 132 BAH I.
709 105 755 125 22
89 139 652 173 Relliquit miſeras. non ergo vidcbimus ipſum
90 173 623 203 Qmplius iſta ſuis turbantem luſtra oloſlis?
91 204 618 233 Quottidie in ſiluas quam matutinus opacas
1 218 40 253 t
89 233 607 256 Aduentare ſolet, venandi vt diſceret artem.
91 263 622 291 Sæpe quod Foi meoini præuerteret ortum,
91 290 584 321 Aurum digitis verſaus haſtile tenollis.
91 320 667 348 Nec ſemel Auroræ timui ne præda ſuperbis
89 349 669 379 Pro Cephalo raperetur equis: nam gratia formæ
95 380 629 408 alis erat quamuis vidiſſet in amne Dianam,
91 406 709 431 Non in eum araſſet truculentos dente Moloſſos,
91 438 646 468 Indigrans vt in inſelicem Acteona quondam:
80 467 618 498 Seddixiſſet; ades, contra legemque, virilem
92 496 629 525 Certe fminca adnmiſiſet in agmina ſexum,
91 526 613 560 Igenuum puerum duxiſſet in abdita ſecum
91 555 722 584 Solorum nemorum, & tanquam doecuiſſet alumnu
90 586 573 615 In timidas telum iactare volatile damas.
90 612 690 643 Hei inihi. ſed noſtris procul eſt abreptus ab oris.
2 616 38 642 u
93 641 675 674 Quin, adamate mihi Ganymedes, ſumma dediſti
92 674 585 704 Oſcula. poſtremum roſeo quin ore valere?
88 703 629 732 At tibi, care, ouis quod ſis ſublatus in aulam,
89 732 649 762 Non puer, inuidec: ſi eſſnt meliora. precare
89 762 586 791 Fata tibi. nouus aſt dolor in ſuſpiria cogit
74 791 565 822 Adſpcctu caruiſetuo. nunc ergo fenaris
90 820 575 850 heris Elyſio. magno ſoneare tonanti,
89 850 615 879 Nobis antricolis per frigida prata vagantes
1 857 40 893 s
90 877 689 909 Quæ trahimus vitam, in ſcopulis, in fontibus ldæ,
90 909 670 939 Qando tuum tempus famulo deuoluitur anno
88 937 647 970 Mitis ades, moderare imbres. ſemperq; ſerena
87 967 597 997 thera cui Phrygiæ ſublimis ſubiacet ora.
86 996 632 1029 Dixerat. & gemitus ſunt verba extrema ſecuti
1 1006 41 1039 v
88 1026 672 1055 Semideûm aſtantum piceæque, orniq; fatentur,
85 1055 587 1085 Inter ſe tri ſte teſtantur culmina luctum.
117 1084 688 1113 Ante ouem taudem cum nuncia conſlitit ales,
85 1114 569 1144 Cœlica dimiſſo puero conuexa petebat.
83 1144 608 1174 Is Iouis admirans ſpectat fulgentia templa,
704 1173 750 1197 i
507 1176 608 1200 P
