888 1312
320 61 679 84 MEIIORI5
164 71 204 88 232
826 91 886 131 u
167 101 660 132 Multæ nec lauta petierunt dote carentes.
1 107 29 122 Ie
846 131 886 156 i
168 132 676 161 Sed puto ſic fatis decernitur, Aâpolus vlnis
166 160 657 194 Vetur, Galatea, tuis ades huc, Galatea,
848 166 885 192 u
167 191 741 219 Huc, aiarea, veni: montes, caua flumina rupes,
847 194 885 217 s
167 219 703 250 Et va les, nemora & Galateam tota ſonabunt
1 238 43 257 i
169 249 760 277 Ha ctenus imo & ædhuc nos credito parua locutos,
846 254 886 280 M
168 279 702 308 Ithæc magna ltcet poterant promiſſa videri.
1 299 44 321 i
167 309 614 339 Baſia pauones contritis dulcia roſtris
848 309 886 339 H
166 337 677 368 Miſcent, laſciuo ſeſe intorquente palumbo
168 368 705 397 In commota mari præbet ſua terga columba.
846 398 886 413 t
165 398 672 427 Mutua conſociat quin & concordia noſtras
167 427 731 456 Aſſiduum pecudes: hinc tot mea paſcua matres
1 457 49 486 M
167 457 699 486 Læta teneat tot dependent ex dulcibus agni
167 486 712 514 Vberibus, blandæ pſita quin fronte iuuencæ,
168 516 628 544 Obuiaq; incedit venic uti bucula taro.
168 546 720 577 Lt iam rempus id eſt,quo noctis laſſa palæſtris
168 576 686 603 Cuncta maritales rellinquit nupta lacertos.,
168 605 693 635 Atq; inuita tamen blandis ſe quælibet vlnis
157 635 762 664 plicat: his eteninm, quam vitis agreſtibus vlmis,
169 664 728 694 Qam teneræ muris ederæ, conſta ntius hærent.
168 694 715 722 Naon ita ager ſitit & fecundos conſus imbres,
167 724 704 752 Floriger irrigui fontem non ſluminis hortus,
167 754 678 784 Non ita mellitum viridantia pabula rorem,
165 784 697 813 Mutua quam cupiunt viridanti ætatepuellæ
165 812 677 842 Baſia, pectoribus coniungere pectora, & ora
165 841 631 870 Oribus, & tota petulanter noctefoueri.
165 871 681 899 Sedt quo ruis: in ſiluis latitantia monſtra
163 900 641 933 Neſcis, hen neſcis. hiuc, huc veſtigia verte.
164 930 714 965 Paſia quin iucunda damus, fruimurq; venuſtis
164 960 659 988 Alloquijsi noſtros dulcis Galatea dolores
162 988 656 1024 Adſpice vel ſero. mihi ſunt traiecta ſagitta
162 1018 637 1052 Viſcera. & Idalijdepaſta Cupidinis igne,
155 1047 652 1081 Exſiccantur vti qui ſunt in gramine ſucci
160 1077 663 1109 Sole ſubardenti. feciſti tu mihi vulnus:
158 1107 607 1140 Illi ſola potes niſi tu, Galatea, mederi.
763 1145 847 1169 ofi
