888 1312
376 92 632 117 MELIORIS
172 128 774 166 unc ſeu forte vehes ventoſa per æquora cymbam,
172 162 811 199 Func adero, ancipiteiq morabor inimpete clauum,
171 191 699 223 Alterno te vorticeagam, pauitanſq; videbis
171 222 690 248 quoreas ad te nauem conſcendere lartuas.
171 251 659 280 Siue etiam munus teneri paſtoris obilis,
169 280 784 312 ITerriculamenta & gregribus tunc Panicon œſtrum
169 308 656 342 Obiiciam, cogamq; tuas ad ſaxa capellas,
169 336 646 370 t ſeſe iniiciant in ponti deſuper vndas.
168 368 740 404 Nunc pingues, faciam gracilentos eſſe iuuencos,
168 398 688 426 Cum lolium ifelix, & cum tua feta venenis
168 428 697 463 Gramina decrpent, paſſim tua rura, tui agri
165 456 586 489 Funeſti fuerint execratiq Penares.
155 488 644 519 Quoq tuas alio poſii traducere meſſes
165 515 709 547 Eſt Ponto: faciam. nam poſſuat omnia Manes.
165 545 636 580 Nocte intempeſta diris vlulatibus agros
164 575 681 607 Circumibo, turbabo greges, armenta cieb
164 604 756 640 Noctiuagis comitata lupis, tunc tu procul amens
164 633 723 673 Tertibiles fugieſq; locos, ſegetiſque. gregiſque,
164 664 681 694 Cælicolas in vota vocans cumulabis ad aras
162 693 737 728 Munera ſed miſerumnon vnquaim numina cœli
161 721 709 761 BReſpicients trepidais quæres racula Delphi,
160 753 686 783 Nulla dabit reſponſa Deus vel voce. ſacriſue
159 782 675 817 Alitbus, citius per ſacrum fulguret tarma.
190 812 804 850 Pade Chaos, eptune, Erebuuq;, nigerrime Pluto,
158 841 696 877 Fixum eſt velle mori ſaltem ſic ſluar amore,
159 873 799 912 Quppe malo pellente malû, Sappho. nclyta Sappho,
158 901 690 934 Quid dubitas? illum vt poſſis vitare dolorem
156 932 768 970 Audendum eſt. ſeſe nunquam explicat ille periclo,
157 961 667 996 Omnia qui metuit. ſub Eoa part dieſcit,-
155 990 682 1025 Lux inuila vnit fuge, Sappho, lumina olis,
153 1018 548 1056 Iſta tuo ſaltem fient infamia caſu,
153 1050 722 1083 Et procul incuſſo hoc reſonabunt litora fluctu:
156 1079 667 1118 Sappho duritie eſt hic præcipitata Plhaonis,
150 1109 734 1149 Fam vidiſſe nocet: quiſquis ſapis obrege vultus,
152 1139 766 1181 e poreas: ſummum eſt sormam vidiſſe periclum,
692 1180 812 1212 Flumin
