888 1312
1 35 36 55 i
1 55 40 76 I
169 79 740 101 240MELIOBARL-
202 119 733 147 poius hæc cecinit non ſol s camina ſiluis,
168 147 642 176 Et circumfuſæ Dryades, & Oreades illi
172 178 726 208 Cum Faunis, Satyris. miſtimque ſtetere apæis
171 207 705 238 E quibus hæc vnus, non inſulſiſſimus. inquit:
173 237 679 266 O puer infelix. magno certamine Phœbum
172 266 695 295 Vin cere cum poſſes, qui dulciſonante cicuta
172 296 671 320 Tam docte cantes mſeri ſolamen amoris:
172 326 669 354 Maiores numeri, decet & præclarior illam
173 354 655 383 Materies:quia ſic geſtatur inutilis arcus,
173 384 687 417 Naribus appe tdet ſic annulus aureus apri:
173 413 702 445 Quod ſi non ſapias, tua ſit chelys ita. vel ipſa,
172 445 756 474 Diccre cum magis apia queas, quodabuteris atte.
173 474 727 506 Proiude. puer, diros deſueſce Cupidinis ignes.
1 487 34 508 I
859 496 886 516 i
170 504 641 533 Felix ingenio doctc s, citharaq; beatus
1 507 34 523 I
860 528 886 551 Q
171 532 782 565 Præ reliquis, & obhoc cunctis laudabere quondam:
859 557 886 576 M
172 562 717 594 Pra ſens lætitia aſicies homineſque, Deoſque,
860 588 886 605 Iu
172 593 714 623 Arias quercus montes, vaga flumina, valles.
861 617 886 641 E
173 620 727 654 Abſens triſtitia afficies homineſque, Deoſque,
177 651 699 681 Aerias quercus montes, vaga flumina, valles.
173 680 710 714 Te præſente greges plaudant per paſeua lætæ:
1 683 34 700 It
174 710 742 743 Teque abſente reges doleant per paſcua triſtes.
174 739 747 773 Si modo queis ſi luas, & agros. & paſcua comples:
171 769 753 802 Comples nubiferos montes, valleſq; profundas,
174 797 671 831 Si gcmitu preſſo domitaq; cupidine turpi,
172 827 727 860 Luctiſonis modulis repieas non amplius auras,
173 857 622 886 Sed te præcingas mirabilioribus orſis,
171 887 684 922 Et teretes calamos potioribus vſibus aptes.
432 968 548 996 5s?
719 1155 809 1179 DoMi-
