888 1312
303 226 540 247 SIS ELANDRI.
325 286 546 306 HERICA.
147 343 643 374 Ad Iluſirii Duœm Amfroſium Spinolam, &c.
79 402 662 465 clyte Duxneq; enim fas inuiolabile reram,
110 432 552 466 Naturæq; ſacras leges ac fœdera belli
80 461 599 495 Neſcimus, laudeſq; ſuas miramur in hoſte,
80 492 590 525 Vi:tutumq iubar poſito liuore veremur
79 520 612 555 Quamuis illa tuæ lux mentis, & ardua factis
79 548 641 583 Dextera ſæpe graui nobis patefacta periclo eſt,
80 579 642 614 Tuta men haud inuiſus ades, paciſq; ſequeſter
88 668 624 703 Armorumq; tumor, cineri ſuppoſtus vt ignis
93 697 615 730 Decipit incautos humiliq ab origine ſerpit
92 727 583 759 Eitiale malum vires incendia ſumunt
93 757 604 788 Indomitas. laxiſq; furit Vulcanus habenis:
89 781 655 817 ûTam magis horribili crudeſcit robore flammæ,
94 814 632 849 Quam magis occulto graſſatur tramite peſtis.
89 844 641 879 Sed melioia pias recreant præſagia mentes:
89 873 668 909 Cur ego læuus amem, velut importuna volucris,
89 904 610 937 Triſtiis auguriis communia vota grauari?
89 930 642 968 Nec vero indecorem virtus tua feruida caſum
93 963 626 998 Formidare ſinit. neq enim generoſa leonm
93 994 647 1027 Progenies potis eſt natiuum abdicere morem,
95 1022 638 1057 Ingenuamq; dolis mentem verſare pudenis.
94 1052 652 1088 Degeneres animæ, nec conſcia pectora laudum
94 1083 616 1115 Inſidias ſraude ſq; parant, t maſcula peoies,
88 1112 626 1146 eroumq; genus mendacia temnit, & horret
628 1138 742 1168 QSus
