888 1312
367 64 620 87 BAVDII
145 104 626 136 Sæuius ac peſtem credentia fallere corda
143 134 677 163 acis ab illecebris, qua non popularius vllum
143 164 743 194 oen in orbe viget. nam quem crudelia ftatrum
141 193 623 221 Funera, ciuiliſque iuuant incendia bella,
143 222 733 252 Triſte velut monſtrum, non eſt dignandus honore
145 252 734 281 Cu.s t ex hoinum numero cenſuq; fugandus.
141 281 711 310 Verum vbi nulla ſalus reſtat niſi Martis in armis,
142 311 653 341 Iſe verta ceſſare Deus cœlique fauorem
143 339 711 370 Santta itber ſperare Themis tandemq; ſecundo
144 370 707 398 Fui triumpat otans qem non iniuſta tuetur
141 399 668 429 Causa ſed antiquos fando inſtaurare labores
142 430 701 460 Tempora læta vetant quæ nun Saturnia nobis
143 460 703 488 Sæcula deſpondent. tra uquillaque dona quietis
140 488 591 518 Ergo. quod ſaluo sas liertatis honore.
142 517 670 547 Proſpera cuicta tib votis concordibus optat
144 547 730 580 Otia quilquis aat iemq fugamq; malorum,
143 577 698 607 Quæ patimur tot iamlaben: ibus ordine luſtris.
141 606 669 636 Præcipue erximia Mauri:us indole Princeps,
141 636 659 664 Et genere & elaris fulgens virtutibus heros,
142 666 703 695 Te luſtrare oculis, ac dextræ ungere dextram,
139 694 605 723 Affariq, cupit, nec dedigantur cmium.
138 724 680 756 Incolumi ſediure. ducem qu
138 753 618 786 Legit & excelſis rerum præfec inenis.
138 783 712 811 Snme animum contra ratattciCeede Penates
138 812 656 845 Mente pii, nec fronte inax. uiuq ſereno
139 841 696 873 Sit tibi iagnanimos propis conoſcere ciues,
139 871 577 903 Qui bellari manu ibertatemq tteri.
137 901 656 933 Pro patriaq, mori ſtudiis ardentibus optant,
138 929 676 966 Quum graue ſeruitium vis imperſa minatur
136 960 714 996 Nil miſerantis hreri. tunc in imcdia gmina fortes
134 989 680 1025 Præcipitant animas, & in ipia perici currunt
134 1017 658 1049 Spe tumidi ſpretoq; metu dolor as irat iras,
135 1048 679 1083 Sed quum fata ſinunt placitis traducre vitam
132 1076 637 1118 Auſpiciis, & ſponte animi diſponere cras,
131 1105 618 1140 Præſtat amicitiæ ſacra in ſtatione mrar,
710 1146 778 1170 Iacta
