888 1312
240 65 569 91 HEROICA.
97 103 578 143 aauamq; ratem tuto ſbdcere por
97 137 686 175 Quam certare odiis, crudumq capeſſere artem.
97 165 612 201 mSpactis fraus nulla ſubeſt, nec pectore ſicto
101 196 638 227 Tantæ molis opus geritur, ſpes optima fuiget
96 226 677 258 Hoc fore perpetuum longæua ii tempora ſœdus.
99 255 643 290 Sponſor enim fidei mens eſt ſibi conſcia recti,
96 285 642 319 Nec fucata queunt diuturnum ferre tenorem.
98 315 622 347 Sin dolus obtendit ſpecioſa vocabula re rum,
98 344 560 376 Sin libertatis ſub imagine ſæuius inſtat
98 374 648 405 Ciuibus exitiuim, quam ſi Mars horridus armis
98 403 633 434 Infremat & noſtras quatiat terroribus vrbes.
87 430 674 465 Hic ſcopus hoc ſtudium, votiq; hæc vltima reſat
88 463 695 493 iConditio miſeris, præclaram occumbere mortem,
99 492 629 525 Cinctaq; dura pati potius quam libera ſeruo
99 521 673 552 Subdere colla iugo legeſque horrere tremendas.
87 551 607 585 Quam ſit in anguſtis fiducia viribus ingens,
88 580 657 615 Quum fauor æthereus præſenti numine firmat.
99 611 710 645 Spes modicas, cauſæque graues hortantur autarma,
96 639 711 670 Nos ſumus exemplum populis memorobile cunctis.
99 669 682 704 Qui numero exigui, nec quondam exercita proles
96 702 642 726 Armorum ſtudiis, ſummo cum Regetot annos
96 728 695 761 Pellum ingens gerimus ſed non obducta malorum
96 757 666 788 Vunera nil opus eſt. vetere ſque reuoluere caſus.
96 789 607 821 Nulla ſalus bello, fidam componere pacem
98 818 539 847 Conſortes inter populos enitere totis
96 844 673 875 Viribus hinc omni potior tibi Marte triumphus,
92 875 697 908 Et nunquam moriturus honos, immenſaque ſurget
95 904 572 931 Gloria non alio ſe nomine celſius effert
95 935 599 968 Auguſti ſupremus apex atque ardua virtus,
97 963 694 997 Quam quod per populos victor ſine pæde volentes
95 994 605 1023 Iura dabat. ſic Scipiades æquatur Olympo,
97 1022 650 1054 Mauortis genus, ac Libycæ Carthaginis horror,
97 1051 692 1082 Non modo Romanis quia depulit arcibus hoſtem,
97 1081 641 1112 annibaliſque minas valida virrute refregit:
97 1112 653 1146 Quam quia ſeruati decus. atque ornamina ciuis
693 1141 747 1163 Præ-
