<?xml version="1.0" encoding="utf-8"?>
<PcGts xmlns="http://schema.primaresearch.org/PAGE/gts/pagecontent/2017-07-15" xmlns:xsi="http://www.w3.org/2001/XMLSchema-instance" xsi:schemaLocation="http://schema.primaresearch.org/PAGE/gts/pagecontent/2017-07-15 http://schema.primaresearch.org/PAGE/gts/pagecontent/2017-07-15/pagecontent.xsd">
  <Metadata>
    <Creator>User123</Creator>
    <Created>2020-04-14T13:52:52</Created>
    <LastChange>2020-04-14T13:52:52</LastChange>
  </Metadata>
  <Page imageFilename="0298.png" imageHeight="1312" imageWidth="888">
    <TextRegion id="r0" type="paragraph">
      <Coords points="1,1 886,1 886,1310 1,1310"/>
      <TextLine id="r0_l001">
        <Coords points="240,65 240,91 569,91 569,65"/>
        <TextEquiv index="1">
          <Unicode>HEROICA.</Unicode>
        </TextEquiv>
      </TextLine>
      <TextLine id="r0_l002">
        <Coords points="54,147 61,144 74,142 164,143 231,140 313,140 439,137 485,138 574,135 578,134 578,103 481,103 424,105 332,105 162,108 135,107 126,105 107,105 101,110 100,116 97,117 96,111 91,105 71,103 71,69 68,65 1,65 1,155 49,155"/>
        <TextEquiv index="1">
          <Unicode>aauamq; ratem tuto ſbdcere por</Unicode>
        </TextEquiv>
      </TextLine>
      <TextLine id="r0_l003">
        <Coords points="701,69 701,91 750,91 750,69"/>
        <TextEquiv index="1">
          <Unicode>24</Unicode>
        </TextEquiv>
      </TextLine>
      <TextLine id="r0_l004">
        <Coords points="138,172 191,170 278,170 376,167 451,168 591,164 644,165 661,166 666,169 686,169 686,137 530,137 485,139 439,138 313,141 231,141 164,144 94,143 94,175 124,175"/>
        <TextEquiv index="1">
          <Unicode>Quam certare odiis, crudumq capeſſere artem.</Unicode>
        </TextEquiv>
      </TextLine>
      <TextLine id="r0_l005">
        <Coords points="313,198 612,195 612,165 528,166 451,169 376,168 278,171 191,171 138,173 124,176 94,176 63,172 59,169 55,161 50,156 2,157 2,192 41,193 46,195 48,201 222,201"/>
        <TextEquiv index="1">
          <Unicode>mSpactis fraus nulla ſubeſt, nec pectore ſicto</Unicode>
        </TextEquiv>
      </TextLine>
      <TextLine id="r0_l006">
        <Coords points="484,225 638,224 638,196 313,199 222,202 108,202 101,206 101,227 428,227"/>
        <TextEquiv index="1">
          <Unicode>Tantæ molis opus geritur, ſpes optima fuiget</Unicode>
        </TextEquiv>
      </TextLine>
      <TextLine id="r0_l007">
        <Coords points="1,223 1,242 25,242 25,223"/>
        <TextEquiv index="1">
          <Unicode>l</Unicode>
        </TextEquiv>
      </TextLine>
      <TextLine id="r0_l008">
        <Coords points="677,226 484,226 321,230 277,229 248,231 175,232 96,231 96,258 326,258 438,255 587,254 654,254 662,258 677,258"/>
        <TextEquiv index="1">
          <Unicode>Hoc fore perpetuum longæua ii tempora ſœdus.</Unicode>
        </TextEquiv>
      </TextLine>
      <TextLine id="r0_l009">
        <Coords points="1,249 1,273 41,273 41,249"/>
        <TextEquiv index="1">
          <Unicode/>
        </TextEquiv>
      </TextLine>
      <TextLine id="r0_l010">
        <Coords points="352,286 427,286 473,284 643,285 643,255 438,256 399,258 259,259 175,262 99,261 99,290 194,290"/>
        <TextEquiv index="1">
          <Unicode>Sponſor enim fidei mens eſt ſibi conſcia recti,</Unicode>
        </TextEquiv>
      </TextLine>
      <TextLine id="r0_l011">
        <Coords points="1,279 1,310 40,310 40,279"/>
        <TextEquiv index="1">
          <Unicode>i</Unicode>
        </TextEquiv>
      </TextLine>
      <TextLine id="r0_l012">
        <Coords points="476,314 642,314 642,286 473,285 427,287 352,287 194,291 96,291 96,319 234,319"/>
        <TextEquiv index="1">
          <Unicode>Nec fucata queunt diuturnum ferre tenorem.</Unicode>
        </TextEquiv>
      </TextLine>
      <TextLine id="r0_l013">
        <Coords points="622,315 476,315 168,321 98,320 98,347 333,347 511,343 608,343 615,347 622,347"/>
        <TextEquiv index="1">
          <Unicode>Sin dolus obtendit ſpecioſa vocabula re rum,</Unicode>
        </TextEquiv>
      </TextLine>
      <TextLine id="r0_l014">
        <Coords points="1,337 1,362 39,362 39,337"/>
        <TextEquiv index="1">
          <Unicode>l</Unicode>
        </TextEquiv>
      </TextLine>
      <TextLine id="r0_l015">
        <Coords points="406,374 560,373 560,344 432,345 393,347 266,348 169,351 98,350 98,376 389,376"/>
        <TextEquiv index="1">
          <Unicode>Sin libertatis ſub imagine ſæuius inſtat</Unicode>
        </TextEquiv>
      </TextLine>
      <TextLine id="r0_l016">
        <Coords points="2,376 2,405 42,405 42,376"/>
        <TextEquiv index="1">
          <Unicode/>
        </TextEquiv>
      </TextLine>
      <TextLine id="r0_l017">
        <Coords points="514,402 648,402 648,374 481,374 406,375 389,377 344,378 325,377 231,378 98,381 98,405 387,405"/>
        <TextEquiv index="1">
          <Unicode>Ciuibus exitiuim, quam ſi Mars horridus armis</Unicode>
        </TextEquiv>
      </TextLine>
      <TextLine id="r0_l018">
        <Coords points="536,431 633,431 633,403 430,404 361,407 203,408 184,410 98,409 98,434 423,434"/>
        <TextEquiv index="1">
          <Unicode>Infremat &amp; noſtras quatiat terroribus vrbes.</Unicode>
        </TextEquiv>
      </TextLine>
      <TextLine id="r0_l019">
        <Coords points="397,463 497,462 674,462 674,430 650,432 536,432 487,434 246,437 206,439 107,439 62,438 52,435 47,429 1,429 1,460 47,460 53,465 355,465"/>
        <TextEquiv index="1">
          <Unicode>Hic ſcopus hoc ſtudium, votiq; hæc vltima reſat</Unicode>
        </TextEquiv>
      </TextLine>
      <TextLine id="r0_l020">
        <Coords points="695,463 397,464 355,466 260,466 132,469 62,468 53,466 49,462 2,462 2,493 446,493 506,491 637,491 695,493"/>
        <TextEquiv index="1">
          <Unicode>iConditio miſeris, præclaram occumbere mortem,</Unicode>
        </TextEquiv>
      </TextLine>
      <TextLine id="r0_l021">
        <Coords points="332,523 414,523 526,520 629,520 629,492 506,492 338,496 242,496 99,499 99,525 297,525"/>
        <TextEquiv index="1">
          <Unicode>Cinctaq; dura pati potius quam libera ſeruo</Unicode>
        </TextEquiv>
      </TextLine>
      <TextLine id="r0_l022">
        <Coords points="673,521 526,521 414,524 332,524 238,527 99,527 99,552 446,552 496,550 647,550 651,552 673,552"/>
        <TextEquiv index="1">
          <Unicode>Subdere colla iugo legeſque horrere tremendas.</Unicode>
        </TextEquiv>
      </TextLine>
      <TextLine id="r0_l023">
        <Coords points="391,581 607,579 607,551 496,551 407,554 246,555 118,558 56,557 51,555 47,551 1,551 1,583 47,583 53,585 201,585"/>
        <TextEquiv index="1">
          <Unicode>Quam ſit in anguſtis fiducia viribus ingens,</Unicode>
        </TextEquiv>
      </TextLine>
      <TextLine id="r0_l024">
        <Coords points="304,612 445,611 483,609 657,609 657,580 391,582 284,585 202,585 169,587 58,587 47,584 1,584 1,615 203,615"/>
        <TextEquiv index="1">
          <Unicode>Quum fauor æthereus præſenti numine firmat.</Unicode>
        </TextEquiv>
      </TextLine>
      <TextLine id="r0_l025">
        <Coords points="277,642 391,642 457,639 710,638 710,611 446,611 396,613 304,613 204,615 176,617 120,617 113,620 99,620 99,645 176,645"/>
        <TextEquiv index="1">
          <Unicode>Spes modicas, cauſæque graues hortantur autarma,</Unicode>
        </TextEquiv>
      </TextLine>
      <TextLine id="r0_l026">
        <Coords points="872,666 872,630 842,630 841,637 814,638 811,640 811,667 851,667"/>
        <TextEquiv index="1">
          <Unicode/>
        </TextEquiv>
      </TextLine>
      <TextLine id="r0_l027">
        <Coords points="513,669 538,667 711,668 711,639 457,640 391,643 277,643 176,646 96,646 96,670 437,670"/>
        <TextEquiv index="1">
          <Unicode>Nos ſumus exemplum populis memorobile cunctis.</Unicode>
        </TextEquiv>
      </TextLine>
      <TextLine id="r0_l028">
        <Coords points="870,667 835,667 832,669 832,686 870,686"/>
        <TextEquiv index="1">
          <Unicode/>
        </TextEquiv>
      </TextLine>
      <TextLine id="r0_l029">
        <Coords points="510,697 682,698 682,669 514,669 325,673 250,673 201,675 99,675 99,704 179,704"/>
        <TextEquiv index="1">
          <Unicode>Qui numero exigui, nec quondam exercita proles</Unicode>
        </TextEquiv>
      </TextLine>
      <TextLine id="r0_l030">
        <Coords points="642,702 302,702 135,705 107,706 102,708 96,708 96,726 642,726"/>
        <TextEquiv index="1">
          <Unicode>Armorum ſtudiis, ſummo cum Regetot annos</Unicode>
        </TextEquiv>
      </TextLine>
      <TextLine id="r0_l031">
        <Coords points="853,711 853,734 886,734 886,711"/>
        <TextEquiv index="1">
          <Unicode/>
        </TextEquiv>
      </TextLine>
      <TextLine id="r0_l032">
        <Coords points="329,759 418,758 462,756 695,757 695,728 417,729 285,733 194,734 96,733 96,761 296,761"/>
        <TextEquiv index="1">
          <Unicode>Pellum ingens gerimus ſed non obducta malorum</Unicode>
        </TextEquiv>
      </TextLine>
      <TextLine id="r0_l033">
        <Coords points="666,758 661,757 462,757 418,759 329,760 270,763 120,762 96,763 96,788 422,788 590,785 637,785 659,786 666,788"/>
        <TextEquiv index="1">
          <Unicode>Vunera nil opus eſt. vetere ſque reuoluere caſus.</Unicode>
        </TextEquiv>
      </TextLine>
      <TextLine id="r0_l034">
        <Coords points="245,819 343,819 491,815 589,816 594,819 607,819 607,789 276,789 231,792 96,791 96,820 173,821"/>
        <TextEquiv index="1">
          <Unicode>Nulla ſalus bello, fidam componere pacem</Unicode>
        </TextEquiv>
      </TextLine>
      <TextLine id="r0_l035">
        <Coords points="1,801 1,830 36,830 36,801"/>
        <TextEquiv index="1">
          <Unicode/>
        </TextEquiv>
      </TextLine>
      <TextLine id="r0_l036">
        <Coords points="459,844 539,844 539,818 386,818 343,820 245,820 173,822 98,821 98,847 407,847"/>
        <TextEquiv index="1">
          <Unicode>Conſortes inter populos enitere totis</Unicode>
        </TextEquiv>
      </TextLine>
      <TextLine id="r0_l037">
        <Coords points="601,873 673,874 673,844 459,845 407,848 222,850 161,852 96,851 96,875 520,875"/>
        <TextEquiv index="1">
          <Unicode>Viribus hinc omni potior tibi Marte triumphus,</Unicode>
        </TextEquiv>
      </TextLine>
      <TextLine id="r0_l038">
        <Coords points="697,875 521,875 187,881 92,880 92,908 262,908 516,903 603,903 621,904 626,907 643,908 697,908"/>
        <TextEquiv index="1">
          <Unicode>Et nunquam moriturus honos, immenſaque ſurget</Unicode>
        </TextEquiv>
      </TextLine>
      <TextLine id="r0_l039">
        <Coords points="572,904 263,908 166,911 95,909 95,931 572,931"/>
        <TextEquiv index="1">
          <Unicode>Gloria non alio ſe nomine celſius effert</Unicode>
        </TextEquiv>
      </TextLine>
      <TextLine id="r0_l040">
        <Coords points="448,963 599,962 599,935 355,936 310,938 204,938 144,941 95,941 95,968 216,968"/>
        <TextEquiv index="1">
          <Unicode>Auguſti ſupremus apex atque ardua virtus,</Unicode>
        </TextEquiv>
      </TextLine>
      <TextLine id="r0_l041">
        <Coords points="251,995 312,996 363,994 430,994 527,991 614,991 626,992 635,995 694,995 694,963 448,964 401,966 217,968 176,970 97,970 97,997 192,997"/>
        <TextEquiv index="1">
          <Unicode>Quam quod per populos victor ſine pæde volentes</Unicode>
        </TextEquiv>
      </TextLine>
      <TextLine id="r0_l042">
        <Coords points="1,974 1,1004 35,1004 35,974"/>
        <TextEquiv index="1">
          <Unicode/>
        </TextEquiv>
      </TextLine>
      <TextLine id="r0_l043">
        <Coords points="605,1021 605,994 431,994 312,997 251,996 95,1000 95,1023 442,1023"/>
        <TextEquiv index="1">
          <Unicode>Iura dabat. ſic Scipiades æquatur Olympo,</Unicode>
        </TextEquiv>
      </TextLine>
      <TextLine id="r0_l044">
        <Coords points="429,1052 650,1050 650,1022 443,1023 415,1025 345,1024 324,1026 97,1029 97,1054 391,1054"/>
        <TextEquiv index="1">
          <Unicode>Mauortis genus, ac Libycæ Carthaginis horror,</Unicode>
        </TextEquiv>
      </TextLine>
      <TextLine id="r0_l045">
        <Coords points="692,1051 575,1051 521,1053 429,1053 391,1055 246,1055 135,1058 97,1057 97,1082 473,1082 533,1080 669,1080 673,1082 692,1082"/>
        <TextEquiv index="1">
          <Unicode>Non modo Romanis quia depulit arcibus hoſtem,</Unicode>
        </TextEquiv>
      </TextLine>
      <TextLine id="r0_l046">
        <Coords points="538,1110 641,1111 641,1081 533,1081 473,1083 207,1085 144,1087 97,1086 97,1112 450,1112"/>
        <TextEquiv index="1">
          <Unicode>annibaliſque minas valida virrute refregit:</Unicode>
        </TextEquiv>
      </TextLine>
      <TextLine id="r0_l047">
        <Coords points="459,1145 466,1141 494,1141 499,1144 563,1143 571,1139 625,1140 630,1143 637,1143 644,1138 653,1138 653,1112 451,1112 236,1114 179,1116 97,1115 97,1146 410,1146"/>
        <TextEquiv index="1">
          <Unicode>Quam quia ſeruati decus. atque ornamina ciuis</Unicode>
        </TextEquiv>
      </TextLine>
      <TextLine id="r0_l048">
        <Coords points="693,1141 693,1163 747,1163 747,1141"/>
        <TextEquiv index="1">
          <Unicode>Præ-</Unicode>
        </TextEquiv>
      </TextLine>
      <TextLine id="r0_l049">
        <Coords points="471,1144 471,1170 575,1170 575,1144"/>
        <TextEquiv index="1">
          <Unicode/>
        </TextEquiv>
      </TextLine>
      <TextLine id="r0_l050">
        <Coords points="4,1155 4,1201 35,1201 35,1155"/>
        <TextEquiv index="1">
          <Unicode/>
        </TextEquiv>
      </TextLine>
    </TextRegion>
  </Page>
</PcGts>
