888 1312
390 79 568 101 BAVDII
132 77 180 106 4 4
134 117 704 146 Prætulit innumeris ſuperato ex hoſte trophæis.
2 120 34 138 I
845 130 885 156 M
138 146 655 170 Inde ſacrum limen Romani Cæſaris ornat
136 177 712 207 Veſtibulumq; domus querna de fronde corona.
139 207 703 236 Maius enim pretium non repperit alta vetuſtas,
139 236 671 265 Vnde ſuos proceres dignis efferret honorum
1 236 43 254 I
1 254 44 269 H
141 265 646 294 Muneribus. cœlo ſic Martia tollit alumnos
1 270 43 287 I
141 295 638 323 Roma ſuos. ſic vſq; recens per ſæcula viuit
140 325 660 355 Magnorum laus alta ducum, qui pace beata,
141 355 612 384 Iuſtitiæq; iugo gentes docuere ſuperbas
15 387 43 406 I
142 385 715 413 Induere oſequium tumidcſque remittere flatus.
140 414 674 442 Iam ſatis atq ſuper tibi contulit inclyta belli
141 444 696 473 Laurea quod multo ſtupeant horrore nepotes,
140 472 681 502 Nu. laq gens ſileat. ſupereſt pars altera famæ,
141 504 698 533 Nec titulis nec mole minor:coniungere Belgas
143 533 679 561 Fœderis auſpicio quod nec violare per artem
143 562 750 591 Improba fraus valeat, nec ferroexſcindere Mauors,
144 591 677 621 Regnandiue fames vel habendi vaſta cupido,
146 621 673 650 Quæ fas atq; nefas & vincula cuncta rcſoluit
145 651 698 681 Semper hians, meiiſq; ſiri torquetur in vndis.
144 680 686 709 Ac miſeras perit inter opes, ceu Tanta lus alter
145 709 727 742 Quem ſua vota premunt, & copia reddit egenum.
145 739 624 771 O ſi priſcus amor redeat tot atrocia paſſis
144 769 715 801 Fratribus, & mentes concordia iungat in vnum
143 799 545 828 Lege pia, ſtabiliq; iugo: ſi ſilia cœli
142 828 662 853 Pax, & ſancta Fides manſuro in ſæcula nexu
144 859 743 890 Copulet indigenas populosl quam proſpera rerum
144 888 646 921 Congecies cœli quanta indulgentiaBelgas
144 917 671 949 Excipiet: iam nunc tanti pr ſaga boni meus
145 947 653 980 Lætitiam vix ipſa ſuam capit, ægraque lætis
144 976 629 1003 Luxuriat, velut icta Deo. feror auis œſtro
144 1005 747 1037 Phœbe tuo, ſanctuſq animum mihi concutit ardot
142 1037 698 1070 Quo vatum pia corda calent. nihilalite plebis,
142 1064 669 1100 Nil humili ſermone loquar. ſed gaudia differ
142 1093 696 1127 Muſa procax fautos bi Luciter exſeret ortus,
140 1123 612 1152 Feſta dies mclius ſecuro corde canetur.
739 1162 783 1183 AD
