<?xml version="1.0" encoding="UTF-8" standalone="no"?><PcGts xmlns="http://schema.primaresearch.org/PAGE/gts/pagecontent/2019-07-15" xmlns:xsi="http://www.w3.org/2001/XMLSchema-instance" xsi:schemaLocation="http://schema.primaresearch.org/PAGE/gts/pagecontent/2019-07-15 http://schema.primaresearch.org/PAGE/gts/pagecontent/2019-07-15/pagecontent.xsd"><Metadata><Creator/><Created>2022-04-20T09:35:46</Created><LastChange>1970-01-01T00:00:00</LastChange><Comments/></Metadata><Page imageFilename="0299.png" imageHeight="1312" imageWidth="888"><TextRegion id="r1" orientation="0.0" type="paragraph"><Coords points="1,1 886,1 886,1310 1,1310"/><TextLine id="l1"><Coords points="390,79 390,101 568,101 568,79"/><TextEquiv><Unicode/></TextEquiv><TextEquiv index="1"><Unicode>BAVDII</Unicode></TextEquiv></TextLine><TextLine id="l2"><Coords points="704,117 134,117 134,146 704,146"/><TextEquiv><Unicode/></TextEquiv><TextEquiv index="1"><Unicode>Prætulit innumeris ſuperato ex hoſte trophæis.</Unicode></TextEquiv></TextLine><TextLine id="l3"><Coords points="655,148 486,146 455,148 138,149 138,170 655,170"/><TextEquiv><Unicode/></TextEquiv><TextEquiv index="1"><Unicode>Inde ſacrum limen Romani Cæſaris ornat</Unicode></TextEquiv></TextLine><TextLine id="l4"><Coords points="712,177 408,177 329,179 136,178 136,206 382,207 467,205 674,205 712,207"/><TextEquiv><Unicode/></TextEquiv><TextEquiv index="1"><Unicode>Veſtibulumq; domus querna de fronde corona.</Unicode></TextEquiv></TextLine><TextLine id="l5"><Coords points="703,207 383,207 313,209 201,209 139,207 139,235 147,236 703,236"/><TextEquiv><Unicode/></TextEquiv><TextEquiv index="1"><Unicode>Maius enim pretium non repperit alta vetuſtas,</Unicode></TextEquiv></TextLine><TextLine id="l6"><Coords points="671,237 657,236 371,236 269,239 139,236 139,265 671,265"/><TextEquiv><Unicode/></TextEquiv><TextEquiv index="1"><Unicode>Vnde ſuos proceres dignis efferret honorum</Unicode></TextEquiv></TextLine><TextLine id="l7"><Coords points="646,267 638,266 460,265 332,266 278,268 209,268 141,266 141,294 646,294"/><TextEquiv><Unicode/></TextEquiv><TextEquiv index="1"><Unicode>Muneribus. cœlo ſic Martia tollit alumnos</Unicode></TextEquiv></TextLine><TextLine id="l8"><Coords points="638,295 337,295 298,297 141,296 141,323 638,323"/><TextEquiv><Unicode/></TextEquiv><TextEquiv index="1"><Unicode>Roma ſuos. ſic vſq; recens per ſæcula viuit</Unicode></TextEquiv></TextLine><TextLine id="l9"><Coords points="660,326 275,325 217,327 140,326 140,354 660,355"/><TextEquiv><Unicode/></TextEquiv><TextEquiv index="1"><Unicode>Magnorum laus alta ducum, qui pace beata,</Unicode></TextEquiv></TextLine><TextLine id="l10"><Coords points="612,356 141,355 141,384 612,384"/><TextEquiv><Unicode/></TextEquiv><TextEquiv index="1"><Unicode>Iuſtitiæq; iugo gentes docuere ſuperbas</Unicode></TextEquiv></TextLine><TextLine id="l11"><Coords points="715,385 142,385 142,413 715,413"/><TextEquiv><Unicode/></TextEquiv><TextEquiv index="1"><Unicode>Induere oſequium tumidcſque remittere flatus.</Unicode></TextEquiv></TextLine><TextLine id="l12"><Coords points="674,415 140,414 140,442 674,442"/><TextEquiv><Unicode/></TextEquiv><TextEquiv index="1"><Unicode>Iam ſatis atq ſuper tibi contulit inclyta belli</Unicode></TextEquiv></TextLine><TextLine id="l13"><Coords points="696,445 548,446 480,444 141,444 141,471 176,471 197,473 696,473"/><TextEquiv><Unicode/></TextEquiv><TextEquiv index="1"><Unicode>Laurea quod multo ſtupeant horrore nepotes,</Unicode></TextEquiv></TextLine><TextLine id="l14"><Coords points="681,475 490,473 197,474 176,472 140,472 140,501 158,502 681,502"/><TextEquiv><Unicode/></TextEquiv><TextEquiv index="1"><Unicode>Nu. laq gens ſileat. ſupereſt pars altera famæ,</Unicode></TextEquiv></TextLine><TextLine id="l15"><Coords points="698,505 141,504 141,530 154,531 698,533"/><TextEquiv><Unicode/></TextEquiv><TextEquiv index="1"><Unicode>Nec titulis nec mole minor:coniungere Belgas</Unicode></TextEquiv></TextLine><TextLine id="l16"><Coords points="679,535 666,534 143,533 143,561 679,561"/><TextEquiv><Unicode/></TextEquiv><TextEquiv index="1"><Unicode>Fœderis auſpicio quod nec violare per artem</Unicode></TextEquiv></TextLine><TextLine id="l17"><Coords points="143,562 143,591 750,591 750,562"/><TextEquiv><Unicode/></TextEquiv><TextEquiv index="1"><Unicode>Improba fraus valeat, nec ferroexſcindere Mauors,</Unicode></TextEquiv></TextLine><TextLine id="l18"><Coords points="677,595 660,594 144,591 144,620 677,621"/><TextEquiv><Unicode/></TextEquiv><TextEquiv index="1"><Unicode>Regnandiue fames vel habendi vaſta cupido,</Unicode></TextEquiv></TextLine><TextLine id="l19"><Coords points="673,624 643,625 580,623 379,621 146,621 146,650 673,650"/><TextEquiv><Unicode/></TextEquiv><TextEquiv index="1"><Unicode>Quæ fas atq; nefas &amp; vincula cuncta rcſoluit</Unicode></TextEquiv></TextLine><TextLine id="l20"><Coords points="698,654 192,651 189,653 180,654 145,654 145,679 383,681 698,681"/><TextEquiv><Unicode/></TextEquiv><TextEquiv index="1"><Unicode>Semper hians, meiiſq; ſiri torquetur in vndis.</Unicode></TextEquiv></TextLine><TextLine id="l21"><Coords points="685,683 144,680 144,708 686,709"/><TextEquiv><Unicode/></TextEquiv><TextEquiv index="1"><Unicode>Ac miſeras perit inter opes, ceu Tanta lus alter</Unicode></TextEquiv></TextLine><TextLine id="l22"><Coords points="727,714 501,713 465,711 242,711 145,709 145,737 300,740 468,740 510,742 727,742"/><TextEquiv><Unicode/></TextEquiv><TextEquiv index="1"><Unicode>Quem ſua vota premunt, &amp; copia reddit egenum.</Unicode></TextEquiv></TextLine><TextLine id="l23"><Coords points="624,744 510,743 468,741 300,741 145,739 145,766 152,767 466,771 624,771"/><TextEquiv><Unicode/></TextEquiv><TextEquiv index="1"><Unicode>O ſi priſcus amor redeat tot atrocia paſſis</Unicode></TextEquiv></TextLine><TextLine id="l24"><Coords points="715,769 682,769 671,773 505,773 465,771 381,771 304,769 144,769 144,796 153,797 335,798 444,801 715,801"/><TextEquiv><Unicode/></TextEquiv><TextEquiv index="1"><Unicode>Fratribus, &amp; mentes concordia iungat in vnum</Unicode></TextEquiv></TextLine><TextLine id="l25"><Coords points="545,802 444,802 335,799 143,799 143,826 319,828 545,828"/><TextEquiv><Unicode/></TextEquiv><TextEquiv index="1"><Unicode>Lege pia, ſtabiliq; iugo: ſi ſilia cœli</Unicode></TextEquiv></TextLine><TextLine id="l26"><Coords points="662,828 598,828 587,832 405,831 318,828 142,828 142,853 662,853"/><TextEquiv><Unicode/></TextEquiv><TextEquiv index="1"><Unicode>Pax, &amp; ſancta Fides manſuro in ſæcula nexu</Unicode></TextEquiv></TextLine><TextLine id="l27"><Coords points="743,859 720,859 718,861 710,863 403,861 355,859 144,859 144,884 148,885 337,889 351,888 462,890 743,890"/><TextEquiv><Unicode/></TextEquiv><TextEquiv index="1"><Unicode>Copulet indigenas populosl quam proſpera rerum</Unicode></TextEquiv></TextLine><TextLine id="l28"><Coords points="646,893 572,891 351,889 337,890 284,888 144,888 144,913 167,915 289,916 323,918 415,918 497,921 646,921"/><TextEquiv><Unicode/></TextEquiv><TextEquiv index="1"><Unicode>Congecies cœli quanta indulgentiaBelgas</Unicode></TextEquiv></TextLine><TextLine id="l29"><Coords points="671,923 497,922 415,919 323,919 289,917 144,917 144,944 158,945 309,946 386,949 671,949"/><TextEquiv><Unicode/></TextEquiv><TextEquiv index="1"><Unicode>Excipiet: iam nunc tanti pr ſaga boni meus</Unicode></TextEquiv></TextLine><TextLine id="l30"><Coords points="653,952 516,952 459,950 386,950 309,947 145,947 145,974 283,975 472,980 653,980"/><TextEquiv><Unicode/></TextEquiv><TextEquiv index="1"><Unicode>Lætitiam vix ipſa ſuam capit, ægraque lætis</Unicode></TextEquiv></TextLine><TextLine id="l31"><Coords points="629,982 517,982 283,976 144,976 144,1002 159,1003 629,1003"/><TextEquiv><Unicode/></TextEquiv><TextEquiv index="1"><Unicode>Luxuriat, velut icta Deo. feror auis œſtro</Unicode></TextEquiv></TextLine><TextLine id="l32"><Coords points="747,1006 689,1007 685,1010 677,1012 570,1012 520,1010 375,1009 318,1006 144,1005 144,1033 259,1034 340,1037 747,1037"/><TextEquiv><Unicode/></TextEquiv><TextEquiv index="1"><Unicode>Phœbe tuo, ſanctuſq animum mihi concutit ardot</Unicode></TextEquiv></TextLine><TextLine id="l33"><Coords points="698,1042 388,1039 339,1037 142,1037 142,1062 203,1064 282,1064 413,1068 496,1068 518,1070 698,1070"/><TextEquiv><Unicode/></TextEquiv><TextEquiv index="1"><Unicode>Quo vatum pia corda calent. nihilalite plebis,</Unicode></TextEquiv></TextLine><TextLine id="l34"><Coords points="669,1071 555,1072 496,1069 413,1069 282,1065 142,1064 142,1091 174,1091 183,1093 213,1094 381,1095 396,1097 464,1099 669,1100"/><TextEquiv><Unicode/></TextEquiv><TextEquiv index="1"><Unicode>Nil humili ſermone loquar. ſed gaudia differ</Unicode></TextEquiv></TextLine><TextLine id="l35"><Coords points="696,1102 685,1101 464,1100 396,1098 381,1096 213,1095 182,1093 142,1093 142,1120 153,1121 232,1124 355,1125 375,1127 696,1127"/><TextEquiv><Unicode/></TextEquiv><TextEquiv index="1"><Unicode>Muſa procax fautos bi Luciter exſeret ortus,</Unicode></TextEquiv></TextLine><TextLine id="l36"><Coords points="611,1130 430,1129 375,1128 355,1126 140,1123 140,1152 612,1152"/><TextEquiv><Unicode/></TextEquiv><TextEquiv index="1"><Unicode>Feſta dies mclius ſecuro corde canetur.</Unicode></TextEquiv></TextLine><TextLine id="l37"><Coords points="739,1162 739,1183 783,1183 783,1162"/><TextEquiv><Unicode/></TextEquiv><TextEquiv index="1"><Unicode>AD</Unicode></TextEquiv></TextLine><TextEquiv><Unicode/></TextEquiv></TextRegion></Page></PcGts>