888 1312
316 74 546 98 HEROC A.
725 80 768 99 245
334 114 496 143 Ad eundem.
112 142 585 171 Aurea iam cœlo labuntur ſæcula Belgis,
117 173 616 204 Qualia per atium Saturno rege vigebant,
118 201 697 231 Quum placida populus ſub pace, ac legibus æquis
116 231 704 260 Viueret: ecce gradum noſtris nunc vrbibus infett
118 260 626 292 Spinola Dux ingens animi, fortiſſima cuius
118 289 676 315 Dextera non modico nobis diſcrimine conſtat:
117 320 652 350 Sed poſito terroe venit nec iam amplius iras
120 349 636 380 Spirat & hoſtiles animos: at gaudia præfert,
120 378 587 410 Optatoſque diu poſt triſtia nubila ſoles,
118 407 696 436 Nec vultu nec mente minax. quis talia quondam
121 437 639 465 Crederet, aut ſuperos auderet poſcere votis?
121 467 648 499 Non ope mortali,non hæc ſine Numinis actu
121 496 680 526 Proueniunt, neque fas adſcribere munera tanta
121 525 653 558 Viribus humanis. Deus o Deus æthereab alto
122 554 674 586 Reſpicit iniuſto populum ſub faſce gementem,
122 584 600 615 Et precibus ſeſe patitur votiſque moueri
121 612 658 643 Iuſtitia, ac pietas hominum miſrata labores.
124 642 640 675 IIle potens regnator Iber, cui nullus in orbe
124 672 603 704 Par viget imperiis, ac maieſtate ſuprema,
124 702 574 728 am ſortis vexilla ſuæ demittit, & vltro
124 731 623 764 Magnanimos æquo dignatur fœdere ciues,
125 761 662 792 Rex animo, victorque ſui. am denique faſces
127 790 631 819 ens inſueta iugi multo ſubmittit honore,
128 818 713 853 Quum domini nomen, tituloſque abdicit heriles.
128 848 706 875 Maius enim decus eſt mentem frenare ſuperbam,
128 878 646 908 Et male compoſitos animi ſedare tumultus,
131 908 615 940 Quam valida gentes vi debellare feroces.
130 935 716 971 Ergo age, maxime Dux, præclaro incumbe labori,
131 967 623 1000 Poſtque tot exactas infauſto ſidere noctes,
131 995 651 1029 Lucem redde piis, finemque impone duello.
131 1025 636 1054 Iam ſatis cſt fuſum frateni ſanguinis, aude
132 1053 702 1086 Diſcordes animos populorum adſtringere certis
133 1086 627 1117 Fœderibus, quæ nulla dies exemerit æuo,
133 1112 729 1149 Cunctaque gens celebri memoret per ſæcula fama.
736 1142 789 1164 No
