888 1312
705 79 754 99 247
285 84 540 110 HEROICA.
102 118 612 157 Ore Deas, quantum mortalia corpora Diuæ
102 150 644 188 Exuperant forma & radiantis imagine vultus:
103 178 639 214 Tantum hæc æquales inter, ceu Diua, renidet.
103 211 630 247 Non quod natinum fucauerit arte decore,
103 238 626 275 Perſonata genas, emptoque ſuperba capillo.
104 268 595 306 Nil opus vt Tyriis interpolet ora venenis,
106 297 608 334 Quo ſeſe probet, ao mereat formoſa videri:
104 322 710 364 Nam propriis opulenta bonis cultumque decuſque
98 357 633 393 Sufficit ipſa ſib, teneroſque exſpitat amores.
105 383 636 418 Nec facie tantum, aut roſeis ſpectata labellis,
106 415 572 454 Sydereoque nitet viſu: quæ gloria lox
105 441 666 480 Aut morbo perit, aut ſenſim obrepente ſenecta:
106 473 624 508 Pulcrior at pulcro reſidens in pectore virtus
105 503 625 541 Corporeas illuſtratopes ceu gemma decoro
106 532 664 569 Artificis quam docta manus cixcumdedit aure.
43 559 612 606 Quid denis, Ludouice petas anguſtius iſtis
1 588 659 632 Qudve putes melius tantarum munere erum?
105 623 631 658 Foriitan & quota ſit dotalis ſumaarequras
1 646 679 694 En tibi. quod cunctis mrito prpor derat vnum
106 679 605 714 Dotibus intacta cum virgiunitat pdicum
106 709 541 747 Ingenium, tutela ſacri fidiſſima lecti.
849 720 875 749 I
106 740 616 775 Non pote diuitiis, eſto, contendere tecum,
3 769 642 811 iAt porterit ſtudiis & amore quait amorem
42 793 683 833 Hoc ſibi præcipuam quærens certamine laudem.
110 824 643 862 Si te magna mouent præluſtris nomina famæ,
1 854 618 903 pQuas non impleuit terras Marnixius heros?
110 885 632 924 Quo non clara viri virtus perſuaſit & ingens
109 912 633 946 Gloria doctrinæ magnum diffuſa per orbem?
109 942 631 978 Non noſtri ingenii eſt oras euoluere laudum
109 967 698 1006 Tantarum, meritiſque virum celebrare Camœnis.
856 984 886 1041 I
138 999 649 1038 Fortunate gener ſocero, generoque viciſſim
110 1029 624 1064 Fortunate ſocer felix ante omnia Nymphe,
36 1060 567 1101 Nymphe coniugio talis dignata mariti.
110 1089 596 1122 Viuite felices animis concordibus ambo,
1 1121 646 1172 Florentemque nouo luſu exercete iuentam,
679 1149 763 1168 Lau)l-
