888 1312
266 87 494 110 HEROICA.
47 127 591 163 Ingeniumque bonas excultum rite per artes?
47 155 604 186 Cuncta tibi ſuperant, quibus aut natura beare
48 184 545 222 Mortalesaut cuta ſolet: quid dotibus itis
48 215 580 246 Adiiciam, talique viro quæ dona rependam?
48 239 635 277 5anguis hebet, torpetque graui ceu tacta veterno
47 332 575 362 Proferet haud vllum grati teſtamen amoris?
48 358 623 394 Non ita. namque etſi cunctarum munera rerum
48 391 576 424 ( Inte contulerit manibus bona copia plenis:
48 421 534 452 Attamen illa tuas illuſtrat adorea laudes
48 447 681 489 siOuod P hœbum colis. & Phœbi ſocia agmina Muſas,
48 479 581 511 ai Muſas qui cibus eſt ſuauiſſimus ingenioruin.
48 510 571 541 Hc ſpe noſtra tuos accedere Muſa penates
48 538 577 570 Suſtinet, ingenuo quanquam ſuſtuſa rubore
48 568 557 601 Virgineam faciem. dum ſe conſiderat ipſa,
48 598 568 630 Virtuteſque tuas merito veneratur honore.
48 628 665 661 Sed quantum abſterret pudor & reuerentia tantum
48 658 529 689 Inuitat tua me bonitas & certa fauentis
56 684 612 719 Signa animi, tumidoſque exoſa modeſtia faſtus.
58 715 580 749 Sume igitur placido vultu clariſſime Sidnei,
58 746 554 778 Quæ tibi donamus priſco munuſcula ritu,
56 774 550 807 Parua quidem. pretio ſi rem metiris & vſu
56 805 635 835 Maxima ſi immenſum ſpectas donantis amorem.
48 832 711 868 Eſt animus mihi magna volens, magna omnia voluens,
48 864 597 896 Liber ab ingenio quantumlibet vſque paratus
48 892 585 925 Imperiis ſeruire tuis. me temque rcgendam
48 921 594 954 Virtstis nornæ & rigido permittere honeſto.
48 952 551 986 Quod tua ſi noſtris ſubſcribet gratia votis,
48 983 593 1012 Sitenuem bone Mecœnas dignaris alumnum
48 1010 620 1044 Tollere humo, vitæque procul ſubducere inerti,
48 1041 556 1072 Gratus vt indultas diuino à Numine dotes
48 1068 680 1101 Protrahere in medium patriæque impendere poſſim:
48 1100 592 1129 Non ego tunc verſu, nec munere fungar inani
47 1128 618 1167 Pro tali: merito quamuis quoque ludere veru
674 1159 719 1180 Fas
