888 1312
266 87 494 110 HEROICA.
673 81 714 108 25
1 127 591 163 Ingeniumque bonas excultum rite per artes?
44 155 604 186 Cuncta tibi ſuperant, quibus aut natura beare
1 177 545 225 Mortalesaut cuta ſolet: quid dotibus itis
27 215 580 246 Adiiciam, talique viro quæ dona rependam?
1 236 635 277 5anguis hebet, torpetque graui ceu tacta veterno
2 274 621 333 aca
38 332 575 362 Proferet haud vllum grati teſtamen amoris?
1 358 623 394 Non ita. namque etſi cunctarum munera rerum
1 388 576 424 ( Inte contulerit manibus bona copia plenis:
1 421 534 452 Attamen illa tuas illuſtrat adorea laudes
2 447 681 482 siOuod P hœbum colis. & Phœbi ſocia agmina Muſas,
1 479 581 511 ai Muſas qui cibus eſt ſuauiſſimus ingenioruin.
36 510 571 541 Hc ſpe noſtra tuos accedere Muſa penates
1 538 577 570 Suſtinet, ingenuo quanquam ſuſtuſa rubore
1 568 557 601 Virgineam faciem. dum ſe conſiderat ipſa,
34 598 568 630 Virtuteſque tuas merito veneratur honore.
34 628 665 661 Sed quantum abſterret pudor & reuerentia tantum
32 658 529 689 Inuitat tua me bonitas & certa fauentis
56 684 612 719 Signa animi, tumidoſque exoſa modeſtia faſtus.
58 715 580 749 Sume igitur placido vultu clariſſime Sidnei,
58 746 554 778 Quæ tibi donamus priſco munuſcula ritu,
56 774 550 807 Parua quidem. pretio ſi rem metiris & vſu
56 805 635 835 Maxima ſi immenſum ſpectas donantis amorem.
1 832 711 874 Eſt animus mihi magna volens, magna omnia voluens,
30 864 597 896 Liber ab ingenio quantumlibet vſque paratus
30 892 585 925 Imperiis ſeruire tuis. me temque rcgendam
30 921 594 954 Virtstis nornæ & rigido permittere honeſto.
30 952 551 986 Quod tua ſi noſtris ſubſcribet gratia votis,
30 983 593 1012 Sitenuem bone Mecœnas dignaris alumnum
1 1010 620 1045 Tollere humo, vitæque procul ſubducere inerti,
29 1041 556 1072 Gratus vt indultas diuino à Numine dotes
30 1068 680 1101 Protrahere in medium patriæque impendere poſſim:
28 1100 592 1129 Non ego tunc verſu, nec munere fungar inani
1 1128 618 1168 Pro tali: merito quamuis quoque ludere veru
674 1159 719 1180 Fas
4 1173 29 1201 l
