888 1312
425 64 613 88 BAVDII
196 99 733 137 Fs ſit, & auſteram Muſis condite Mineruam
200 129 655 162 Sed res hi ſtoriis accingar dicere geſtas,
199 160 794 199 Dudlunmque leroa canam, teque optime Sidnet
199 189 794 231 Dudlo comitem. t conſanguinitate propinquum lui
199 219 731 248 Lætus in aſtra feram, fulos memorare iuuabit
199 248 708 281 Te duce Betigenas, ingique incendiabelli
197 278 749 313 Sopita atque uvrbes Parmenſi ex hoſte receptas.
198 307 676 341 Sic eat, o longum iuat Regina, regatque
195 336 798 376 Belgaſque Albionaſque pari moderamine vtroſque,
181 366 724 401 Concordes pietate, animis ac fœdere gentes.
294 413 747 447 Ad Emilium & Iacobum oſendalios tly-
465 446 562 467 s mili.
194 478 755 512 Nobile par fratrum patriæ duo lumina Goudæ,
196 510 727 541 Quid rear? an noſtri memores duratis, & alta
194 539 697 566 M ente repoſtus amor ſecura obliuia neſcit?
195 568 754 598 An fuimus, noſtroque in nomine aranea caſſum
193 598 772 633 Texit opus? prohibent mores promiſſaque veſtra
191 628 668 654 Tale timere nefas, nec vos natura creauit
190 656 712 692 Plebis ad exemplum, quæ nil miratur inepta
193 687 748 717 Præter opes cenſuſque modo meti tur amorem.
189 715 712 753 Noſter eris, pleno dum turgeat ore crumena,
190 746 787 780 Ptædia dum prædeſque adſint, quæ cucta ſimul cum
186 775 693 809 Vel mala ſors tulerit, vel luus dilapidarit:
186 805 697 839 Extemplo mutari animos, vertique fauores
189 836 745 867 Cernere erit: cauſam ſi quæritis, vnica & vna eſt
188 863 703 896 ex hæc naturæ, quidque vt ſoliatur eodem
191 895 759 930 Quo nexum fit ante modo: quos iungit amicos
185 923 703 957 Aut fors aut fortunæ, & ſi quid inanius iſtis,
185 953 693 983 Hos eadem verſa in contraria diſſociabunt.
183 983 719 1019 Nos vero Sanci Genius ouis, almaque fauſto
183 1013 689 1047 Iunxit amore fides, nexuque coëgit aheno.
183 1042 705 1075 Præterea ſtudiis ſtudium deuouimus iiſdem,
181 1073 744 1110 Atque eadem tulimus doctrinæ inſignia magno
177 1100 664 1134 Præſtite Donello, quonon ſolertioralter
755 1140 824 1168 Diſcu-
