888 1312
239 74 496 96 HEROIC A.
40 108 553 145 Diſcutere ambigui nebulas ac nubila iuris,
40 143 552 173 Aduerſaſque iugo ſtabii componere leges.
39 171 533 203 Tali igitur poſtquam tbicine ſuſtentatur
39 198 600 237 Noter amor, longos manſurum rite per annos
39 230 511 268 De me polliceor, de vobis mutna spero.
180 276 562 301 Maximiliana de Dethune, Domino de
336 306 404 329 R.
51 347 604 382 Magne vir excelſi quem pectoris inclyta vitus,
51 377 558 410 Et populi ſuprema ſalus, & numen amicum
52 406 578 439 Francigenis claro ſlmem euexit honore.
55 434 576 469 Quem penes arcanos animi deponere ſe fus
54 465 568 494 Rex inuictus amat curarumque ardua factu
54 494 623 526 Munia: non mihi ſi tantum decus authorpollo
57 524 611 558 Spondeat æqua tuo ſpcrem coſcribere caꝑpu.
56 554 517 582 Vix illud ſibi ſumat onus regina sonori
57 584 540 616 Calliopea chori, vel ſi rediuiuus ad auras
56 613 586 641 Mæonides cunctis incumbat viribus ingens.
57 646 546 672 Nec vero tantos molimur ment paratus,
58 673 591 702 Non ita cœ ca animum fiducia tollit inanem.
61 702 506 732 Sat fuerir. ſi corde pio cultuque fideli
59 731 538 759 Virtutes luſtrare tuas. & culmina poſſim
60 759 631 794 Tangere ſummaoculis, quod ſi dignabere talem
60 790 562 824 Reſpectare animum, ſi tenuia vota clientis
61 820 559 851 Pectore complecti, non exhorrebis amico:
61 848 563 878 Fors erit ille dies, cum te maioribus auſim
61 877 633 913 Auſpiciis memorare. grauique efferre cothurno.
62 906 586 937 Fors erit ille dies, cum te non carmine ſolum
61 934 660 972 Proſequar, & gracili modulabor arundine Muſam:
64 967 517 997 Sed res hiſt riis accingar di cere geſtas.
63 995 580 1030 Henricique feram victricia ſigna per orbem.
64 1023 688 1060 Te quoque curarum comitem, ſociumque laborum,
65 1055 591 1091 Quo ſuper imperipars inclinata recumbit,
63 1087 619 1116 Laus æterna maet quam nulla redarguet ætas
64 1116 556 1148 Perfidiæ, ſerique ſcrent poſt ſata nepores:
640 1146 719 1176 Qa
