888 1312
408 66 595 87 BAVDII
181 96 796 133 Quam tibi coſtiterit magnarum in cardinererumu
179 133 651 162 Intemerata fides, vnique obnoxia Regi.
177 162 767 192 Te neque vis effræna virûm nec turbida quiuis
179 192 704 220 FIectere ſeditio. aut procerum veſana libido.
178 222 688 250 Peruicit virtutis amur quæ plurima ſeclum
180 251 796 279 Monſtra parit furiaſque inter, morumque ruinas, l
179 280 701 309 Manſit inacceſſum vitiis tibi pectus, & omni
177 310 715 340 Labe carens: veluti ſæuis tranquillus in vndis
179 339 758 369 Stat ſcopulus. pelagique minas. ac ubi la temnit.
176 369 748 399 Verum haud iſta ſibi petit hoc præconia tempus,
176 399 689 429 Nec pudor ingennas tantas euoluere laudes
176 429 723 459 Nunc init. olim auſis ſi faueritæquus Apollo,
175 459 758 486 Magna loquar. tantum, decus o ſublime virorum,
174 488 796 517 Reſpice nos, &, ſi hunc pietate meremur honorem, e
174 518 747 547 Scribe tui gregis ac patriæ bonus aſſerere ciuem.
261 563 723 592 Votum pro ege Henrio V. quum bello ciuil
409 592 571 621 Galliaſiagraret.
169 629 698 660 Rex, veterum decus heroum, quos vbere læto
173 658 723 689 Fræluſltres meritis. famaque & honore decoros,
171 689 669 719 Callia præcipuis virtutum laudibus ingens
169 719 719 747 Etulit. aut quæcunque alio ſub cardine tellus:
170 748 687 779 O quæ me niueis raptum ſuper æthera bigis,
168 777 698 808 Parnaſſus gemino quà vertice ſurgit ad auras,
167 806 677 837 Penna fert, ſteriles vnde alto pectore curas
168 837 710 865 Spernere, & inſtabilis valeam ludibria mundi,
164 864 733 897 Muſarumque ſacras ſtudiis magis omnibus artes
164 896 734 928 Excolere, ac plebi laqueum mandare prophanæ?
163 926 727 957 Non ego Titanum renouarem in prælia turmas,
164 956 715 987 Non res Dardanidûm, belloque euerſa decenni
163 985 679 1017 Regna Aſiæ. non ærumnas duroſque labores
162 1014 704 1043 Herculs, aut ſontes fraterno cri mine hebas,
163 1044 721 1076 Cæteraque ingeniis vatum memorata priorum
163 1074 686 1106 Carmine perſequerer: longe me cura fatigat
161 1102 747 1136 Alti, atque anim generoſum inſpirat amorem,
782 1139 810 1158 t
