888 1312
407 72 596 93 BAVDII
176 109 678 135 Deſerat officium, Muſæaque munera vates
177 139 730 168 Abnuat. ancipiti ſedimmens ſiuctuat æſtu,
180 169 802 199 Quid prius aut exinde canam, tanta vndiqe mole
179 198 721 227 Surgit & imme nſus rerum ſeſe explicat ordo.
179 228 695 257 Siue patris, ſeu me ſoceri late i nclyta virtus
178 256 802 287 Mira clo attonitum quatit, atque horrore verendou
180 287 718 317 Suſcitat: ille quidem patrio ſucceſſit Olympo
178 317 742 345 Iam vitæ laudiſque ſatur, dum ſplendida tractat
179 346 672 377 Munia ſuſtitiæ Præſes venerandus, & acri
179 377 752 407 Res Batauas animo, meritiſque illuſtribus auget,
178 407 701 437 Antiqu proliitatis honos rectique ſatelles
180 437 695 465 Integer ac nulli pectus penetrabile probro.
181 465 735 495 Quare & ab exequiis decus imortale ſacrauit
179 495 688 525 Poſtuma ſama v:ro. cuius e ſoſpite nomen
180 526 730 555 Viuit & ad manes nunquam deſcendet imago.
182 554 772 584 Sed quia nec rigidis fas quequam obſiſtere fatis,
180 586 703 615 Terra nec ulterius cœlo indignante valebat
182 615 734 645 Iantum ferre iubar tam rarum ac nobile ſecli
182 644 653 674 Depoſitum qualisaturno rege vigebat
182 674 680 703 Heroum ſobles. priſci gens anrea mundi
184 704 715 735 Quod mortale fuit mors eſt depaſta, ſed arces
183 734 638 763 Spititus æ thereas & ſortunata piorum
181 764 747 794 Regna colit fruiturque Deo. quod ſi qua beatos
183 793 718 823 Cœlicolas mulcere queunt commercia ſortis
180 823 759 852 Humanæ, ve tere ſque caleni poſt fu nera flammæ:
182 851 759 885 Credibile eſt maiora patrem quam priſtina ſenlu
183 881 663 913 Gaudia concipere. & rorari nectare largo
181 910 763 942 Talis ob auſpicium thalami, quem conſcius æher
181 940 653 973 Lætitiæ aſſenſu geſtit reſonare ſecundo.
181 969 679 1001 Ac licet inſignes animas a morte ſuperſtes
182 997 679 1032 Efferat altus honos, veræque exordia lucis
182 1029 754 1060 Tum demum excipiant terreno carcere functas:
182 1060 680 1090 Attamen obductos feſtiuo tempore luctus
181 1087 641 1123 Inſtaurare nefas dum coniugialia lætis
181 1116 802 1153 Carmina lunt meditanda modis: immane venuſtali
723 1151 847 1177 Diſcret
