<?xml version="1.0" encoding="utf-8"?>
<PcGts xmlns="http://schema.primaresearch.org/PAGE/gts/pagecontent/2017-07-15" xmlns:xsi="http://www.w3.org/2001/XMLSchema-instance" xsi:schemaLocation="http://schema.primaresearch.org/PAGE/gts/pagecontent/2017-07-15 http://schema.primaresearch.org/PAGE/gts/pagecontent/2017-07-15/pagecontent.xsd">
  <Metadata>
    <Creator>User123</Creator>
    <Created>2020-04-14T13:52:52</Created>
    <LastChange>2020-04-14T13:52:52</LastChange>
  </Metadata>
  <Page imageFilename="0316.png" imageHeight="1312" imageWidth="888">
    <TextRegion id="r0" type="paragraph">
      <Coords points="1,1 886,1 886,1310 1,1310"/>
      <TextLine id="r0_l001">
        <Coords points="692,77 692,95 730,95 730,77"/>
        <TextEquiv index="1">
          <Unicode>26</Unicode>
        </TextEquiv>
      </TextLine>
      <TextLine id="r0_l002">
        <Coords points="238,82 238,110 557,110 557,82"/>
        <TextEquiv index="1">
          <Unicode>HEROCA.</Unicode>
        </TextEquiv>
      </TextLine>
      <TextLine id="r0_l003">
        <Coords points="3,71 3,116 40,116 40,71"/>
        <TextEquiv index="1">
          <Unicode/>
        </TextEquiv>
      </TextLine>
      <TextLine id="r0_l004">
        <Coords points="1,116 1,144 41,144 41,116"/>
        <TextEquiv index="1">
          <Unicode/>
        </TextEquiv>
      </TextLine>
      <TextLine id="r0_l005">
        <Coords points="143,159 324,157 445,153 491,153 553,150 598,150 601,152 613,152 613,119 482,119 425,122 296,123 157,127 59,125 55,128 54,138 50,142 47,144 39,144 39,161 115,161"/>
        <TextEquiv index="1">
          <Unicode>quora præcipiteſq; immani turbine venti:</Unicode>
        </TextEquiv>
      </TextLine>
      <TextLine id="r0_l006">
        <Coords points="556,180 558,179 558,153 492,153 324,158 143,160 115,162 39,162 39,185 397,185"/>
        <TextEquiv index="1">
          <Unicode>Subſtat mole ſua nullaſq; interrita vires,</Unicode>
        </TextEquiv>
      </TextLine>
      <TextLine id="r0_l007">
        <Coords points="543,210 587,207 587,182 506,182 452,185 325,186 189,190 141,190 39,194 39,213 453,213"/>
        <TextEquiv index="1">
          <Unicode>Aut maris, aut cœli metuit: radicibus imos</Unicode>
        </TextEquiv>
      </TextLine>
      <TextLine id="r0_l008">
        <Coords points="155,248 172,247 269,247 300,245 445,243 581,238 610,238 617,240 628,240 628,207 600,207 543,211 453,214 359,215 339,217 207,218 141,221 74,220 39,221 39,249 52,249 75,253 147,253"/>
        <TextEquiv index="1">
          <Unicode>Quippe premit manes, &amp; vertice ſidera pulſat,</Unicode>
        </TextEquiv>
      </TextLine>
      <TextLine id="r0_l009">
        <Coords points="480,271 535,271 558,269 580,269 583,271 587,271 587,243 446,243 400,245 300,246 269,248 172,248 155,249 147,254 75,254 52,250 39,250 39,273 437,273"/>
        <TextEquiv index="1">
          <Unicode>SIc tua mens omni Sophiæ munita paratu,</Unicode>
        </TextEquiv>
      </TextLine>
      <TextLine id="r0_l010">
        <Coords points="509,300 516,296 531,296 531,272 386,274 306,277 265,276 151,279 77,279 77,302 459,302"/>
        <TextEquiv index="1">
          <Unicode>Nullius &amp; virtutis inops cultuq; fidel</Unicode>
        </TextEquiv>
      </TextLine>
      <TextLine id="r0_l011">
        <Coords points="574,326 592,326 598,329 668,326 668,299 513,299 509,301 459,303 340,304 318,306 212,306 154,309 78,308 78,331 480,331"/>
        <TextEquiv index="1">
          <Unicode>Manſuefacta bonas &amp; ad vnguem efiicta per attes:</Unicode>
        </TextEquiv>
      </TextLine>
      <TextLine id="r0_l012">
        <Coords points="885,377 885,317 855,317 855,378 871,378"/>
        <TextEquiv index="1">
          <Unicode/>
        </TextEquiv>
      </TextLine>
      <TextLine id="r0_l013">
        <Coords points="507,360 549,357 549,332 443,332 226,337 79,338 79,361 458,361"/>
        <TextEquiv index="1">
          <Unicode>Nil timet obiectas acies, ac tela iuuentæ</Unicode>
        </TextEquiv>
      </TextLine>
      <TextLine id="r0_l014">
        <Coords points="444,391 464,389 520,389 533,387 621,384 631,385 631,356 581,356 507,361 399,362 340,365 37,368 37,393 40,394 279,394"/>
        <TextEquiv index="1">
          <Unicode>Miſſa manu, clypeoq; velut ſeptempiice tectus</Unicode>
        </TextEquiv>
      </TextLine>
      <TextLine id="r0_l015">
        <Coords points="492,419 536,417 559,414 589,414 589,389 464,390 444,392 225,395 181,397 43,396 36,394 29,389 1,389 1,417 26,417 37,424 263,424"/>
        <TextEquiv index="1">
          <Unicode>Excipis aduerſos, &amp; ad omnmia ſufficis vnus</Unicode>
        </TextEquiv>
      </TextLine>
      <TextLine id="r0_l016">
        <Coords points="78,455 178,455 241,452 399,451 442,448 515,447 581,443 626,443 632,442 632,415 559,415 536,418 492,420 263,425 182,425 125,428 40,426 26,418 1,418 1,452 27,452 31,457 74,457"/>
        <TextEquiv index="1">
          <Unicode>i Fortunateanimi iuuenis, tibi munera laudum,</Unicode>
        </TextEquiv>
      </TextLine>
      <TextLine id="r0_l017">
        <Coords points="885,435 856,435 856,499 885,499"/>
        <TextEquiv index="1">
          <Unicode/>
        </TextEquiv>
      </TextLine>
      <TextLine id="r0_l018">
        <Coords points="407,479 467,479 573,474 578,474 584,477 615,476 615,445 554,445 515,448 442,449 399,452 241,453 178,456 78,456 70,461 37,461 37,482 300,482"/>
        <TextEquiv index="1">
          <Unicode>Lætitiamq; feret præſtans induſtria &amp; ardens</Unicode>
        </TextEquiv>
      </TextLine>
      <TextLine id="r0_l019">
        <Coords points="545,505 545,480 407,480 365,482 301,482 133,486 82,485 74,491 63,491 55,485 36,485 36,512 258,512"/>
        <TextEquiv index="1">
          <Unicode>Ille vigor genij nullis conatibus impar.</Unicode>
        </TextEquiv>
      </TextLine>
      <TextLine id="r0_l020">
        <Coords points="443,538 466,536 527,535 614,529 664,528 664,503 573,503 532,507 488,507 463,509 414,509 332,512 259,512 231,514 201,514 189,516 80,515 80,542 235,542"/>
        <TextEquiv index="1">
          <Unicode>Nunc quoq; poſt operum decurſos ritlabores</Unicode>
        </TextEquiv>
      </TextLine>
      <TextLine id="r0_l021">
        <Coords points="461,567 474,565 538,564 553,562 572,562 594,559 647,559 647,531 592,531 527,536 466,537 410,540 236,542 192,544 39,543 39,569 389,569"/>
        <TextEquiv index="1">
          <Unicode>Præmia te decorant, quæ laudibus æqua vetuſtas</Unicode>
        </TextEquiv>
      </TextLine>
      <TextLine id="r0_l022">
        <Coords points="261,599 409,598 447,597 460,595 508,595 548,593 561,591 564,589 575,588 635,586 635,567 462,567 358,571 211,571 155,574 69,574 36,572 36,601 216,601"/>
        <TextEquiv index="1">
          <Unicode>Repperit &amp; morem placitum coluere epotes</Unicode>
        </TextEquiv>
      </TextLine>
      <TextLine id="r0_l023">
        <Coords points="506,625 562,621 634,622 634,593 549,593 508,596 460,596 447,598 409,599 261,600 216,602 160,602 129,604 83,604 83,628 406,628"/>
        <TextEquiv index="1">
          <Unicode>Dum fuit in precio rerum pul cherrima Virtus</Unicode>
        </TextEquiv>
      </TextLine>
      <TextLine id="r0_l024">
        <Coords points="236,658 428,657 475,654 594,652 594,622 562,622 506,626 406,629 284,629 75,634 44,633 36,630 32,626 2,626 2,661 182,661"/>
        <TextEquiv index="1">
          <Unicode>Quæ licet ipſa ſuo diues nec pendula plebis</Unicode>
        </TextEquiv>
      </TextLine>
      <TextLine id="r0_l025">
        <Coords points="836,645 836,684 870,684 870,645"/>
        <TextEquiv index="1">
          <Unicode/>
        </TextEquiv>
      </TextLine>
      <TextLine id="r0_l026">
        <Coords points="437,687 440,685 452,684 552,681 552,655 475,655 428,658 236,659 182,662 151,662 143,666 84,667 84,688 429,688"/>
        <TextEquiv index="1">
          <Unicode>Abirrio, ſanctas nolit reparare ſecures</Unicode>
        </TextEquiv>
      </TextLine>
      <TextLine id="r0_l027">
        <Coords points="271,718 310,716 423,717 452,714 530,712 600,707 644,708 644,683 490,683 477,685 440,686 437,688 429,689 287,688 145,692 40,692 28,687 1,687 1,719 183,719"/>
        <TextEquiv index="1">
          <Unicode>iAmbitione mala tamen laud faſtidit honorem</Unicode>
        </TextEquiv>
      </TextLine>
      <TextLine id="r0_l028">
        <Coords points="222,747 424,745 467,742 507,742 569,738 615,738 622,737 622,709 577,709 530,713 452,715 423,718 310,717 271,719 184,719 150,721 65,720 1,721 1,750 122,750"/>
        <TextEquiv index="1">
          <Unicode>Quæſitum meritis. Sapiens sa non putaiſta,</Unicode>
        </TextEquiv>
      </TextLine>
      <TextLine id="r0_l029">
        <Coords points="317,775 416,775 436,773 536,773 544,769 555,768 603,767 603,742 508,742 424,746 162,749 123,750 118,753 112,754 74,753 51,750 34,752 34,777 235,777"/>
        <TextEquiv index="1">
          <Unicode>Quæ dare, ventoſiq; ſolent auferre Quirites</Unicode>
        </TextEquiv>
      </TextLine>
      <TextLine id="r0_l030">
        <Coords points="581,797 628,797 634,799 637,798 637,768 555,769 544,770 536,774 436,774 416,776 236,777 178,779 34,778 34,804 403,804"/>
        <TextEquiv index="1">
          <Unicode>Nullâ mente: tamen dulcedo laudis ephœbpos</Unicode>
        </TextEquiv>
      </TextLine>
      <TextLine id="r0_l031">
        <Coords points="578,828 578,800 528,800 403,805 79,809 33,812 33,833 397,833"/>
        <TextEquiv index="1">
          <Unicode>Allicit &amp; mentes generoſo exſuſcitatigni</Unicode>
        </TextEquiv>
      </TextLine>
      <TextLine id="r0_l032">
        <Coords points="490,861 529,858 594,856 618,853 660,852 660,830 522,830 499,832 222,836 184,838 88,837 88,863 398,863"/>
        <TextEquiv index="1">
          <Unicode>GIoria, necfacile eſt reperire in millibus vnum.</Unicode>
        </TextEquiv>
      </TextLine>
      <TextLine id="r0_l033">
        <Coords points="38,902 56,902 62,898 67,897 79,899 114,899 119,895 187,896 213,894 339,894 554,887 590,887 593,889 598,889 653,884 680,884 680,858 550,858 513,861 451,863 304,864 267,866 113,867 63,869 41,869 37,867 1,867 1,904 34,904"/>
        <TextEquiv index="1">
          <Unicode>Quem gratis iuutt eſie probum, qui dote carentes</Unicode>
        </TextEquiv>
      </TextLine>
      <TextLine id="r0_l034">
        <Coords points="210,923 297,924 328,922 415,922 448,919 541,917 541,890 447,891 339,895 213,895 187,897 119,896 114,900 79,900 67,898 62,899 56,903 38,903 33,905 33,927 123,927"/>
        <TextEquiv index="1">
          <Unicode>Ingenij ſectetur opes . ac ſimplice recto</Unicode>
        </TextEquiv>
      </TextLine>
      <TextLine id="r0_l035">
        <Coords points="523,947 582,948 582,916 560,918 448,920 415,923 328,923 297,925 210,924 123,928 62,927 39,928 34,930 34,951 436,951"/>
        <TextEquiv index="1">
          <Unicode>Gaudeat. Vtilitas animos &amp; pectora vulgi</Unicode>
        </TextEquiv>
      </TextLine>
      <TextLine id="r0_l036">
        <Coords points="522,1007 616,1001 616,949 523,948 436,952 301,953 267,955 210,954 149,956 53,955 45,960 1,960 1,998 31,998 32,1012 311,1012"/>
        <TextEquiv index="1">
          <Unicode>a</Unicode>
        </TextEquiv>
      </TextLine>
      <TextLine id="r0_l037">
        <Coords points="536,1036 630,1031 630,1004 585,1004 522,1008 483,1008 372,1012 123,1015 88,1014 88,1042 267,1042"/>
        <TextEquiv index="1">
          <Unicode>Spes, famæq; decor, cœpta ad ſublimia calcar</Unicode>
        </TextEquiv>
      </TextLine>
      <TextLine id="r0_l038">
        <Coords points="504,1066 602,1066 635,1063 662,1063 663,1035 564,1035 466,1039 267,1043 102,1044 72,1042 52,1043 52,1070 339,1070"/>
        <TextEquiv index="1">
          <Unicode>Haud leue. qui precium virtuti demit honorem</Unicode>
        </TextEquiv>
      </TextLine>
      <TextLine id="r0_l039">
        <Coords points="535,1096 538,1095 538,1067 285,1072 35,1073 36,1101 250,1101"/>
        <TextEquiv index="1">
          <Unicode>Semina virtutum radicitus eruit ipſa</Unicode>
        </TextEquiv>
      </TextLine>
      <TextLine id="r0_l040">
        <Coords points="506,1125 592,1124 637,1121 683,1121 683,1093 591,1093 585,1095 558,1095 535,1097 250,1102 95,1101 95,1127 465,1127"/>
        <TextEquiv index="1">
          <Unicode>Mentibus eiuuenum, quos æmulus excitat ardor,</Unicode>
        </TextEquiv>
      </TextLine>
      <TextLine id="r0_l041">
        <Coords points="65,1180 81,1179 87,1174 89,1165 377,1163 400,1161 449,1160 455,1156 468,1155 532,1156 538,1159 581,1159 588,1156 677,1154 683,1153 683,1125 549,1125 384,1130 96,1132 90,1136 56,1136 46,1143 1,1143 1,1184 43,1184"/>
        <TextEquiv index="1">
          <Unicode>ontemptæq; iacent, quas non fauor erigit artes</Unicode>
        </TextEquiv>
      </TextLine>
      <TextLine id="r0_l042">
        <Coords points="626,1149 626,1180 743,1180 743,1149"/>
        <TextEquiv index="1">
          <Unicode>Mai-</Unicode>
        </TextEquiv>
      </TextLine>
      <TextLine id="r0_l043">
        <Coords points="429,1160 429,1182 482,1182 482,1160"/>
        <TextEquiv index="1">
          <Unicode>R3</Unicode>
        </TextEquiv>
      </TextLine>
    </TextRegion>
  </Page>
</PcGts>
