888 1312
238 82 557 110 HEROCA.
71 119 613 161 quora præcipiteſq; immani turbine venti:
71 153 558 185 Subſtat mole ſua nullaſq; interrita vires,
71 182 587 213 Aut maris, aut cœli metuit: radicibus imos
71 207 628 253 Quippe premit manes, & vertice ſidera pulſat,
71 243 587 273 SIc tua mens omni Sophiæ munita paratu,
77 272 531 302 Nullius & virtutis inops cultuq; fidel
78 299 668 331 Manſuefacta bonas & ad vnguem efiicta per attes:
79 332 549 361 Nil timet obiectas acies, ac tela iuuentæ
71 356 631 394 Miſſa manu, clypeoq; velut ſeptempiice tectus
71 389 589 424 Excipis aduerſos, & ad omnmia ſufficis vnus
71 415 632 457 i Fortunateanimi iuuenis, tibi munera laudum,
71 445 615 482 Lætitiamq; feret præſtans induſtria & ardens
71 480 545 512 Ille vigor genij nullis conatibus impar.
80 503 664 542 Nunc quoq; poſt operum decurſos ritlabores
71 531 647 569 Præmia te decorant, quæ laudibus æqua vetuſtas
71 567 635 601 Repperit & morem placitum coluere epotes
83 593 634 628 Dum fuit in precio rerum pul cherrima Virtus
70 622 594 661 Quæ licet ipſa ſuo diues nec pendula plebis
84 655 552 688 Abirrio, ſanctas nolit reparare ſecures
71 683 644 719 iAmbitione mala tamen laud faſtidit honorem
71 709 622 750 Quæſitum meritis. Sapiens sa non putaiſta,
71 742 603 777 Quæ dare, ventoſiq; ſolent auferre Quirites
71 768 637 804 Nullâ mente: tamen dulcedo laudis ephœbpos
71 800 578 833 Allicit & mentes generoſo exſuſcitatigni
88 830 660 863 GIoria, necfacile eſt reperire in millibus vnum.
71 858 680 899 Quem gratis iuutt eſie probum, qui dote carentes
70 890 541 927 Ingenij ſectetur opes . ac ſimplice recto
70 916 582 951 Gaudeat. Vtilitas animos & pectora vulgi
88 1004 630 1042 Spes, famæq; decor, cœpta ad ſublimia calcar
71 1035 663 1070 Haud leue. qui precium virtuti demit honorem
71 1067 538 1101 Semina virtutum radicitus eruit ipſa
95 1093 683 1127 Mentibus eiuuenum, quos æmulus excitat ardor,
88 1125 683 1164 ontemptæq; iacent, quas non fauor erigit artes
626 1149 743 1180 Mai-
