888 1312
4 77 34 114 I
381 92 563 114 BVDII
159 100 204 119 26
161 130 789 166 Magnanimos neq; enim generant hæc ſecla Catones,
844 153 885 180 u
160 161 753 195 Sublimeſq; heroum animas, quibus vnica virtus,
843 183 885 214 u
162 190 712 226 Et proha pauperies, rigidiq; exemplar honeſti
858 210 885 243 C
160 220 751 256 Spone ſua placet, atqueomni præponderat auro.
163 249 735 283 Maxima pars plauſu populi, ſtudiiſq; fauentum
4 278 47 298 I I
161 279 737 312 Ducimur, & quo fama vocat graſſamur ouantes.
162 308 734 343 Nec tepet oficium, nec habet laboriſte laborem
162 338 807 371 Cui comitarur honos, quem laurea digna coronat.
159 368 724 402 Hac ope ſubnixus Diuorum accumbere menſis
160 398 683 434 Impiger Alcides meruit, dum ſæua nouercæ
160 427 678 456 Iuſia ferox virtute domat, portentaq; terris
161 457 623 488 Aurertit populos vt amica pace bearet.
157 486 657 517 His olim auſpiciis Argiuum heroica pubes
160 517 654 544 Prima rudes ſulcare vias & credere pinum
159 545 709 582 TIuctibus auſa fuit timulata cupidine pulcliro
160 576 693 606 Arietis aurati. facinus memorabile & anceps
159 605 637 635 Non eſt vt feri magno niſi pectore poſſit.
1 628 48 654 i
162 635 747 668 Sed quanquam externo res bellica lumine fulget,
158 666 695 695 Horriſonoq;, viget ſtrepitu, tamen ipſa putare
160 697 664 720 Si rerum mmnta velis& cernere verum
158 724 750 756 Nube carens quæ multa animis offunditut ægris:
155 756 651 785 Aptor eſt homini virtus, & adorea maior
157 785 630 814 ELserere ingenii vires. ac ſemina mentis
2 788 46 810 i
155 815 720 844 Didere per populos, ſtudiiſq; impendere curas:
159 845 746 875 Quam beilare manu crudumq; inadere Aarem,
157 875 686 903 Hmaunq; gnus rapido miſcere tumultu.
156 904 733 934 Nec minus in terris memoratur nomen Homeri,
158 934 691 963 Quam qui pen otas ingentes vndiq; mundi
151 964 691 993 Magnus lexander domuit victricibus armis,
154 993 688 1022 Ambitione tumens. & inexſarurabile pectus.
1 1000 44 1020 I
154 1023 684 1051 Adde quod hic factis deleuit atrocibus omne
151 1052 699 1081 Fdus amicitiæ diuumque popoſcit honores,
147 1081 717 1110 Ic habuit, quamuis paper lare luminis orbus,
153 1112 635 1143 Aq TDeus vatuim mernit per ſccula dici.
147 1142 704 1172 :t lrlttitt :n :tia cultu
736 1175 804 1195 Doca
