888 1312
241 83 570 106 EROCA
71 117 635 151 Docta cohors veneratur, & alta ad ſidera tollit
71 147 615 177 . Laudibus. at tanto nihil eſt de rege ſuperſtes
71 176 657 209 Præter & ampullas, & inanem nominis vmbram.
71 208 617 243 Quid fuit auguſto ſublimius? ilie per omnes,
71 237 617 272 Quas ſol cunque ſuo colluſtrat lumine. terras
71 266 634 298 Protulit imperium famamq; quauit Olympo.
70 293 676 328 Nulla tamen ſummo laus principe dignior exſtat,
71 324 617 360 u Quàm quod & ingenuis excelluit artibus ipſe
71 352 635 384 Cæſar, & eximio ſemper complexus amore eſt
71 384 636 414 Pieridum ſobolem, genercſaq; pectora vatum.
71 411 661 447 Virgilium ante omnes, qui carminis alite ſortem
85 441 678 471 Tranſuolat humanam, ſuperiſq; ſimillimus audit.
71 471 678 506 Te quoq; Mecœnas, eques alto à ſanguine regum.
85 499 638 535 Nobilitate magi patria magnique monarchæ
71 530 608 561 Clarat amicitiâ, quo cenſu opibuſq; poëtas
71 558 581 591 Iuueris, & dulces reuocaris ad ocia Muſas.
85 590 683 619 Felices ambo ſtudiorum, haud immemor Vnquam
78 619 623 654 l Poſteritas celebri veſtrum decus eximet æuo.
78 646 602 682 Nam neq; deuictæ gentes, pugnataq; bella,
91 675 632 711 Nec ſpolium occiſi Ducis, & ſuſpenſa Quirino
90 703 644 740 Dona patri, non celſus apex & palma triumph
96 735 623 764 Sic beat. ac tantos victoribus addit honores,
96 763 607 798 Quantum perpetuis ſacrata poëmata ſeclis,
93 792 591 830 Er quæ per memores floreſcit gloria faſtos
96 821 626 858 Vſq; recens, ipſiſq; animos extollit ab annis.
78 850 641 885 tCedant ergo togæ bella horrida, cedat honori
97 878 691 913 Laurea. Phœbe, tuo quam Mars ſibi ſorte ſecundâ
99 910 583 940 Vindicat armorum laudes euincat oliua
97 938 612 973 Palladis, & precio perpendens ſingula iuſto
95 969 569 1007 Dignetur dominos maieſtas regia faſces
103 996 635 1030 Submiſiſſe choro, cui præſidet altus Apollo.
229 1047 620 1080 Eberhardo Tveſtrengio, berardi filio.
103 1083 640 1126 Fortunate animi iuuenis, quem cura benigni
107 1113 662 1150 Scris piacido Themis aurea lumineidit,
