<?xml version="1.0" encoding="utf-8"?>
<PcGts xmlns="http://schema.primaresearch.org/PAGE/gts/pagecontent/2017-07-15" xmlns:xsi="http://www.w3.org/2001/XMLSchema-instance" xsi:schemaLocation="http://schema.primaresearch.org/PAGE/gts/pagecontent/2017-07-15 http://schema.primaresearch.org/PAGE/gts/pagecontent/2017-07-15/pagecontent.xsd">
  <Metadata>
    <Creator>User123</Creator>
    <Created>2020-04-14T13:52:52</Created>
    <LastChange>2020-04-14T13:52:52</LastChange>
  </Metadata>
  <Page imageFilename="0319.png" imageHeight="1312" imageWidth="888">
    <TextRegion id="r0" type="paragraph">
      <Coords points="1,1 886,1 886,1310 1,1310"/>
      <TextLine id="r0_l001">
        <Coords points="387,24 387,45 578,45 578,24"/>
        <TextEquiv index="1">
          <Unicode/>
        </TextEquiv>
      </TextLine>
      <TextLine id="r0_l002">
        <Coords points="43,55 3,55 3,110 6,110 12,117 16,118 43,119"/>
        <TextEquiv index="1">
          <Unicode/>
        </TextEquiv>
      </TextLine>
      <TextLine id="r0_l003">
        <Coords points="368,72 368,95 615,95 615,72"/>
        <TextEquiv index="1">
          <Unicode>BAVDII</Unicode>
        </TextEquiv>
      </TextLine>
      <TextLine id="r0_l004">
        <Coords points="154,71 154,92 207,92 207,71"/>
        <TextEquiv index="1">
          <Unicode>264</Unicode>
        </TextEquiv>
      </TextLine>
      <TextLine id="r0_l005">
        <Coords points="163,105 163,134 671,134 671,105"/>
        <TextEquiv index="1">
          <Unicode>Nec labor, ac moles deterruit ardua rerum</Unicode>
        </TextEquiv>
      </TextLine>
      <TextLine id="r0_l006">
        <Coords points="854,113 854,145 886,145 886,113"/>
        <TextEquiv index="1">
          <Unicode/>
        </TextEquiv>
      </TextLine>
      <TextLine id="r0_l007">
        <Coords points="43,120 3,118 3,183 43,183"/>
        <TextEquiv index="1">
          <Unicode/>
        </TextEquiv>
      </TextLine>
      <TextLine id="r0_l008">
        <Coords points="163,137 163,167 713,167 713,137"/>
        <TextEquiv index="1">
          <Unicode>Quin iter immenſum Genijpræſtantibus auſis</Unicode>
        </TextEquiv>
      </TextLine>
      <TextLine id="r0_l009">
        <Coords points="855,145 855,171 884,171 884,145"/>
        <TextEquiv index="1">
          <Unicode/>
        </TextEquiv>
      </TextLine>
      <TextLine id="r0_l010">
        <Coords points="670,172 660,171 341,167 197,167 190,169 161,169 161,191 190,191 198,194 318,196 670,196"/>
        <TextEquiv index="1">
          <Unicode>Arriperes tantoq; increſceret acrius ardor,</Unicode>
        </TextEquiv>
      </TextLine>
      <TextLine id="r0_l011">
        <Coords points="842,179 842,205 886,205 886,179"/>
        <TextEquiv index="1">
          <Unicode>u</Unicode>
        </TextEquiv>
      </TextLine>
      <TextLine id="r0_l012">
        <Coords points="44,184 3,184 3,224 10,229 44,229"/>
        <TextEquiv index="1">
          <Unicode/>
        </TextEquiv>
      </TextLine>
      <TextLine id="r0_l013">
        <Coords points="696,202 517,198 358,198 317,196 162,194 162,222 170,222 176,225 191,226 225,224 334,226 696,226"/>
        <TextEquiv index="1">
          <Unicode>Diſce:diq; ſitis, quam te magis agmine denſo</Unicode>
        </TextEquiv>
      </TextLine>
      <TextLine id="r0_l014">
        <Coords points="843,205 843,234 885,234 885,205"/>
        <TextEquiv index="1">
          <Unicode/>
        </TextEquiv>
      </TextLine>
      <TextLine id="r0_l015">
        <Coords points="760,229 751,229 742,232 721,232 613,229 516,229 485,227 162,226 162,251 169,252 425,256 760,256"/>
        <TextEquiv index="1">
          <Unicode>Circmibant vigiles curæ. &amp; noua forma laborum.</Unicode>
        </TextEquiv>
      </TextLine>
      <TextLine id="r0_l016">
        <Coords points="843,234 843,264 886,264 886,234"/>
        <TextEquiv index="1">
          <Unicode/>
        </TextEquiv>
      </TextLine>
      <TextLine id="r0_l017">
        <Coords points="45,231 3,232 3,266 39,265 45,269"/>
        <TextEquiv index="1">
          <Unicode/>
        </TextEquiv>
      </TextLine>
      <TextLine id="r0_l018">
        <Coords points="681,261 550,258 463,258 424,256 162,255 162,283 270,282 299,284 480,285 594,289 681,289"/>
        <TextEquiv index="1">
          <Unicode>Qualis in Alciden Lernæus inhorruit anguis</Unicode>
        </TextEquiv>
      </TextLine>
      <TextLine id="r0_l019">
        <Coords points="45,270 39,266 3,267 3,302 46,302"/>
        <TextEquiv index="1">
          <Unicode/>
        </TextEquiv>
      </TextLine>
      <TextLine id="r0_l020">
        <Coords points="843,264 843,294 886,294 886,264"/>
        <TextEquiv index="1">
          <Unicode>s</Unicode>
        </TextEquiv>
      </TextLine>
      <TextLine id="r0_l021">
        <Coords points="709,291 594,290 480,286 161,284 161,311 255,313 709,313"/>
        <TextEquiv index="1">
          <Unicode>Viibus &amp; numero capitum ſubnixus, at iilum</Unicode>
        </TextEquiv>
      </TextLine>
      <TextLine id="r0_l022">
        <Coords points="843,294 843,326 886,326 886,294"/>
        <TextEquiv index="1">
          <Unicode/>
        </TextEquiv>
      </TextLine>
      <TextLine id="r0_l023">
        <Coords points="695,321 693,320 500,316 397,316 345,314 162,314 162,339 177,341 235,341 268,343 695,343"/>
        <TextEquiv index="1">
          <Unicode>Perculit ac reliquis adiunxit laudibus heros.</Unicode>
        </TextEquiv>
      </TextLine>
      <TextLine id="r0_l024">
        <Coords points="856,353 885,354 885,326 845,326 843,328 843,356 846,356"/>
        <TextEquiv index="1">
          <Unicode/>
        </TextEquiv>
      </TextLine>
      <TextLine id="r0_l025">
        <Coords points="675,349 475,347 380,344 268,344 235,342 158,341 158,369 164,370 216,370 261,372 365,372 409,374 473,374 500,376 675,376"/>
        <TextEquiv index="1">
          <Unicode>Non diſpar incumbit onus, nec gloria ſurget</Unicode>
        </TextEquiv>
      </TextLine>
      <TextLine id="r0_l026">
        <Coords points="884,355 852,355 843,357 843,381 884,381"/>
        <TextEquiv index="1">
          <Unicode/>
        </TextEquiv>
      </TextLine>
      <TextLine id="r0_l027">
        <Coords points="668,380 652,379 500,377 473,375 409,375 365,373 158,373 158,398 163,399 225,399 446,404 668,404"/>
        <TextEquiv index="1">
          <Unicode>Herculca irtute minor, ſi la nguida temnas</Unicode>
        </TextEquiv>
      </TextLine>
      <TextLine id="r0_l028">
        <Coords points="580,408 315,402 158,402 158,428 243,430 580,430"/>
        <TextEquiv index="1">
          <Unicode>Ocia. &amp; egregio poſſis detexere niſu</Unicode>
        </TextEquiv>
      </TextLine>
      <TextLine id="r0_l029">
        <Coords points="26,428 31,425 31,405 25,400 2,400 2,429 20,429"/>
        <TextEquiv index="1">
          <Unicode/>
        </TextEquiv>
      </TextLine>
      <TextLine id="r0_l030">
        <Coords points="759,437 638,434 632,434 626,437 554,437 445,433 280,433 262,431 157,431 157,457 163,458 234,458 291,461 368,461 412,463 642,466 672,467 689,470 759,470"/>
        <TextEquiv index="1">
          <Unicode>Legum ingens opus, &amp; vaſtum dare vcla per æquor.</Unicode>
        </TextEquiv>
      </TextLine>
      <TextLine id="r0_l031">
        <Coords points="2,456 2,508 48,508 48,456"/>
        <TextEquiv index="1">
          <Unicode/>
        </TextEquiv>
      </TextLine>
      <TextLine id="r0_l032">
        <Coords points="46,427 29,427 20,430 3,430 3,455 46,455"/>
        <TextEquiv index="1">
          <Unicode/>
        </TextEquiv>
      </TextLine>
      <TextLine id="r0_l033">
        <Coords points="46,474 45,456 2,456 2,475 44,475"/>
        <TextEquiv index="1">
          <Unicode>I</Unicode>
        </TextEquiv>
      </TextLine>
      <TextLine id="r0_l034">
        <Coords points="690,471 672,468 577,467 485,464 412,464 368,462 156,461 156,488 258,488 432,493 690,493"/>
        <TextEquiv index="1">
          <Unicode>Nam Iouis ille puer. ſi credere vatibus eſt fas,</Unicode>
        </TextEquiv>
      </TextLine>
      <TextLine id="r0_l035">
        <Coords points="687,499 559,495 338,492 258,489 154,489 154,516 393,522 539,523 597,526 687,526"/>
        <TextEquiv index="1">
          <Unicode>Amphitryoniades immania monſtra ſubegit,</Unicode>
        </TextEquiv>
      </TextLine>
      <TextLine id="r0_l036">
        <Coords points="5,509 5,542 68,542 68,509"/>
        <TextEquiv index="1">
          <Unicode/>
        </TextEquiv>
      </TextLine>
      <TextLine id="r0_l037">
        <Coords points="635,528 633,527 560,526 539,524 393,523 338,521 154,521 154,544 169,545 248,548 347,549 382,551 635,551"/>
        <TextEquiv index="1">
          <Unicode>Atq; metu populos. &amp; dira peſte leuauit,</Unicode>
        </TextEquiv>
      </TextLine>
      <TextLine id="r0_l038">
        <Coords points="755,556 677,554 671,557 588,557 542,554 430,553 347,550 157,549 157,574 207,574 280,578 337,578 346,579 350,581 476,581 503,584 755,584"/>
        <TextEquiv index="1">
          <Unicode>Dum colit in terris hominum genus aſpera multa</Unicode>
        </TextEquiv>
      </TextLine>
      <TextLine id="r0_l039">
        <Coords points="675,588 645,588 594,585 503,585 476,582 375,581 350,582 346,580 337,579 155,578 155,603 194,603 202,605 252,608 318,608 350,606 380,607 384,610 675,611"/>
        <TextEquiv index="1">
          <Unicode>Pertulit haud vllis caput eruperabile fatis.</Unicode>
        </TextEquiv>
      </TextLine>
      <TextLine id="r0_l040">
        <Coords points="6,588 6,612 41,612 41,588"/>
        <TextEquiv index="1">
          <Unicode/>
        </TextEquiv>
      </TextLine>
      <TextLine id="r0_l041">
        <Coords points="620,617 618,616 500,614 455,611 384,611 380,608 350,607 318,609 157,607 157,632 186,632 207,636 620,636"/>
        <TextEquiv index="1">
          <Unicode>Crudlies aras Etſiridis Iſmara circum</Unicode>
        </TextEquiv>
      </TextLine>
      <TextLine id="r0_l042">
        <Coords points="43,619 1,618 1,657 43,657"/>
        <TextEquiv index="1">
          <Unicode/>
        </TextEquiv>
      </TextLine>
      <TextLine id="r0_l043">
        <Coords points="849,678 849,647 844,647 836,644 819,644 814,647 732,646 719,645 702,641 673,641 669,644 661,646 577,646 556,644 515,644 465,641 410,642 374,641 357,639 155,636 155,662 164,663 296,668 447,670 502,673 559,673 608,675 626,674 754,680 846,680"/>
        <TextEquiv index="1">
          <Unicode>Thracis equos Diomedis &amp; atram contudit Hydram:</Unicode>
        </TextEquiv>
      </TextLine>
      <TextLine id="r0_l044">
        <Coords points="42,658 2,658 2,701 42,701"/>
        <TextEquiv index="1">
          <Unicode/>
        </TextEquiv>
      </TextLine>
      <TextLine id="r0_l045">
        <Coords points="707,679 697,678 626,675 608,676 559,674 502,674 403,670 296,669 268,667 156,667 156,691 177,693 196,693 214,695 278,695 362,699 491,700 543,703 707,703"/>
        <TextEquiv index="1">
          <Unicode>Tergeminumq; canem. tria corpora regis Iberi</Unicode>
        </TextEquiv>
      </TextLine>
      <TextLine id="r0_l046">
        <Coords points="725,709 624,707 606,705 512,703 491,701 320,699 278,696 155,696 155,721 190,722 207,724 265,724 289,726 319,726 333,728 397,728 499,732 725,732"/>
        <TextEquiv index="1">
          <Unicode>Stranit &amp; Arcadiæ volucres Stymphalidas vncis</Unicode>
        </TextEquiv>
      </TextLine>
      <TextLine id="r0_l047">
        <Coords points="2,705 2,731 32,731 32,705"/>
        <TextEquiv index="1">
          <Unicode/>
        </TextEquiv>
      </TextLine>
      <TextLine id="r0_l048">
        <Coords points="712,738 646,737 614,735 562,735 537,733 499,733 397,729 333,729 319,727 289,727 265,725 153,725 153,754 160,754 165,751 184,751 189,753 209,754 345,756 383,759 504,761 528,760 540,762 712,762"/>
        <TextEquiv index="1">
          <Unicode>Vnguibus. &amp; vaſta recubantem in rupe leonem.</Unicode>
        </TextEquiv>
      </TextLine>
      <TextLine id="r0_l049">
        <Coords points="2,731 2,753 40,753 40,731"/>
        <TextEquiv index="1">
          <Unicode/>
        </TextEquiv>
      </TextLine>
      <TextLine id="r0_l050">
        <Coords points="739,767 591,765 540,763 528,761 504,762 383,760 345,757 268,755 161,754 152,756 152,780 321,785 351,788 382,789 411,788 495,791 739,791"/>
        <TextEquiv index="1">
          <Unicode>Tandem concilio Superûm eſt adſcriptus, &amp; alma</Unicode>
        </TextEquiv>
      </TextLine>
      <TextLine id="r0_l051">
        <Coords points="42,794 42,755 1,755 1,794 25,795"/>
        <TextEquiv index="1">
          <Unicode/>
        </TextEquiv>
      </TextLine>
      <TextLine id="r0_l052">
        <Coords points="676,797 554,793 513,793 467,790 403,789 382,790 351,789 321,786 151,781 151,809 155,810 404,817 428,819 676,819"/>
        <TextEquiv index="1">
          <Unicode>Veſcitur ambroſia, coliturq; calentibus aris.</Unicode>
        </TextEquiv>
      </TextLine>
      <TextLine id="r0_l053">
        <Coords points="43,795 1,795 1,827 19,827 27,832 43,832"/>
        <TextEquiv index="1">
          <Unicode/>
        </TextEquiv>
      </TextLine>
      <TextLine id="r0_l054">
        <Coords points="599,824 591,823 471,822 456,820 272,815 251,813 150,813 150,838 162,839 195,839 231,842 356,847 599,848"/>
        <TextEquiv index="1">
          <Unicode>Impia relligio tantum caliginis infert</Unicode>
        </TextEquiv>
      </TextLine>
      <TextLine id="r0_l055">
        <Coords points="766,853 685,852 651,850 645,850 639,853 487,852 416,848 356,848 304,845 272,845 230,842 149,842 149,866 180,867 197,870 416,878 766,878"/>
        <TextEquiv index="1">
          <Unicode>Mentibus. liaud equitem commenta refellere vatum</Unicode>
        </TextEquiv>
      </TextLine>
      <TextLine id="r0_l056">
        <Coords points="43,845 27,846 19,850 1,851 1,872 25,871 31,875 43,875"/>
        <TextEquiv index="1">
          <Unicode/>
        </TextEquiv>
      </TextLine>
      <TextLine id="r0_l057">
        <Coords points="724,886 669,886 522,881 481,881 452,879 380,878 332,875 298,875 250,872 149,872 149,897 430,908 724,908"/>
        <TextEquiv index="1">
          <Unicode>Nec veteris famæ monumenta exſcindere conor</Unicode>
        </TextEquiv>
      </TextLine>
      <TextLine id="r0_l058">
        <Coords points="28,883 31,880 31,876 25,872 1,873 1,885 17,885"/>
        <TextEquiv index="1">
          <Unicode/>
        </TextEquiv>
      </TextLine>
      <TextLine id="r0_l059">
        <Coords points="31,882 26,885 1,886 1,905 31,905"/>
        <TextEquiv index="1">
          <Unicode/>
        </TextEquiv>
      </TextLine>
      <TextLine id="r0_l060">
        <Coords points="590,913 502,912 457,909 344,906 327,904 283,904 204,900 150,900 150,925 163,927 272,932 346,933 400,938 590,939"/>
        <TextEquiv index="1">
          <Unicode>Si tæmen amotis euoluere ſeria nugis</Unicode>
        </TextEquiv>
      </TextLine>
      <TextLine id="r0_l061">
        <Coords points="30,952 30,906 1,906 1,953 27,953"/>
        <TextEquiv index="1">
          <Unicode/>
        </TextEquiv>
      </TextLine>
      <TextLine id="r0_l062">
        <Coords points="665,941 661,940 637,940 633,942 624,943 618,942 556,943 509,940 400,939 324,933 272,933 221,930 148,930 148,956 229,960 298,961 326,964 355,964 411,967 665,967"/>
        <TextEquiv index="1">
          <Unicode>Fert amor haud alios deſignat fabula ſenſus</Unicode>
        </TextEquiv>
      </TextLine>
      <TextLine id="r0_l063">
        <Coords points="737,972 724,971 711,971 705,974 622,974 453,970 410,967 326,965 298,962 228,960 149,960 149,985 157,986 206,987 241,990 314,993 352,993 365,995 455,999 503,999 546,1001 737,1001"/>
        <TextEquiv index="1">
          <Unicode>Quam quod inhumanos homines. rituq; feraum</Unicode>
        </TextEquiv>
      </TextLine>
      <TextLine id="r0_l064">
        <Coords points="31,954 1,954 1,1004 31,1004"/>
        <TextEquiv index="1">
          <Unicode/>
        </TextEquiv>
      </TextLine>
      <TextLine id="r0_l065">
        <Coords points="653,1004 455,1000 365,996 352,994 261,992 206,988 146,988 146,1014 217,1018 255,1018 270,1020 354,1024 653,1024"/>
        <TextEquiv index="1">
          <Unicode>Indociles. ſparſoſq locis nec moribus vllis</Unicode>
        </TextEquiv>
      </TextLine>
      <TextLine id="r0_l066">
        <Coords points="664,1033 602,1033 531,1030 449,1029 430,1027 373,1026 353,1024 270,1021 255,1019 146,1017 146,1044 187,1044 216,1047 287,1049 343,1053 470,1058 664,1058"/>
        <TextEquiv index="1">
          <Unicode>Viuere conſuetos cultu domefecit honeſto,</Unicode>
        </TextEquiv>
      </TextLine>
      <TextLine id="r0_l067">
        <Coords points="606,1062 562,1062 469,1058 434,1058 215,1047 147,1047 147,1069 160,1070 165,1073 173,1074 211,1075 257,1079 351,1081 398,1086 606,1086"/>
        <TextEquiv index="1">
          <Unicode>Artibus erudijt, leges ac fœdera ſanxit,</Unicode>
        </TextEquiv>
      </TextLine>
      <TextLine id="r0_l068">
        <Coords points="693,1089 651,1089 639,1093 620,1093 527,1091 473,1088 422,1088 373,1085 351,1082 257,1080 227,1077 185,1076 164,1073 148,1073 148,1100 199,1101 217,1107 355,1112 374,1115 693,1115"/>
        <TextEquiv index="1">
          <Unicode>Quis ſinenil brutis animantibus effera diſtat</Unicode>
        </TextEquiv>
      </TextLine>
      <TextLine id="r0_l069">
        <Coords points="6,1006 6,1141 39,1141 39,1006"/>
        <TextEquiv index="1">
          <Unicode/>
        </TextEquiv>
      </TextLine>
      <TextLine id="r0_l070">
        <Coords points="856,1122 836,1123 828,1120 745,1119 737,1123 703,1124 594,1123 544,1120 408,1117 384,1118 373,1115 355,1113 217,1108 199,1102 148,1102 148,1133 202,1136 216,1141 235,1143 323,1145 345,1147 359,1150 507,1154 667,1154 673,1152 856,1154"/>
        <TextEquiv index="1">
          <Unicode>ie ns ominum. quid enim niſi legum anguſta poteſtas</Unicode>
        </TextEquiv>
      </TextLine>
      <TextLine id="r0_l071">
        <Coords points="5,1141 5,1185 38,1185 38,1141"/>
        <TextEquiv index="1">
          <Unicode/>
        </TextEquiv>
      </TextLine>
      <TextLine id="r0_l072">
        <Coords points="790,1186 790,1155 673,1153 663,1157 653,1157 653,1187 767,1187"/>
        <TextEquiv index="1">
          <Unicode>Obſequio</Unicode>
        </TextEquiv>
      </TextLine>
    </TextRegion>
  </Page>
</PcGts>
