888 1312
368 72 615 95 BAVDII
163 105 671 134 Nec labor, ac moles deterruit ardua rerum
163 137 713 167 Quin iter immenſum Genijpræſtantibus auſis
161 167 670 196 Arriperes tantoq; increſceret acrius ardor,
162 194 696 226 Diſce:diq; ſitis, quam te magis agmine denſo
162 226 760 256 Circmibant vigiles curæ. & noua forma laborum.
162 255 681 289 Qualis in Alciden Lernæus inhorruit anguis
161 284 709 313 Viibus & numero capitum ſubnixus, at iilum
162 314 695 343 Perculit ac reliquis adiunxit laudibus heros.
158 341 675 376 Non diſpar incumbit onus, nec gloria ſurget
158 373 668 404 Herculca irtute minor, ſi la nguida temnas
158 402 580 430 Ocia. & egregio poſſis detexere niſu
157 431 759 470 Legum ingens opus, & vaſtum dare vcla per æquor.
156 461 690 493 Nam Iouis ille puer. ſi credere vatibus eſt fas,
154 489 687 526 Amphitryoniades immania monſtra ſubegit,
154 521 635 551 Atq; metu populos. & dira peſte leuauit,
157 549 755 584 Dum colit in terris hominum genus aſpera multa
155 578 675 611 Pertulit haud vllis caput eruperabile fatis.
157 607 620 636 Crudlies aras Etſiridis Iſmara circum
155 636 793 680 Thracis equos Diomedis & atram contudit Hydram:
156 667 707 703 Tergeminumq; canem. tria corpora regis Iberi
155 696 725 732 Stranit & Arcadiæ volucres Stymphalidas vncis
153 725 712 762 Vnguibus. & vaſta recubantem in rupe leonem.
152 754 739 791 Tandem concilio Superûm eſt adſcriptus, & alma
151 781 676 819 Veſcitur ambroſia, coliturq; calentibus aris.
150 813 599 848 Impia relligio tantum caliginis infert
149 842 766 878 Mentibus. liaud equitem commenta refellere vatum
149 872 724 908 Nec veteris famæ monumenta exſcindere conor
150 900 590 939 Si tæmen amotis euoluere ſeria nugis
148 930 665 967 Fert amor haud alios deſignat fabula ſenſus
149 960 737 1001 Quam quod inhumanos homines. rituq; feraum
146 988 653 1024 Indociles. ſparſoſq locis nec moribus vllis
146 1017 664 1058 Viuere conſuetos cultu domefecit honeſto,
147 1047 606 1086 Artibus erudijt, leges ac fœdera ſanxit,
148 1073 693 1115 Quis ſinenil brutis animantibus effera diſtat
148 1102 812 1154 ie ns ominum. quid enim niſi legum anguſta poteſtas
653 1153 790 1187 Obſequio
