888 1312
389 29 869 52 r
234 78 560 102 HEROICA.
688 83 729 105 265
37 117 541 148 Obſequio gentes, & amica pace iugauit
36 147 668 186 Diſcordesanimos? quid erunt niſi luſtra latronum
1 176 583 217 Mortales cœtus, portentaq; triſtia dempto
37 207 552 235 Numine luſltitiæ? maieſtas iuris & æqui
1 220 604 266 Hoc quodcunq vides ſtabili tibicine firmat.
79 264 644 294 Non ſceus ac pelago Boreas quum ſæuit, & acres
1 288 556 330 Incubuere, ruuntq; effuſi carcere ſratres
34 325 597 356 Lolio, regit att ratem Palinurus, & ingens
33 353 672 385 Aquor arat. clauumq; ſedens in puppe gubernat.
33 381 642 409 Hinc ſouis ad ſolium ſinxit veneranda vetuſtas
34 410 531 443 Apparere deam. cœliq; in ſede locauit
1 438 657 472 Vana ſuperſtitio ſed non tamen omnia mendax.
34 471 576 501 Maius enim donuma mortali ſorte putauit
34 501 589 529 Munera Iuſtitie, cuius ſtat ſœdere mundus.
33 530 618 560 Hinc etiam metuer polum rumore ſecundo
1 558 617 588 Præſtantes virtute viri gens laudis abundans,
33 590 632 624 Qui primi ingenuas vitam excolere pec arres,
87 620 548 649 Su teruntq; ſequi fas & pia iura vereri.
87 648 623 679 Sic Numa Tompilius ſic Cretæ gloria Ainos,
1 646 35 681 u
87 678 615 711 Cecropideſq, Solon & mens excelſa Lycurgi
88 707 549 737 Adſcripſere dijs ſancti primordia iuris,
89 736 640 768 Qu regere, & parrios ſunt orſi efingere mores
88 767 622 798 Ad decus, & pulerum niueæ virtutis amorem.
88 794 610 824 Non ſolum vt maior reuerentia legibus eſſet
89 824 664 856 Queis cœleſtis honos, & myſticus inſidet horror:
90 855 600 885 Sed quia, ſi veras amor eſt expromere voces,
90 882 667 910 Non labor humanus, nec talia condere quiſquam
90 913 570 942 Mortalis potuit. Deus hæc cœleſtia terris
90 942 698 972 Dona dedit, neq; enim Diuûm ſine munere vulgus,
90 970 586 1001 Bellua tot capitum, rigidi pareret honeſti
91 1000 623 1031 Iuſſibus, at ruerent quo feruida cunq; libido
90 1029 613 1060 Ferret: vt excuſſis per aperta, per auia frænis
92 1059 642 1091 Quadriiuges rapiuntur equi, ventoſq; fatigant
92 1089 642 1117 Curſibus, & dalido ſonitum ciet vngula pulſu.
1 1119 555 1160 rgo ſi Cereri ſolennia templa dicauit
659 1145 747 1169 Priſcus
465 1151 513 1173 R5
