888 1312
380 80 629 103 BAVDII
169 82 212 101 66
168 117 689 149 Priſcus honos Bacchoq; patri. ſi Iupiter ipſe
167 149 690 176 Nomate non alio rex inclytus ætheris audit,
171 178 724 207 Quam quia mortalis dum vitæ eſt fata ſecutus,
847 189 886 213 u
170 207 705 237 Claruit opprobriis. regniq, ex arce parentem
860 218 886 243 H
166 237 633 266 Depulit & Latiis latitare coegit in oris:
166 266 885 301 quius hunc hominum pote rant ſperare fauorem
166 295 712 327 Legiferi Proceres & quiſquis agreſtia princeps
4 301 48 323 II
164 325 680 354 Secla virûm docuit placido miteſcere ritu,
846 339 886 360 5
4 348 46 365 II
165 355 689 385 Claraque per varias diſperſit munera gentes.
4 363 47 390 I
171 383 692 408 Omnia Cæſareis ſed enim miracula cedunt
165 413 742 443 Legibus. hanc iuuenes generoſi inuadite laudem,
164 443 660 471 Hinc optare decus fas, & ſperare coronam.
165 472 744 501 Tuque, o flos patriæ, conſtanter & alite fauſta
165 502 755 534 Progredere, incœptumq operis decurre laborem,
164 532 637 563 Præmia laturus non ære inciſa notiſque,
166 561 692 588 Qualia tempus edax lento conſumere ractu
165 591 667 623 Sæpe ſolet, vel liuor iners, aut turbida belli
164 620 648 651 Tempeſtas: ſed quæ vires acquirit ab æuo
164 651 776 679 Fama comes magnorum operum, decus addita celſis
164 679 707 711 Mentibus ac ſtudijs tibi pronum patria virtus
166 709 705 739 Strauit iter. facileſq; vias ad culmina laudum:
159 738 666 771 Ingeniiq; vigor ſupereſt & honeſta cupido,
163 769 730 800 ec tu vocis egesgaudet tamen impetus ardens
162 798 682 830 Vccibus accendi nec ſortibus addere calcar
157 826 683 856 Ouitac veluti quum circo effuſa iuuetus
164 856 705 888 Crripuit ſpatium, volat æquore feruidis axis,
161 886 746 919 Præcipitiq; ruunt pede concita quadrupedantum
161 916 672 949 Agmia pulſat enim ſperatæ gloria palmæ.
160 941 676 978 Tum ſi cui pr opior victoria, protinus illum
160 974 662 1006 Plauſibus & ſtudiis acuit ſpectator amicis.
162 1004 716 1038 Sic ego teſtimulisanimare haud ſegnibus iuſto
160 1034 740 1068 Sponte licet properes &ad ardua præmia tendas
158 1062 639 1099 aud humili tardoq gradu feliciter vrge
160 1092 696 1121 Propoſitum. neu te lla dies ſublimibus orſis
154 1122 732 1159 Aiat indecorem, memori ſtet mente repoſtus
770 1161 800 1181 Et
