888 1312
674 80 719 103 26
220 84 543 111 ROCA.
74 120 622 159 Et conſul pater, & quæ Conſule clariorexſtat,
79 154 553 185 Nobilas animi ſemperq exercita curi
76 185 604 217 Viuida mens, penituſq; bonas exulta partes.
1 198 44 230 n
79 208 677 242 En iterum memorem moneo. repetenſq, monebo,
82 240 634 272 Sume mares animos, & Conſulis inclyta proles
81 268 723 307 Aude aliquid magnum, & quod poſera ſecla loqutu
81 300 609 339 Ntenum meditare decus, verumq; laborem
83 329 605 366 Suſcipe lata patet præſtantibus area cœptis,
80 357 610 397 Aggrediare viam & quo te rapit æmula tanti
86 384 677 425 Spoes patris ac prædulcis honos contende ſecundis
82 418 639 452 Ominibus, noſtroq; nouum iubar adde Lucæo.
176 463 628 494 In Iohannis Iſacii Pontai Itinerarium lliæ
331 496 465 524 Nabonenſis.
1 502 32 529 l
89 533 603 568 Dux hominum vitæ prudentia temporis vſu
91 564 603 604 Quæritur, & tardo venit experientia tractu:
90 594 601 628 Sed breuior longe via, nec ſubiecta periclis
89 622 577 662 Ire per annales veterum præclaraq; geſta
95 649 689 685 Scire ducum & ſtudio memores euoluerefaſtos.
1 653 40 676 is
94 682 631 715 Sic aliena tibi monſtrant exempla quid optes,
1 688 40 706 B
94 708 733 749 Quid fugere expediat, nec habent incommoda chartæ.
96 742 658 780 Qualia væ miſeros circumſtant vndiq; nautas:
93 768 604 807 NRauf agiis & terra patet, ſæpe impius aufert
95 796 643 834 Graſſator ſpoliatq; anima quos horrida tranſit
96 828 593 866 Tempeſtas pelagiq furor metus acer vbiq;
96 855 647 896 Renat, vbiq; ſuus mortasibus imminet hoſtis.
96 886 627 924 Adde quod anguſti nos terminus excipit æui,
2 901 27 917 .i
97 917 595 955 Vitaq; præcipici pede voluitur, effuit ætas
96 944 657 985 Præpetis inſtar aquæ nec tempora lapſa reducit
98 972 679 1013 Hora ſequens metamq; prius contingimus ipſam
101 1002 645 1043 Quam rerum ancipites liceatſubducere caſus.
101 1033 688 1071 Atq; vbi bella fremunt & comminus itur in arma,
99 1063 653 1100 Vel peccare ſemel ſcelus eſt aut maxima culpa,
99 1092 606 1125 Neredimi iactura poteſt victorq; ſecundo
99 1123 624 1154 Mart tunens lute terrorem eſtundi &atra
673 1147 740 1170 Cæde
