888 1312
228 64 556 89 HEROICA.
697 66 741 88 N
84 108 595 137 Tetrior vlla lues, nec deteſtatius vnquam
85 137 599 169 Prodigii genus horrendis erupit ab Orci
86 168 581 195 Faucibus, & miſeras afflixit ſidere gentes.
85 198 615 223 Illa tuum fumo ac nebulis inuoluere nomen
85 227 568 258 Perfurit atq; humili diuos afflare veneno
86 254 642 286 Geſtit & e plauſtris ſine more opprobria iactat.
86 283 598 317 Sed quid in aduerſi radios ac lumina Phœbi
82 313 647 342 Eubonum ſata nocte cohors, Stygiæq; volucres,
84 342 599 375 Turbaq; fœda canum latratu poſſet inermi?
81 374 500 398 Virtus fixa ſuis alte radicibus hæret,
83 401 588 434 Clareſcitq; malo, vireſq; à vulnere ſumit.
80 431 602 462 Arbor vt intonſi quæ vertice conſita montis
80 458 664 493 Spernit in vlta minas flabrorum ac turbinis atri.
82 490 599 522 Quippe ſolo, moliſq; ſuæ ſtat viribus ingens.
82 518 621 550 Sic tua laus, generoſe heros, nec laudibus vllis
80 546 644 579 Creſcere iam potis eſt, nec vim furiaſq procacis
80 577 561 608 Inuidiæ metuit. viget æternumq; vigebit
82 606 610 639 Scaligerûm ſublimis honos, ne pulſa recedet
77 637 659 670 Fama loco dum ſancta fides, dum pectora tanget
79 663 634 697 Laudis amor: quod ſi tibi fata Deuſq; dediſſent
76 696 550 728 Indecores proauos, & priſcæ lucis egeres
78 722 621 757 Tuq parenſq; tuus, duo maxima lumina ſecli:
77 754 662 786 Dignus vterq; foret genus à quo principe ducant
77 782 722 815 Magnanimi proceres & ſanguinis author Alanus.
77 813 592 845 Et quicunq; viros virtutibus æſtimat æquis,
77 841 618 873 Tales optet auos, nec regnum auguſtius vllum
77 871 655 901 Nomen in orbe viget. quam Iulius ille rex ingens,
79 900 557 932 Iuliadeſq; patris tanti nil degener hæres.
78 928 576 962 Nam veteres titulos & notis condita faſtis
75 956 651 991 Nomina priſca ducum, longaq; ab origine ductas
74 988 610 1019 Maiorum effigies etiam gens indiga laudum,
75 1018 547 1048 Et veræ virtutis inops, & ſordida probris
76 1047 569 1078 Oſten tare poteſ nemo. ni ſi vel bonus a cri
75 1077 568 1111 Militia, vel lonore togæ ſibi nobile feci
73 1106 592 1137 Nominis auſpicium, claræq; exordia gentis.
675 1134 711 1154 e
118 1141 352 1165 Tamus Prmu.
