888 1312
232 70 558 96 EROICA.
88 112 627 143 Viuet in ore virûm, memoriq; ſacrabitur æuo
91 143 603 173 Iulius, indigetem ſibi quem nunc regia cœli
90 172 583 200 Vindicat, & tanta ſolus de gente ſuperſtes,
90 202 577 231 Iuliade, nullis tua laus abolebitur annis.
91 231 615 263 Quanquam te regnis fera ſors orbauit auitis
84 260 637 289 Et lare deiecit patriotamen indole mentis,
88 290 589 320 Excelſiſq; bonis fœ cundi pectoris omnem
88 317 651 348 Fortunam exſuperas quæ regum cunq; ſuperbas
88 348 610 380 Cœlo exequat opes, fluxoq; attollit honore.
88 376 616 407 Tu modo, ſi qua piis adſpirant Nmina votis,
88 406 544 435 Et iuſtas audire preces dignatur ab alto
88 434 687 464 Rite vocata hemis, longum pater optime viuas,
90 464 649 495 Seras & aſtra petas:quanquam te maxima tellus
88 493 630 525 Non capit, &pridem mortalibus inuidet ægris
88 523 623 556 Nobile depoſitum regio flammantis Olympi,
88 552 642 584 Quæ tibi certa domus, primæuaq gentis origo.
87 581 656 610 Non etenim mortale genus tam ſplendida terris
87 610 620 641 Dona dedit. ſuperum fauor, & clementia cœli
85 640 568 668 Iure ſuo tanti laudem ſibi poſtulat ortus.
81 667 707 699 Flos hominum ſeclique iubar, quo ſoſpite nunquam
86 697 654 725 Horrida barbaries labem inferet vndique caſtis
86 727 620 758 Moribus, exilioque artes damnabit honeſtas.
86 755 640 786 e veterum repetam præclara exorſa laborum,
67 784 653 819 us Quos ſacrat immortale decus, quos nulla ſilebit
67 814 616 853 ds Poſteritas, memoreſque ferent in ſecula faſti
83 843 687 874 Ecce recens prodt monumentum in luminis oras,
88 932 572 964 Obtigit à prima nuaſcentis origine mundi.
88 959 649 993 Tempora quæ tacito lapſu voluuntur in orbem,
89 1050 571 1076 Mens æterna Dei non fors rationis egena
91 1075 634 1105 Condidit ex nihilo terras, maris æquora vaſti,
91 1107 646 1140 Cœlorumqus rbes, eadem lex ſeruat in ltunm
684 1137 738 1158 Haoc
