888 1312
234 58 557 87 EROICA.
74 97 623 131 ATboribus, varios habitus, genioſque locorum,
76 126 579 166 Diuiſaſque ſatis patrias, non omnia tellus
78 151 656 192 Omris alit, fruticum formas, vireſque medendo
77 187 554 222 3cire cupido fuit, dubiæ nec ſidere famæ,
79 212 634 250 Sed luſtrare oculis, nec parcere ſumpribus vliis.
77 244 668 279 Te duce multiplices volucrum cognoſcere vuſtus,
77 275 584 312 Inſolitaſque datur facies atque ora ferarum
79 303 662 337 Cernere, ſed nullo diſcrimine. monſtra natantum
78 330 625 368 Multa tuus ſpectanda labos proponit, at omnis
77 361 631 396 Terror abeſt, miſeris nec formidanda minantur
78 390 649 431 Naufragia, infames ſcopuli atque immania cete.
78 423 648 455 Nulli hic Sirenum cantus, nec honore carentum
80 448 577 489 Oſſi bus albet humus, nec lamentabile viſu
78 483 509 515 Deſolata ſuis lugent cultoribus arua:
81 510 558 543 Securus ſecura licet legat æquora Lector.
80 540 550 572 Has inter curas tranſacta eſt optima vitæ
79 569 617 603 Pars tibi, dum pulcro vernabat ſlore inuentas.
78 591 731 636 Nunc quoq; par animus, quanquam inuidioſa ſenectus
80 628 599 666 Corporis infregit vires. minuitque vigore,
80 658 682 692 Perſtat, idemque viget ſtudim. ſeruatque tenorem
78 686 546 721 Laudata ambitio ſeclis prodeſſe futuris,
80 716 578 752 Annorumque fugam victvici iiſtere chrta.
81 743 630 780 Mace ſenex animi decer in ſtationeraduque
81 777 567 814 Fungi morte ducem. tali fugit alie terras
80 803 614 839 Viuida vis animi, & cœlum petit ignea virtus.
196 846 603 878 Ad Herricum ritaniarum Principem.
81 890 586 928 Regia progenies, cui vox virtuſque paterna
111 918 598 950 Muniit ad ſummæ culmina laudis iter.
81 944 696 988 Spes immenſa hominum, flos deliciuque iuuentæ
110 975 575 1016 Lux & honos popul, iuſtaque cura poli.
81 1007 519 1041 Audebitne tener tanto ſe credere ſoli
110 1036 528 1075 Fœtus, & auguſti Principis ora pati?
74 1063 647 1102 Nec venit in mentemPhaëthon, aut Icarus ales,
111 1096 569 1132 Ille ouis flammis obrutus, alter aquis?
632 1124 734 1152 S 4 Granda
