<?xml version="1.0" encoding="utf-8"?>
<PcGts xmlns="http://schema.primaresearch.org/PAGE/gts/pagecontent/2017-07-15" xmlns:xsi="http://www.w3.org/2001/XMLSchema-instance" xsi:schemaLocation="http://schema.primaresearch.org/PAGE/gts/pagecontent/2017-07-15 http://schema.primaresearch.org/PAGE/gts/pagecontent/2017-07-15/pagecontent.xsd">
  <Metadata>
    <Creator>User123</Creator>
    <Created>2020-04-14T13:52:52</Created>
    <LastChange>2020-04-14T13:52:52</LastChange>
  </Metadata>
  <Page imageFilename="0334.png" imageHeight="1312" imageWidth="888">
    <TextRegion id="r0" type="paragraph">
      <Coords points="1,1 886,1 886,1310 1,1310"/>
      <TextLine id="r0_l001">
        <Coords points="683,57 683,78 726,78 726,57"/>
        <TextEquiv index="1">
          <Unicode>27</Unicode>
        </TextEquiv>
      </TextLine>
      <TextLine id="r0_l002">
        <Coords points="234,58 234,87 557,87 557,58"/>
        <TextEquiv index="1">
          <Unicode>EROICA.</Unicode>
        </TextEquiv>
      </TextLine>
      <TextLine id="r0_l003">
        <Coords points="487,127 554,123 619,123 623,122 623,97 370,97 309,99 231,99 161,103 95,103 74,100 74,131 339,131"/>
        <TextEquiv index="1">
          <Unicode>ATboribus, varios habitus, genioſque locorum,</Unicode>
        </TextEquiv>
      </TextLine>
      <TextLine id="r0_l004">
        <Coords points="1,58 1,122 52,122 52,58"/>
        <TextEquiv index="1">
          <Unicode/>
        </TextEquiv>
      </TextLine>
      <TextLine id="r0_l005">
        <Coords points="207,162 479,157 579,153 579,126 514,126 487,128 339,132 233,133 147,137 76,137 76,166 159,166"/>
        <TextEquiv index="1">
          <Unicode>Diuiſaſque ſatis patrias, non omnia tellus</Unicode>
        </TextEquiv>
      </TextLine>
      <TextLine id="r0_l006">
        <Coords points="1,152 1,185 46,185 46,152"/>
        <TextEquiv index="1">
          <Unicode/>
        </TextEquiv>
      </TextLine>
      <TextLine id="r0_l007">
        <Coords points="269,190 372,189 435,186 498,186 530,184 563,184 568,186 652,184 656,183 656,151 621,151 594,154 536,155 479,158 207,163 159,167 78,167 78,192 239,192"/>
        <TextEquiv index="1">
          <Unicode>Omris alit, fruticum formas, vireſque medendo</Unicode>
        </TextEquiv>
      </TextLine>
      <TextLine id="r0_l008">
        <Coords points="308,219 446,217 465,215 554,213 554,187 435,187 414,189 306,190 154,196 77,196 77,222 238,222"/>
        <TextEquiv index="1">
          <Unicode>3cire cupido fuit, dubiæ nec ſidere famæ,</Unicode>
        </TextEquiv>
      </TextLine>
      <TextLine id="r0_l009">
        <Coords points="451,245 510,245 585,240 634,240 634,212 588,212 583,214 496,215 400,219 344,219 281,222 158,224 132,226 79,226 79,250 303,250"/>
        <TextEquiv index="1">
          <Unicode>Sed luſtrare oculis, nec parcere ſumpribus vliis.</Unicode>
        </TextEquiv>
      </TextLine>
      <TextLine id="r0_l010">
        <Coords points="1,214 1,242 46,242 46,214"/>
        <TextEquiv index="1">
          <Unicode/>
        </TextEquiv>
      </TextLine>
      <TextLine id="r0_l011">
        <Coords points="328,277 398,277 577,271 634,271 639,274 668,274 668,244 532,244 510,246 451,246 303,251 253,251 193,254 77,255 77,279 303,279"/>
        <TextEquiv index="1">
          <Unicode>Te duce multiplices volucrum cognoſcere vuſtus,</Unicode>
        </TextEquiv>
      </TextLine>
      <TextLine id="r0_l012">
        <Coords points="228,310 273,310 320,307 421,306 527,301 584,300 584,275 473,275 398,278 328,278 303,280 170,283 112,286 77,285 77,312 196,312"/>
        <TextEquiv index="1">
          <Unicode>Inſolitaſque datur facies atque ora ferarum</Unicode>
        </TextEquiv>
      </TextLine>
      <TextLine id="r0_l013">
        <Coords points="1,277 1,304 45,304 45,277"/>
        <TextEquiv index="1">
          <Unicode/>
        </TextEquiv>
      </TextLine>
      <TextLine id="r0_l014">
        <Coords points="508,333 581,329 662,328 662,303 502,303 421,307 355,307 292,309 273,311 197,312 151,315 79,316 79,337 339,337"/>
        <TextEquiv index="1">
          <Unicode>Cernere, ſed nullo diſcrimine. monſtra natantum</Unicode>
        </TextEquiv>
      </TextLine>
      <TextLine id="r0_l015">
        <Coords points="1,308 1,332 26,332 26,308"/>
        <TextEquiv index="1">
          <Unicode>8i</Unicode>
        </TextEquiv>
      </TextLine>
      <TextLine id="r0_l016">
        <Coords points="366,365 423,365 588,358 623,358 625,357 625,330 581,330 508,334 240,340 223,342 157,343 129,345 78,344 78,368 292,368"/>
        <TextEquiv index="1">
          <Unicode>Multa tuus ſpectanda labos proponit, at omnis</Unicode>
        </TextEquiv>
      </TextLine>
      <TextLine id="r0_l017">
        <Coords points="2,339 2,361 47,361 47,339"/>
        <TextEquiv index="1">
          <Unicode>is</Unicode>
        </TextEquiv>
      </TextLine>
      <TextLine id="r0_l018">
        <Coords points="414,393 530,391 631,387 631,361 530,361 423,366 250,369 151,374 77,374 77,396 369,396"/>
        <TextEquiv index="1">
          <Unicode>Terror abeſt, miſeris nec formidanda minantur</Unicode>
        </TextEquiv>
      </TextLine>
      <TextLine id="r0_l019">
        <Coords points="2,367 2,395 44,395 44,367"/>
        <TextEquiv index="1">
          <Unicode>bs</Unicode>
        </TextEquiv>
      </TextLine>
      <TextLine id="r0_l020">
        <Coords points="227,428 420,424 519,419 649,416 649,390 563,390 530,392 414,394 369,397 243,399 174,403 78,403 78,431 180,431"/>
        <TextEquiv index="1">
          <Unicode>Naufragia, infames ſcopuli atque immania cete.</Unicode>
        </TextEquiv>
      </TextLine>
      <TextLine id="r0_l021">
        <Coords points="43,405 1,405 1,427 43,427"/>
        <TextEquiv index="1">
          <Unicode/>
        </TextEquiv>
      </TextLine>
      <TextLine id="r0_l022">
        <Coords points="416,452 450,452 577,447 627,447 631,449 648,449 648,423 441,423 420,425 227,429 180,432 78,433 78,455 366,455"/>
        <TextEquiv index="1">
          <Unicode>Nulli hic Sirenum cantus, nec honore carentum</Unicode>
        </TextEquiv>
      </TextLine>
      <TextLine id="r0_l023">
        <Coords points="43,428 3,428 3,454 43,454"/>
        <TextEquiv index="1">
          <Unicode>l</Unicode>
        </TextEquiv>
      </TextLine>
      <TextLine id="r0_l024">
        <Coords points="246,486 413,483 444,481 577,481 577,448 450,453 416,453 366,456 229,458 146,462 115,461 80,462 80,489 211,489"/>
        <TextEquiv index="1">
          <Unicode>Oſſi bus albet humus, nec lamentabile viſu</Unicode>
        </TextEquiv>
      </TextLine>
      <TextLine id="r0_l025">
        <Coords points="1,460 1,491 48,491 48,460"/>
        <TextEquiv index="1">
          <Unicode/>
        </TextEquiv>
      </TextLine>
      <TextLine id="r0_l026">
        <Coords points="342,513 454,511 487,508 509,508 509,483 362,484 292,487 246,487 182,491 78,490 78,515 313,515"/>
        <TextEquiv index="1">
          <Unicode>Deſolata ſuis lugent cultoribus arua:</Unicode>
        </TextEquiv>
      </TextLine>
      <TextLine id="r0_l027">
        <Coords points="407,541 558,538 558,510 469,510 454,512 342,514 264,518 208,518 159,521 81,522 81,543 371,543"/>
        <TextEquiv index="1">
          <Unicode>Securus ſecura licet legat æquora Lector.</Unicode>
        </TextEquiv>
      </TextLine>
      <TextLine id="r0_l028">
        <Coords points="1,519 1,551 44,551 44,519"/>
        <TextEquiv index="1">
          <Unicode/>
        </TextEquiv>
      </TextLine>
      <TextLine id="r0_l029">
        <Coords points="460,568 511,568 550,566 550,540 484,540 451,542 330,544 314,546 222,547 134,551 96,550 80,551 80,572 387,572"/>
        <TextEquiv index="1">
          <Unicode>Has inter curas tranſacta eſt optima vitæ</Unicode>
        </TextEquiv>
      </TextLine>
      <TextLine id="r0_l030">
        <Coords points="356,601 410,601 497,597 536,597 594,593 617,593 617,569 460,569 387,573 301,574 274,576 201,577 152,580 79,580 79,603 331,603"/>
        <TextEquiv index="1">
          <Unicode>Pars tibi, dum pulcro vernabat ſlore inuentas.</Unicode>
        </TextEquiv>
      </TextLine>
      <TextLine id="r0_l031">
        <Coords points="1,576 1,602 45,602 45,576"/>
        <TextEquiv index="1">
          <Unicode>t</Unicode>
        </TextEquiv>
      </TextLine>
      <TextLine id="r0_l032">
        <Coords points="303,632 414,631 449,628 562,624 625,624 632,626 648,626 671,624 731,623 731,591 653,591 647,593 594,594 536,598 497,598 410,602 356,602 331,604 293,604 175,609 78,609 78,636 210,636"/>
        <TextEquiv index="1">
          <Unicode>Nunc quoq; par animus, quanquam inuidioſa ſenectus</Unicode>
        </TextEquiv>
      </TextLine>
      <TextLine id="r0_l033">
        <Coords points="217,664 270,664 287,662 346,662 371,660 453,658 474,656 540,656 555,654 599,653 599,628 473,628 384,633 303,633 155,639 80,639 80,666 182,666"/>
        <TextEquiv index="1">
          <Unicode>Corporis infregit vires. minuitque vigore,</Unicode>
        </TextEquiv>
      </TextLine>
      <TextLine id="r0_l034">
        <Coords points="1,641 1,666 44,666 44,641"/>
        <TextEquiv index="1">
          <Unicode/>
        </TextEquiv>
      </TextLine>
      <TextLine id="r0_l035">
        <Coords points="357,690 411,689 419,685 475,686 575,684 579,686 593,686 682,684 682,658 454,658 346,663 287,663 270,665 217,665 131,669 80,669 80,692 333,692"/>
        <TextEquiv index="1">
          <Unicode>Perſtat, idemque viget ſtudim. ſeruatque tenorem</Unicode>
        </TextEquiv>
      </TextLine>
      <TextLine id="r0_l036">
        <Coords points="386,718 446,717 467,715 507,716 524,714 546,714 546,686 419,686 411,690 398,691 234,694 117,699 78,698 78,721 329,721"/>
        <TextEquiv index="1">
          <Unicode>Laudata ambitio ſeclis prodeſſe futuris,</Unicode>
        </TextEquiv>
      </TextLine>
      <TextLine id="r0_l037">
        <Coords points="1,703 1,731 26,731 26,703"/>
        <TextEquiv index="1">
          <Unicode/>
        </TextEquiv>
      </TextLine>
      <TextLine id="r0_l038">
        <Coords points="379,748 423,748 469,745 578,742 578,716 467,716 420,719 218,724 150,728 80,730 80,752 311,752"/>
        <TextEquiv index="1">
          <Unicode>Annorumque fugam victvici iiſtere chrta.</Unicode>
        </TextEquiv>
      </TextLine>
      <TextLine id="r0_l039">
        <Coords points="373,779 388,777 560,772 616,772 620,774 630,774 630,743 560,743 423,749 379,749 311,753 248,753 210,755 155,755 134,757 116,756 81,757 81,780 336,780"/>
        <TextEquiv index="1">
          <Unicode>Mace ſenex animi decer in ſtationeraduque</Unicode>
        </TextEquiv>
      </TextLine>
      <TextLine id="r0_l040">
        <Coords points="201,812 353,809 379,807 411,807 462,804 567,801 567,777 420,777 388,778 373,780 204,783 138,787 81,787 81,814 171,814"/>
        <TextEquiv index="1">
          <Unicode>Fungi morte ducem. tali fugit alie terras</Unicode>
        </TextEquiv>
      </TextLine>
      <TextLine id="r0_l041">
        <Coords points="2,792 2,815 43,815 43,792"/>
        <TextEquiv index="1">
          <Unicode/>
        </TextEquiv>
      </TextLine>
      <TextLine id="r0_l042">
        <Coords points="551,834 614,834 614,803 519,803 353,810 172,814 148,817 80,816 80,839 445,839"/>
        <TextEquiv index="1">
          <Unicode>Viuida vis animi, &amp; cœlum petit ignea virtus.</Unicode>
        </TextEquiv>
      </TextLine>
      <TextLine id="r0_l043">
        <Coords points="196,846 196,878 603,878 603,846"/>
        <TextEquiv index="1">
          <Unicode>Ad Herricum ritaniarum Principem.</Unicode>
        </TextEquiv>
      </TextLine>
      <TextLine id="r0_l044">
        <Coords points="358,921 396,921 421,919 494,918 511,916 586,915 586,890 305,890 254,893 168,895 81,894 81,928 157,928"/>
        <TextEquiv index="1">
          <Unicode>Regia progenies, cui vox virtuſque paterna</Unicode>
        </TextEquiv>
      </TextLine>
      <TextLine id="r0_l045">
        <Coords points="880,889 851,889 851,915 880,915"/>
        <TextEquiv index="1">
          <Unicode/>
        </TextEquiv>
      </TextLine>
      <TextLine id="r0_l046">
        <Coords points="544,944 598,944 598,918 495,918 297,925 257,925 209,928 158,928 111,930 111,950 403,950"/>
        <TextEquiv index="1">
          <Unicode>Muniit ad ſummæ culmina laudis iter.</Unicode>
        </TextEquiv>
      </TextLine>
      <TextLine id="r0_l047">
        <Coords points="162,985 252,985 379,979 456,978 552,974 619,974 624,977 696,976 696,944 544,945 464,948 447,950 275,954 231,957 81,959 81,988 104,988"/>
        <TextEquiv index="1">
          <Unicode>Spes immenſa hominum, flos deliciuque iuuentæ</Unicode>
        </TextEquiv>
      </TextLine>
      <TextLine id="r0_l048">
        <Coords points="525,1005 569,1006 575,1008 575,975 379,980 252,986 162,986 110,988 110,1016 175,1016"/>
        <TextEquiv index="1">
          <Unicode>Lux &amp; honos popul, iuſtaque cura poli.</Unicode>
        </TextEquiv>
      </TextLine>
      <TextLine id="r0_l049">
        <Coords points="1,1006 1,1029 43,1029 43,1006"/>
        <TextEquiv index="1">
          <Unicode/>
        </TextEquiv>
      </TextLine>
      <TextLine id="r0_l050">
        <Coords points="347,1039 416,1039 519,1035 519,1007 439,1008 355,1012 139,1018 81,1018 81,1041 302,1041"/>
        <TextEquiv index="1">
          <Unicode>Audebitne tener tanto ſe credere ſoli</Unicode>
        </TextEquiv>
      </TextLine>
      <TextLine id="r0_l051">
        <Coords points="280,1073 342,1069 528,1065 528,1036 379,1041 351,1040 303,1041 274,1044 198,1045 170,1047 110,1047 110,1075 209,1075"/>
        <TextEquiv index="1">
          <Unicode>Fœtus, &amp; auguſti Principis ora pati?</Unicode>
        </TextEquiv>
      </TextLine>
      <TextLine id="r0_l052">
        <Coords points="1,1043 1,1061 43,1061 43,1043"/>
        <TextEquiv index="1">
          <Unicode/>
        </TextEquiv>
      </TextLine>
      <TextLine id="r0_l053">
        <Coords points="454,1096 535,1096 582,1093 618,1093 624,1097 647,1097 647,1063 558,1063 550,1065 531,1066 342,1070 280,1074 209,1076 87,1076 66,1074 63,1082 61,1081 60,1074 56,1070 42,1071 42,1102 307,1102"/>
        <TextEquiv index="1">
          <Unicode>Nec venit in mentemPhaëthon, aut Icarus ales,</Unicode>
        </TextEquiv>
      </TextLine>
      <TextLine id="r0_l054">
        <Coords points="569,1127 569,1096 454,1097 307,1103 256,1103 233,1105 111,1105 111,1128 429,1128 432,1126 457,1126 462,1128 467,1125 494,1124 507,1125 512,1128 556,1128"/>
        <TextEquiv index="1">
          <Unicode>Ille ouis flammis obrutus, alter aquis?</Unicode>
        </TextEquiv>
      </TextLine>
      <TextLine id="r0_l055">
        <Coords points="817,1102 817,1138 878,1138 878,1102"/>
        <TextEquiv index="1">
          <Unicode/>
        </TextEquiv>
      </TextLine>
      <TextLine id="r0_l056">
        <Coords points="734,1124 642,1124 640,1127 556,1129 512,1129 507,1126 498,1125 482,1126 482,1152 734,1152"/>
        <TextEquiv index="1">
          <Unicode>S 4 Granda</Unicode>
        </TextEquiv>
      </TextLine>
      <TextLine id="r0_l057">
        <Coords points="1,1127 1,1156 46,1156 46,1127"/>
        <TextEquiv index="1">
          <Unicode/>
        </TextEquiv>
      </TextLine>
      <TextLine id="r0_l058">
        <Coords points="13,1156 13,1183 43,1183 43,1156"/>
        <TextEquiv index="1">
          <Unicode/>
        </TextEquiv>
      </TextLine>
    </TextRegion>
  </Page>
</PcGts>
