888 1312
348 74 598 97 BAVDII
147 112 725 141 Grandia dum ſpirant, maioraque viribus audent,
177 141 601 170 Auſibus excipiunt congrua fata ſuis.
149 170 693 197 Non tamen indecori clauſerunt funerevitam,
179 199 634 229 Sed ſolamen habet mortis vterque ſuæ.
149 229 753 262 Namque Pado Phaethon iacet haud infletus, at ales
177 259 593 288 Icarus icarias nomine ſignat aquas.
150 288 730 321 Splendida mors animam radiis effundere hiœbi,
177 318 611 347 Clarus honos telo procubuiſſe louis.
148 347 726 375 Non minus hæc exempla iubent confidere fortes,
180 377 695 407 Quam terrent humiles debilitantque metu.
146 406 772 436 Mens mea nunc ſublimi animo ſpem paſcit opimam,
177 436 624 465 Nunc rurſus dubio pulſa timore labat.
146 465 642 494 Tandem alternanti fiducia ſnaſit honeſta,
178 494 651 525 Quidquid id eſt Genio poſſe placere tuo.
149 524 614 553 Non etenim celſo res eſt indigna Poëſis
178 554 682 583 Principe, nec Regum ſanguine cura minor,
146 584 667 612 Magnus Alexander proauo gratatur Achilli,
179 613 615 642 Quod meruit ſummi vatis ab ore cani
148 642 642 670 Scilicet ingenti ſors defuit vna Monarchæ
178 672 658 700 Conditor Iliados, pectus, Homere, tuum.
148 702 648 730 Carmine qui digno victricia condere bella
176 732 622 760 Sumeret, ac laudes æquiparare Ducis.
146 760 707 789 Abſit, vt huic auſim memet componere Phœbo,
177 789 621 818 Non adeo igenuus deſerit ora rubor.
147 819 745 849 Sed tamen & locus eſt magna inter nomina paruis,
176 849 712 878 Et ſerpentem hederam Delphica laurus amat.
148 878 619 908 Si mea bullatis non turget pagina nugis,
178 908 598 939 Alite Mæonionec graue ſurgit epos:
145 937 614 966 Suſtinet inuidiam deducti carminis ipſa
175 966 642 997 Ma teries humili nempe loquenda ſono.
144 997 719 1025 Non decet Herculeos pygmæo aptare cothurnos,
175 1024 654 1054 Paruaque ſunt paruæ commoda vela rati.
142 1055 686 1086 Lex operis vaſtum prohibet nos ire per æquor,
175 1085 647 1115 Ingeniique pudor, propoſitique modus.
140 1113 640 1151 uæſita eſt aliis forſan mihi gloria chartis,
725 1148 790 1171 Hc
