888 1312
214 71 639 95 GNOM. IAMB.LIE. . 2r
80 101 569 141 ocopus vtilitas oſficiumque rrobat.
80 138 622 174 Non capit ampullas, nec ſeſquipedalia verba,
122 170 523 200 Qui ſtatuit mores rite polire liber.
90 197 598 229 Sollicito matrona fagit ſlendeſcere cultu,
80 226 651 261 ai Quam rudis & ſimplex forma ſine arte decet.
92 259 608 287 Et tamen interdum non degener exit ab ore
80 287 534 321 lSiritus, & cornu diuite vena fluit
95 318 647 350 Quum ſacer inſedit ſibris calor auraque plenos
124 346 546 376 Intendit Lehro luxuriante ſinu:.
80 374 559 409 Sed potior menti ſedit ſententia noſtræa
80 403 632 440 mRes dare, quam nullo pondere verba loqui.
80 493 630 530 Sedtamen in teneras ddeſcendit ſegnius aures
124 524 578 552 Vtilis aut nullo ſermo lepore madens.
80 553 587 589 Ergo ſalutares numeris adſtringere ſenſus
126 583 582 610 Fas fuit, vt ſtomacho gratior eſca foret.
79 613 583 649 Non aliena tuis damna hæe diludia curis,
128 642 649 675 Quum nihil aut aliud munere functus, ages.
80 671 577 707 Si c per delicias grauium myſteria rerum,
130 701 540 733 Imperiique artes diſcere luſus erit.
79 730 602 764 Quod fi forte pater, regno Rex altior omni
129 761 674 791 Noſtra quoque hæc aliquo captus amore leget:
80 790 606 821 Non ego maluerim Pactoli quidquid arena
120 819 562 846 Voluit, & ex Indo littore vectat ſiber.
80 847 686 888 n Namque dat indignis Fortuna, merentibus aufert
133 879 625 911 Quas ſtupet attonito pectore vulgus opes:
79 906 649 943 Sed graue iudicium tanti meruiſſe Monarchæ,
132 938 543 967 Sola valet virtus ingeniique decus,
80 1014 586 1051 Multos præeſſe haud expedit ſummæ rei,
105 1050 529 1080 Rex vnus eſto. Non capit ſoles duos
105 1080 576 1109 Mundus, nec vno plura cœlum numina.
103 1110 585 1141 Rex eſt character, atque imago numinis,
680 1138 760 1161 t uu
