888 1312
214 71 748 95 GNOM. IAMB.LIE. . 2r
1 97 569 141 ocopus vtilitas oſficiumque rrobat.
1 138 622 184 Non capit ampullas, nec ſeſquipedalia verba,
122 170 523 200 Qui ſtatuit mores rite polire liber.
90 197 598 229 Sollicito matrona fagit ſlendeſcere cultu,
2 225 651 261 ai Quam rudis & ſimplex forma ſine arte decet.
92 259 608 287 Et tamen interdum non degener exit ab ore
1 276 534 321 lSiritus, & cornu diuite vena fluit
95 318 647 350 Quum ſacer inſedit ſibris calor auraque plenos
124 346 546 376 Intendit Lehro luxuriante ſinu:.
1 372 559 409 Sed potior menti ſedit ſententia noſtræa
1 403 632 440 mRes dare, quam nullo pondere verba loqui.
41 493 630 539 Sedtamen in teneras ddeſcendit ſegnius aures
124 524 578 552 Vtilis aut nullo ſermo lepore madens.
1 548 587 595 Ergo ſalutares numeris adſtringere ſenſus
126 583 582 610 Fas fuit, vt ſtomacho gratior eſca foret.
41 613 583 650 Non aliena tuis damna hæe diludia curis,
128 642 649 675 Quum nihil aut aliud munere functus, ages.
40 671 577 710 Si c per delicias grauium myſteria rerum,
130 701 540 733 Imperiique artes diſcere luſus erit.
43 730 602 764 Quod fi forte pater, regno Rex altior omni
129 761 674 791 Noſtra quoque hæc aliquo captus amore leget:
42 790 606 821 Non ego maluerim Pactoli quidquid arena
120 819 562 846 Voluit, & ex Indo littore vectat ſiber.
1 847 686 891 n Namque dat indignis Fortuna, merentibus aufert
133 879 625 911 Quas ſtupet attonito pectore vulgus opes:
40 906 649 944 Sed graue iudicium tanti meruiſſe Monarchæ,
132 938 543 967 Sola valet virtus ingeniique decus,
1 1004 586 1051 Multos præeſſe haud expedit ſummæ rei,
105 1050 529 1080 Rex vnus eſto. Non capit ſoles duos
105 1080 576 1109 Mundus, nec vno plura cœlum numina.
103 1110 585 1141 Rex eſt character, atque imago numinis,
680 1138 760 1161 t uu
522 1141 576 1163 8S
