888 1312
345 69 596 91 BAVDII
123 106 606 136 Vt numen in terris colendus, imputans,
123 133 656 166 Hoc omne quidquid eſt poteſtque, vni Deo.
426 180 465 200 II.
139 217 652 248 Qua mente, quali quiſque ſit morum indole
138 248 633 279 Monſtrant honores, vir poteſtatem arguit,
137 278 565 306 Virum poteſtas. sæpe multos occulit
139 306 576 336 Suſcepta ſponte vita fallens, inque ſe
139 336 576 360 Collecta virtus aut ſiniſtra ſors bonis
135 365 536 395 Lattre cogit, quos decebat imperi
135 395 561 423 Tractare habenas, & præeſſe ciuibus.
134 424 558 453 Multi viciſſim dignitatibus tument,
135 453 552 483 Oſtroque fulgent atque publicæ rei
133 484 602 512 Molem capeſunt, digniores qui molam
133 511 563 542 Verſare diſcant. Vſque raro congruit
132 543 601 572 Fors arque virtus: ſue quod fallit ſolens
133 572 640 602 Concepta quondam ſpes ſuper magnatibus
132 601 651 630 Ante imperandum, ſeu quod ambitus docet
131 629 588 660 Probos videri, ſeu quod ingens eſt onus
132 660 562 689 ecte gubernal temperare. ſeu licens
130 690 567 720 In praua luxus optimas mentes rapit.
133 718 501 749 Seu vilis aſſentator aures impio
132 749 575 779 Sermone palpat. Galba viſus eſt capax
128 779 532 807 Regnare, ni regnaſſet, acrius viros
127 807 542 837 Exercet illuſtratque fortunæ fauor,
130 835 609 863 Quam ſæuientis horror. haud enim facul
126 865 591 898 Modum tenere mens poteſt æquabilem
127 892 551 923 Obſeſſa paſſim confluentibus bonis.
126 924 540 957 Ergo alta rerum quiſquis ad faſtigia
127 954 534 982 Volente fato prouehetur, aut duce
125 983 609 1013 Virtute, cunctas hic memento conuoce
125 1013 553 1043 Partes & artes, ſeque munus arduum
125 1040 525 1073 Obire norit, necubi imprudentius
121 1072 507 1100 Errore peccet, aut licentins ruat.
