888 1312
359 75 611 97 BADII
437 112 504 132 VII.
157 140 602 171 Quamuis ſit ipſa præmium virtus sibi,
155 171 630 199 Quam nec ſinittra fama deprimit, neque
155 200 562 224 Secunda tollit attamen recti nitor
154 228 531 253 In luce clara collocari ſeſe amat,
155 258 572 287 Nec molle calcar addit indoli bonæ
152 287 632 315 Dulcedo laudum, ſuſcitatque vim pudor.
155 317 604 347 Sic duplicato robore ad pugnam redit
151 348 613 376 E nteilus ardens ac Daren præceps agit,
152 376 583 406 Totoque pulſat atque verſat æquore.
152 406 513 434 Sic Ilio uperſtes Anchisæ puer
148 435 596 466 Clamat beatos, queis honeſte contigit
148 465 555 486 Triæ ſub alti occubare mœnibus
148 493 592 523 Ante ora patrum. nempe iactatus ſalo
148 524 663 553 Mortem orat idm, qui genus mortis pauet.
147 553 560 582 H onore flagrans, & verens infamiæ
149 583 575 608 Contra deorum oſtenta deterrentia,
145 613 638 642 Contra parentum lacrymis iunctas preces
147 642 674 671 Magnanimus Hlector vadit ad certam necem.
146 671 499 701 Pro patria depreliari, pro focis
147 700 579 729 Penatibuſque anguinem profundere
145 731 579 759 Decora mors eſt. augurato rem gerit,
147 760 589 791 Qui pro alute publica vitam iacit,
144 788 610 819 Communibuſque deuouet caput bonis.
144 818 679 850 Præreptum honorem mente non æqua dolens
142 848 567 877 Furibundus Aiax enſe pectus induit.
143 877 558 901 . uo breui redemit æternum decus
143 907 627 936 Audax Achilles. quid laborum non tulit?
143 936 625 967 Quæ monſtra non ſubegit Alcmenæ puer,
141 967 578 996 Dum tendit altam demereri gloriam?
145 996 615 1025 Sed hanc in iſto ardore temperans homo
142 1025 548 1049 Notam cauebit, ne vicem Saturniæ
141 1055 603 1086 Vento volucres captet ac nubes vagas.
141 1083 601 1113 Vittus ob ipſam percolatur. laus comes
141 1115 568 1142 Sequetur vltro, laus amatricis modo
701 1145 809 1171 Prenſat
