888 1312
213 81 632 107 GNOM.AMB. B. I.287
85 118 490 148 Prenſat fugaces, & ſecutores fugit.
89 148 545 178 Sperni præoptat, quam vocatibus peti,
88 178 527 206 Clam poſſideri, quam precario cupit.
85 207 471 237 Perit procari ſi palam partes agit
85 237 511 266 Cupido famæ non honeſti dignitas.
88 267 544 296 Vir matus omni laude virtutum Cato
86 296 420 318 Beatus vna teſte conſcientiâ
87 324 513 354 Gaudet repulſis vtdatis honoribus,
86 355 516 384 Conſul perennis conſulendo patriæ,
82 383 595 414 Cenſorque non anno nec horno, ſed malos
84 413 499 444 Ouandoque mores ciuitatis ſpero
88 442 552 472 Sermone ſtringit & ſibi ignocens nihil
87 472 510 501 Peccare peius mille mortibus fugit.
86 506 521 531 In quem proteruo tota conatu ruens
84 532 480 561 Fortuna vires ipſa conſumit ſuas.
87 561 495 589 Olim Catonine quid accidat mali
85 591 482 620 Prouidit acer igneæ mentis vigor.
84 620 526 648 Hic ne ſecundus principi rerum foret
84 648 548 678 Plus ambienti poſſe, quam leges ferunt,
82 679 491 708 Romanus integerque ciuis ius ſibi
85 708 533 737 Suapte dextra dixit, ac pulchre cadens
70 737 523 765 Priſcum coronat fie ſupremo decus.
354 785 438 805 VIII
71 822 446 852 Atrocitatis gens miniſtra regiæ
70 852 486 882 Si paululum torpeſcat otio manus
71 881 546 910 Imbuta ſcelere ſceleris authorem petit,
71 911 508 941 Ipſumque dedit noxius noxæ caput.
81 940 483 969 Hac lege viuit omnium miſerrima
71 965 569 1004 Tyrannus, hoſce vt horreat, quorum ſalus
71 999 480 1028 Ab eius & ſalute ſubſtat, & cadit.
71 1029 500 1059 Horum ſaginam ſi repleuerit bonis
71 1058 552 1086 Recalcitrabunt in magiſtrum. ceu ferox
77 1088 547 1118 Iugumque collo ferre dedignans equus.
71 1118 523 1148 Sinimmodeſtas flagitatorum preces,
604 1148 738 1180 Corucſq
