888 1312
373 65 632 87 BAVDII
167 104 597 134 Coruoſque hiantes fallat illicc ſuis
167 134 566 163 Dux ipſe fiet præda prædatoribus,
166 164 598 194 Actæonemque different priui canes.
166 193 569 222 Vrgens egeſtas rebus in duris vetat
167 223 653 252 Quemquam vereri nil habet penſi fames.
166 252 631 281 Porro ferina mens malorum non poteſt
164 282 521 311 Benignitate cicurari, nec imalo
166 311 604 341 Subacta morum vim refi ngit inſitam.
165 341 573 369 Quinſicut vno ſolis igne cernimus
163 370 579 400 Niuemliquari, putre durari ſolum:
162 400 568 429 Sic gratia atque comitate flectitur
160 429 630 459 Rigor bonorum, gliſcit improbis furor.
161 459 605 488 Quis ergo qui ſit ipſe dux mentis ſuæ,
160 489 625 518 Spontiſque os præoptet emori ſemel,
160 519 664 547 Quam continenter viuere in mortis metu?
161 547 540 576 Quid iſta morti vita diſſidet, niſi
161 577 653 607 Quod mors pedatu ſimplici rem conficit,
158 607 529 636 At illa perpes ægritudo ſic ferit,
158 636 540 664 Vt te quot horis interire ſentias?
157 666 620 695 His tot mederi rex poteſt incommodis,
159 695 612 724 Si & optimus ſit ipſe, & imperet bonis.
156 724 590 754 Haud difficulter opiimo paret bonus
157 754 572 783 Suopte niſu docilis imperium pati.
155 784 621 813 Tranquillus ordo, paxque delectat pios.
154 813 570 842 At inquies natura prauorum ſludet
152 841 614 873 Rebus nouandis, proque lucro deputat
152 870 625 901 Miſcere cuncta, quatere felicem ſtatum,
153 901 518 933 Vtilia rectis anteferre, denique
152 931 655 963 Regem nec vllum ferre, nec legem volunt.
150 1016 548 1050 Vallo pudoris omne ſepiit malum
149 1047 604 1082 Natura, quiſquis corde concipit nefas,
149 1076 530 1107 Latere quærit, lucis cuitat iubar,
148 1107 615 1141 Deprenlus horret, aſtuat pallet, tremit,
687 1140 806 1176 Adſcribit
