888 1312
229 66 606 89 AB. L.
85 106 540 141 ictot trophæa debet, atq; adoreus,
94 138 489 168 Tot lpolia opima clarus liæ puer
96 165 525 198 Quo conditore Roma creuit, ac diu
94 194 543 228 Lateque regnas. iura gentibus dedit.
852 201 885 226 I
96 224 504 255 ed vt parare maximas opes valet
95 253 527 281 Violenta virtus aſperasq; res domat
95 282 506 315 Torrntis inſtar, ſic & ipſa viribus
98 313 511 342 Suis fatiſcit, ni gubernal temperet
852 336 883 354 l
95 341 517 373 Ratio magiſtra, iuris & sancti tenor.
94 370 509 402 Lex atq; lege mos bonus potentior
94 401 526 429 Defenſat vrbes, hoc coagulum tenet
96 429 515 464 Populos volentes ſub ſalutari iugo.
97 453 607 494 Ouid iure dempto mundus hic omnis foret
96 485 578 517 Præter latronum regna. ſi quantum velit
94 517 491 550 Valere poſſit Spartacorum factio?
96 545 532 575 Nulla ad nocendum peſtis eſficacius
98 574 533 607 Graſſatur, atque dira regnandi fames
98 602 551 641 Si praua vincant, nilq; ſit factu nefas
1 632 540 675 Quod expedire præpotens putet ſibi.
393 695 437 715 I
95 745 533 777 Nec rigida norma forritudinis vetat
95 770 580 806 Horrere mortem, nec caduca ſors poteſt
96 804 517 833 Odiſſe vit am. fat ſuperq; munia
96 832 521 862 Virtutis altæ complet, ac ciuis boni
95 861 527 892 Nomen tuetur, qui paratus eſt mori
95 893 582 923 Cum fata poſcunt, patriæque tempora
97 918 603 952 Plerumq; mens imbellis, atq; impar malis
94 949 507 977 Dolore fracta lucis incuſat moras,
94 980 507 1013 Optatq caſus morte finiri graues,
93 1007 571 1040 At ille puncto fert meo ſummum decus
94 1036 667 1071 Qui domuit omnem mortis horrendæ metum,
92 1067 599 1101 Vitæque amorem, qui nec excipit pauens
91 1095 564 1129 Diem ſupremum,nec laceſſit prodigus.
658 1119 873 1154 In
455 1128 514 1147 T
