888 1312
343 84 595 106 BAVDII
144 125 554 154 . lenitate, non tyrannica mant
140 153 552 183 Rexere gentes. ecquid eſt optatius
140 182 592 215 Quam fama fulgens illa Traiana patris
145 211 625 238 Cui ſummus ordo nomen Optimi dedit,
144 241 589 268 Haud vi coactus, at libenter ac volens?
147 268 623 303 Quis triſtibus non deuouet diris ſacrum
145 300 530 331 Caput Neronis vindici licet Deo
145 328 533 356 Tandem litarit ipſe carnifex ſui?
144 357 627 389 Semper ſceleſto Nemeſis adſiſtit comes,
144 387 636 416 Mentemque diro angore concitam quatit
140 416 524 445 Vltrix Megæra. vix ſuo fato cadit
145 444 592 478 Qui cæde gaudet, ciuiumque ſanguine
143 475 606 502 Munit lalutem, temperans enim timor
143 504 650 536 Spe miſtus atque amore conſeruat domos.
142 534 551 564 At ille qui graſſatur immani metu,
139 562 644 592 Formidat hoſmet queis creat formidinem.
142 592 584 622 Nam qui timere triſtius nihil queunt
144 621 605 653 Qum quæ pati coguntur, effreni gradu
142 651 532 680 Ruunt in ipſa fata, ſic iuuat mori
139 681 619 710 Dum pereat hoſtis, auctor & caput mali.
142 711 628 739 Quippe vna ceruix regis, at multæ manus
141 740 622 762 Sunt ſubditorum. denſa nec cohors valet
139 769 559 799 Arcere petem qua vir vnicus poteſt
136 799 601 827 Mori paratus tollere inclytum ducem.
137 829 621 857 Hæc principes exempla tangant vt velin
138 858 511 887 IHumanitatis aucupari gloriam
140 886 632 910 Sectari honeſta, cummodis com munibus
133 916 571 945 Vouere mentem more paſtoris boni.
137 945 590 975 Patres vocari patriæ ſummum putent
138 975 632 1004 Nomen decuſq;. on enim murus triplex,
136 1004 541 1034 Non arx ahena, non vigil cuſtodia,
136 1034 583 1064 Non vis ſuperba iuncta ſactis triſtibus
135 1063 577 1091 Diu tuentur principem inuiſum ſuis:
131 1091 559 1123 Nec firmitatis fidus obſes eſt timor
138 1122 582 1151 nilſpci iruat adurſum etus.
743 1157 783 1184 Spe
