888 1312
356 59 603 81 BAVDI
148 98 665 128 Quem nullus vnquam tetigit in vita dolor,
146 128 572 156 Mutata ſortis aura percellit repens,
147 158 624 186 Atq; imparatum pectus examinat metu.
148 187 585 216 Sed quem vereri docuit vſus, & malo
149 216 528 245 Durata virtus, aſperiſq; caſibus,
149 245 625 275 Huic nulla ſurget haud opinanti noua
148 275 647 303 Facies laborum: quippe cuncta quæ viris
148 303 567 332 Inſtare poſſunt corde voluit, & ſpei
149 332 612 361 Præfert timorem, ſi quid apportet boni
148 361 569 391 Veſper futurus omne deputat lucro.
436 418 515 438 XVII.
147 455 589 485 Hac re tyrannus diſcrepat regi bono
148 486 596 514 Suos quos horret alter, hic ſuis timet.
147 515 539 543 Tyrannus inſtar peſtilenti ſyderis
149 544 559 568 Graſſator inſert ſolitudinem locis,
146 574 569 603 Lateq; vaſtat quidquid eminentius
146 603 541 631 Virtute fulget. à bonis periculum
147 633 664 662 Mali pauentes præſtolantur quod merent,.
147 662 538 693 Qui etiore nec fruuntur ſpiriru,
148 691 611 722 Quam ſœdus iſte cultor aulæ, cui ſuper
146 721 569 751 Ceruice nutat imminetq; acinaces
145 749 647 783 Vix crine petdens, atq; iamq; iam caden
143 778 500 807 Alter ſuapte tutus innocentia
143 809 574 839 Munimen omni fiimius vallo putat
144 837 652 870 Munimine haud egore. non murus triplex.
144 867 576 898 Non armitum caterua regis eſt ſalus,
145 895 603 928 Sed obſequentum amica conſpiratio,
144 924 552 955 Septuſq; princeps caritate ciuium
143 956 653 987 Annat perannat. hoſce quos terret, tremit
142 983 564 1017 Ferox tyrannus, inde, cædium ſeges,
142 1013 608 1047 Præualida ſurgunt odia, nec tantas opes
142 1039 573 1076 Poſſedit vllus impotenter imperans,
142 1070 629 1105 Vt fugere poſſet fata quæ ſontes manent.
143 1101 613 1141 Cum deſtinatam venit ad finem ſcelus,
700 1139 793 1163 Nil ob-
