888 1312
205 71 595 94 GNOM. IAMB. LIB. I
685 75 739 98 97
51 112 453 142 i obſerati vindici Deo poteſt,
81 141 539 171 Perrumpit vltor impetus clauſus fores,
81 172 570 200 Inuitat vltro quidquid obſtat, qua gradus
80 201 508 231 Infert Erinnys omne fit patens iter.
82 231 520 260 Tollantur arma fortibus viris, tamen
83 261 505 289 Nudis ſuperfit vnde poſſint exſequi
86 290 439 318 Suos dolores. arcta deſperatio
84 319 475 344 Vires miniſtrat, ira cotis eſt loco,
84 349 537 379 Facitq; telum quidquid arripit furor.
86 379 490 407 Neceſſitatis vltimæ lex imperat
87 407 563 437 Audere quid vis abſq; damnorum metu.
87 437 538 465 Hic eſt timendus inſtar infernæ Stygis
90 467 560 496 Quem nil timere ſæua paupartas docet.
90 496 527 524 Quid proderit coforte centena latus
90 525 501 555 Stipare, ſi cuſtode cuſtos ipſe eget?
89 555 485 584 Metu minore, præmijs maioribus
89 584 543 613 Fidem eierabit quem ſacramenti fides
91 613 539 635 Vetat caueri. multæ obhæſerunt rates
44 643 557 672 Ad hanc charybdim: ſi timere cœperis
835 661 884 705 5
44 672 555 703 Infame monſtrum, Scylla reſtat altera,
43 703 522 730 Nouiq; rurſus atque inexperti maris
92 731 610 759 Iter eſt arandum. vorticoſum, nauſragum,
43 750 575 793 Quod nauigare dum tremiſcunt plurimi
42 790 492 821 Mori præoptauere, quàm diffidere
42 819 487 851 Eidei ſuorum. ſed ſit integer licet
42 850 516 878 Prætorianus miles, ecqua vis tamen
41 879 551 911 Eripiet atrâ peſte vel ſummum ducem,
40 908 546 937 Siquis furens alaſtor, autdirus Sinon,
40 938 547 971 Dum perdat atque cogitata perpetret,
40 968 529 996 Optat perire? ius habet vitæ ac necis
40 995 492 1026 Reges in altos, qui paratus emori
99 1025 556 1055 Nullum recuſat triſte tormentigenus.
39 1041 566 1085 Hinc æſtimare vulgus inuidum poteſt,
39 1085 655 1114 Quam dura ſors, quàm miſera ſeruitus premat
39 1115 532 1146 Berum potentes,quos in edito locat
696 1146 753 1166 Fo
490 1151 536 1168 S
