888 1312
351 65 601 94 BAVDII
143 104 570 134 Lucem iubarq; ſolis inſueti horruit.
144 134 553 163 Anguſta tanti nempe maieſtas viri,
144 163 637 197 Sanctuſq; princeps, & verendum gentibus
143 192 593 223 Per ſecla nomen inquietabant ſcelus.
145 223 571 252 Gens nulla ritus tam ferinos induit,
143 252 592 282 Cultuq; geſtat pectus humano carens,
145 283 670 311 Quam non verendo horroris œſtro concitet
141 311 563 341 Regalis ille vultus, in quo Numinis
141 340 565 373 Imago viuens, atque mortalis Deus
140 370 531 402 Apparet. ergo lux vt effulſit noua
141 398 566 431 Stygio furori, quaſſus ingenti metu
140 429 598 458 Manum repreſſit, acpedem retro tulit.
140 457 623 487 Poſt vt moranti cuncta furiarum cohors
138 486 552 515 Incubuit, ac ſubiecit intimas faces:
140 515 529 549 Excuſſa nerus vt ſagitta corripit
141 547 615 581 Cultrum cucullo quem tegebat impius,
141 574 545 609 Imiſq; condit regis in præcordijs.
142 603 518 638 O ſol diurnæ lucis auriga aſpicis
141 634 669 670 Tam triſte monſtrum, nec retorques aureas
142 664 615 700 Strigans habenas? hic Thyeſteas dapes,
141 692 591 728 Hic cernis Atreo fœdius ſpectaculum.
142 724 606 758 O terra quin dehiſcis, ac ſorbes ſpecu,
142 750 650 789 Trudiſq; ad ima Tattara infandum caput?
139 780 568 814 At tu ſupreme gentis humanæ ſator,
139 811 621 844 Tutela regum, ſub quibus tot iam viriim
137 839 652 877 Voluendo ſecla durat hoc regnum potens:
138 868 544 900 Per ſi qua cœlo cura noſtri, ſi fides
138 899 557 932 Antiqua caſus reſpicit mortalium,
139 928 615 966 Satiare tandem cladibus noſtris precor,
138 956 642 994 Grauibuſq; pone, pone ſupplicijs modum.
136 985 555 1027 Miſerere gentis paſtor ac pater tuæ,
137 1017 597 1055 Quam gnatus almo liberauit ſanguine.
136 1045 590 1083 Satis litatum eſt, ſi quid imprudentius
136 1075 579 1107 Omiſit error, frauſ ve commiſit mala.
134 1105 665 1145 Pœnas Megæræ ad arbitratum expendimus
714 1147 790 1172 Diras,
