<?xml version="1.0" encoding="UTF-8" standalone="no"?><PcGts xmlns="http://schema.primaresearch.org/PAGE/gts/pagecontent/2019-07-15" xmlns:xsi="http://www.w3.org/2001/XMLSchema-instance" xsi:schemaLocation="http://schema.primaresearch.org/PAGE/gts/pagecontent/2019-07-15 http://schema.primaresearch.org/PAGE/gts/pagecontent/2019-07-15/pagecontent.xsd"><Metadata><Creator/><Created>2022-04-20T11:37:06</Created><LastChange>1970-01-01T00:00:00</LastChange><Comments/></Metadata><Page imageFilename="0358.png" imageHeight="1312" imageWidth="888"><TextRegion id="r1" orientation="0.0" type="paragraph"><Coords points="1,1 886,1 886,1310 1,1310"/><TextLine id="l1"><Coords points="215,75 215,97 567,97 567,75"/><TextEquiv><Unicode/></TextEquiv><TextEquiv index="1"><Unicode>GNOM. IAMB. LIB. I.</Unicode></TextEquiv></TextLine><TextLine id="l2"><Coords points="591,116 77,115 77,146 591,146"/><TextEquiv><Unicode/></TextEquiv><TextEquiv index="1"><Unicode>Immune labis, Angelorum quem chorus</Unicode></TextEquiv></TextLine><TextLine id="l3"><Coords points="341,176 577,176 577,148 299,148 137,150 98,148 77,148 77,176 85,176 109,178 254,178"/><TextEquiv><Unicode/></TextEquiv><TextEquiv index="1"><Unicode>Supplex adorat:mara, tellus, ac poli</Unicode></TextEquiv></TextLine><TextLine id="l4"><Coords points="568,177 341,177 254,179 109,179 85,177 77,177 77,205 568,206"/><TextEquiv><Unicode/></TextEquiv><TextEquiv index="1"><Unicode>Sedes tremiſcit. cuncta qui verbo creat,</Unicode></TextEquiv></TextLine><TextLine id="l5"><Coords points="495,207 398,206 295,207 252,209 159,209 77,206 77,233 90,235 495,235"/><TextEquiv><Unicode/></TextEquiv><TextEquiv index="1"><Unicode>Virtute fulcit, perpeti curâ fouet,</Unicode></TextEquiv></TextLine><TextLine id="l6"><Coords points="77,269 525,269 525,236 77,236"/><TextEquiv><Unicode/></TextEquiv><TextEquiv index="1"><Unicode>Fato adminiſtrat, prouidentiâ regit.</Unicode></TextEquiv></TextLine><TextLine id="l7"><Coords points="351,290 351,310 450,310 450,290"/><TextEquiv><Unicode/></TextEquiv><TextEquiv index="1"><Unicode>XVII.</Unicode></TextEquiv></TextLine><TextLine id="l8"><Coords points="77,352 547,353 547,327 77,327"/><TextEquiv><Unicode/></TextEquiv><TextEquiv index="1"><Unicode>Iuſtos honores addere inuentis ſolet</Unicode></TextEquiv></TextLine><TextLine id="l9"><Coords points="571,358 114,359 77,359 77,387 571,387"/><TextEquiv><Unicode/></TextEquiv><TextEquiv index="1"><Unicode>Author vetuſtas nec fide verbum caret</Unicode></TextEquiv></TextLine><TextLine id="l10"><Coords points="603,389 338,388 322,389 91,387 91,415 105,416 603,417"/><TextEquiv><Unicode/></TextEquiv><TextEquiv index="1"><Unicode>Id optimum eſſe quod ſit antiquiſſimum.</Unicode></TextEquiv></TextLine><TextLine id="l11"><Coords points="93,418 93,447 596,447 596,418"/><TextEquiv><Unicode/></TextEquiv><TextEquiv index="1"><Unicode>Sed tunc ſenectus atq, longinquus teor</Unicode></TextEquiv></TextLine><TextLine id="l12"><Coords points="91,447 91,469 495,469 495,447"/><TextEquiv><Unicode/></TextEquiv><TextEquiv index="1"><Unicode>ui fluentis obtinet ſuum decus</Unicode></TextEquiv></TextLine><TextLine id="l13"><Coords points="325,504 513,505 513,477 93,476 93,506 300,506"/><TextEquiv><Unicode/></TextEquiv><TextEquiv index="1"><Unicode>Quum veritati ur fundamine,</Unicode></TextEquiv></TextLine><TextLine id="l14"><Coords points="504,506 325,505 300,507 138,506 129,508 91,507 91,533 504,534"/><TextEquiv><Unicode/></TextEquiv><TextEquiv index="1"><Unicode>eſq; vtiles infactu bonas.</Unicode></TextEquiv></TextLine><TextLine id="l15"><Coords points="543,536 92,535 92,564 543,564"/><TextEquiv><Unicode/></TextEquiv><TextEquiv index="1"><Unicode>Nam ſeculis adultus error. &amp; tumens</Unicode></TextEquiv></TextLine><TextLine id="l16"><Coords points="482,565 462,566 355,564 79,566 77,565 77,592 482,592"/><TextEquiv><Unicode/></TextEquiv><TextEquiv index="1"><Unicode>Longevitate contumax inſcitia,</Unicode></TextEquiv></TextLine><TextLine id="l17"><Coords points="547,594 94,594 94,622 547,622"/><TextEquiv><Unicode/></TextEquiv><TextEquiv index="1"><Unicode>Ceu tetra peſtis eſt cauenda, nec decet</Unicode></TextEquiv></TextLine><TextLine id="l18"><Coords points="518,624 92,623 92,646 518,646"/><TextEquiv><Unicode/></TextEquiv><TextEquiv index="1"><Unicode>Seruare morem vel vocare ſeculum</Unicode></TextEquiv></TextLine><TextLine id="l19"><Coords points="77,681 577,681 577,653 77,652"/><TextEquiv><Unicode/></TextEquiv><TextEquiv index="1"><Unicode>Cui ratio non conſpirat, aut recti color.</Unicode></TextEquiv></TextLine><TextLine id="l20"><Coords points="294,700 294,731 508,731 508,700"/><TextEquiv><Unicode/></TextEquiv><TextEquiv index="1"><Unicode>Pi Ruſticæa pracepta.</Unicode></TextEquiv></TextLine><TextLine id="l21"><Coords points="380,769 380,737 414,737 414,769"/><TextEquiv><Unicode/></TextEquiv></TextLine><TextLine id="l22"><Coords points="94,778 94,808 501,808 501,778"/><TextEquiv><Unicode/></TextEquiv><TextEquiv index="1"><Unicode>Si quis parare prædium volet ſibi,</Unicode></TextEquiv></TextLine><TextLine id="l23"><Coords points="610,807 539,807 479,809 94,808 94,833 610,833"/><TextEquiv><Unicode/></TextEquiv><TextEquiv index="1"><Unicode>Simul neceſſe eſt vendat vrbanam domum,</Unicode></TextEquiv></TextLine><TextLine id="l24"><Coords points="92,838 92,866 517,866 517,838"/><TextEquiv><Unicode/></TextEquiv><TextEquiv index="1"><Unicode>Ne pluribus diſttacta mens negoriis</Unicode></TextEquiv></TextLine><TextLine id="l25"><Coords points="517,867 92,867 92,894 102,895 517,896"/><TextEquiv><Unicode/></TextEquiv><TextEquiv index="1"><Unicode>Indiligenter ruſticum .arem colat,</Unicode></TextEquiv></TextLine><TextLine id="l26"><Coords points="527,897 149,897 93,895 93,924 527,924"/><TextEquiv><Unicode/></TextEquiv><TextEquiv index="1"><Unicode>Quæ cura totum poſtulut virum ſibi,</Unicode></TextEquiv></TextLine><TextLine id="l27"><Coords points="90,955 565,955 565,925 90,925"/><TextEquiv><Unicode/></TextEquiv><TextEquiv index="1"><Unicode>Gnauumq; fructu dite cultorem beat,</Unicode></TextEquiv></TextLine><TextLine id="l28"><Coords points="520,956 93,956 93,981 100,982 137,984 520,984"/><TextEquiv><Unicode/></TextEquiv><TextEquiv index="1"><Unicode>Cui præ labore ruſtico magis placer</Unicode></TextEquiv></TextLine><TextLine id="l29"><Coords points="485,986 378,985 247,986 91,984 91,1013 485,1013"/><TextEquiv><Unicode/></TextEquiv><TextEquiv index="1"><Unicode>Vrbana vita, prædio non eſt opus</Unicode></TextEquiv></TextLine><TextLine id="l30"><Coords points="396,1039 396,1058 428,1058 428,1039"/><TextEquiv><Unicode/></TextEquiv><TextEquiv index="1"><Unicode>II</Unicode></TextEquiv></TextLine><TextLine id="l31"><Coords points="515,1076 92,1076 92,1103 128,1103 155,1105 515,1105"/><TextEquiv><Unicode/></TextEquiv><TextEquiv index="1"><Unicode>Fortuna voto ſi fauebit obſequens,</Unicode></TextEquiv></TextLine><TextLine id="l32"><Coords points="471,1107 197,1107 154,1105 92,1105 92,1130 471,1130"/><TextEquiv><Unicode/></TextEquiv><TextEquiv index="1"><Unicode>Cœlo ſalubri rus ematur, fertili</Unicode></TextEquiv></TextLine><TextLine id="l33"><Coords points="660,1138 660,1165 761,1176 739,1135"/><TextEquiv><Unicode/></TextEquiv><TextEquiv index="1"><Unicode>leâ</Unicode></TextEquiv></TextLine><TextEquiv><Unicode/></TextEquiv></TextRegion></Page></PcGts>