888 1312
396 74 646 96 BAVDII
174 112 655 141 Glebâ, propinquum nauigando flumini,
173 141 659 171 Mari ue, per quod aduehi merces queant
175 171 634 203 Quas poſcit vſus, quæ ſuperſunt avehi.
442 213 493 233 III.
175 249 597 281 In agro emundo ſint tibi curæ duo,
177 280 608 311 Salubre cœlum. diuitiſq; vber ſoli:
178 310 652 340 Quorm alterum ſi defit, & tamen libet
177 339 587 367 Parare. non eſt ſinciput ſanum tibi,
176 369 697 400 Teque ad propinquos mittier Varro iubet.
446 411 489 432 IV.
180 448 657 478 Nil emeris præſtare quod fundus poteſt.
178 478 651 507 Vendax oportet vt ſit, haud emax bonus
180 507 591 532 Ruris colonus, & rei ſtudens homo
452 552 479 571 V.
181 590 586 624 Qui prouidenter ruſticari poſtulat
180 619 648 648 ITria aduocanda norit hæc primum ſibi
182 650 657 680 Conſultus vt ſit, ferre ſumptus vt queat,
181 681 567 710 Nil vt grauate faxit aut ingratiis.
181 709 627 731 Nam rus habebit vnus is cultiſſimum
181 738 619 769 Qui colere noſcet, & valebit, & volet.
461 780 502 800 VI.
181 816 599 848 Deliberare non oportet vtrum ager
181 846 673 878 Sit conſerendus nec ne, ſed facto eſt opus
180 877 592 906 Multum diuq; perputare conuenit
180 906 626 936 An res & vſus poſcat exſtrue domum.
184 935 634 966 Quod ſi tibi ſit conſitum probe ſolum,
183 964 722 995 Ne fugere poſſis quominus domum exſtras,
183 994 650 1026 Ne villa fundum quærat inprimis caue.
439 1040 489 1061 vII.
184 1076 588 1102 Nec inſalubrem fertiliſſimis locis
184 1108 642 1137 Agrum parabis, nec ſalubrem maxime
779 1138 835 1172 Solo
