888 1312
209 59 596 88 GN OM. IAMB.LIB. Ii.
704 62 751 84 30
89 100 541 129 Eimulatio omnis:attamen neceſſitas,
40 131 591 163 Quæ legis omnem frangit infirmatq; vim
40 161 506 194 Peræpe cogit mente cordatâ viros
40 191 527 220 Cum fraudulenta vulpe vulpinarier.
87 220 549 251 Sed hunctenebit in mala re vir bonus
40 249 580 280 Finem modumq;, ne quid aduerſus fidem
92 281 465 306 Peccaſſit occœcatus vtili malo.
92 309 489 340 Scutum ſit illi quo tueri ſe queat,
36 338 558 371 Clauumq; clauo pellat, & dolum dolo
94 367 585 400 Non enſis vt quem prouocaſſe vltro velit.
387 437 434 457 vII.
95 486 487 515 Maior labos, maioris eſt opus viri
92 517 484 546 Felicitatem, reſq prolixas nimis,
93 544 627 575 Haud inſolenter ferre, quam ſortem aſperam
86 574 529 606 Domare. quippe res ſecundæ ſubdolo
88 604 569 634 Graſſantur aſtu, ventilantq amabilem
93 634 487 661 Fauoris auram fraude proditorâ.
853 644 885 673 D
94 661 662 695 Poſtquam occuparunt mentis auguſtum Larem,
97 692 533 721 Senſim viriles impetus effœminant,
96 721 551 753 Induſtriæq; vim retundunt: sic ducem,
97 754 555 785 Quo fregit æque nemo Romanas opes,
87 780 539 814 Fregere luxus, Capua victorem ferum
88 811 472 839 Deuicta vicit, ſæuior bello quies
97 839 523 872 Ex pectorauit robur inuictum malis.
96 868 617 903 Vſq; adeo magnam ferre fortunam graue eſt.
96 898 492 928 Aduerſa vero præferunt hoſtiliter
96 930 647 957 Animum nocendi, & Marte aperto nos petunt,
98 958 559 986 Non arte, nor svt gens adulatrix amat
96 987 506 1018 Fallace comitate, ſed vi, ſed palàm,
98 1017 538 1044 elo leuato, ſic fit vt ſtet in ſtatu
96 1045 541 1077 Mens noſtra ſeq præparet certamini
101 1077 481 1103 Durare certa donec aut Feretrio
103 1102 581 1134 Sacrficet hoftem, aut cogat in leges ſuas.
487 1139 749 1167 v 2viII. Di.
1 1168 29 1193 a
