888 1312
215 77 592 104 NOM. IA u. 20. .
71 115 533 144 Timon, ferinam cuius indolem notat
86 147 537 176 In fame nomen ominis plenum mali.
85 176 494 207 Hoc more ſi quis acquieſcat, vt ſibi
70 206 447 231 Riualis vni viuat, hic erit mihi
71 235 587 271 Vel homine maior, vel minor bruto pecu.
71 313 516 355 Non conſularis denegatus eſt honos
71 354 535 386 Magno Catoni, quum leuis Quiritium
70 382 451 409 Cenſura faſces detulit Vatinio:
71 410 476 442 Sed eſt negatus conſulatui Cato.
78 506 492 537 Nilà furore diſtat ira, quam breues
86 537 587 569 Quod hæc recurſus, ille longinquos habet.
85 566 475 595 Qui cote verâ fortitudinis ſtudet
83 596 526 626 Cor aſperare, comprimat cupidinem,
82 626 539 656 Pellat timores, frænet impetus vagos,
88 654 487 685 Coërceatque; ſub modi repagulo,
83 684 588 713 Tranquillet irammon procul, non eſt foris
84 713 537 743 Quærendus hoſtis, intus & domi ſedet,
85 743 530 775 Cui plurim cum laude luctari queas.
84 772 466 801 Cuiq; cuſtos attributus eſt ſuus,
80 801 504 833 Virtutis aſper hoſtis, atq; exercitor,
78 829 554 864 Quem qui repreſſit, imperiq; ſub iugum
85 861 502 889 Coëgit, hic & clarus, & victor cluet.
85 891 519 919 At ſi quis olim forte Therſites dicax,
84 919 476 950 Irus ve paſcat inſolentes ſpiritus,
85 950 535 982 Atramq; bilem temperare non queat,
84 979 517 1009 Adeſt Vlyſes, qui ferociam domet,
86 1009 595 1040 Turbamq; præſens pœna vulgarem premit.
86 1040 551 1070 Cum vero Atriden ſæua peſtis occupat,
84 1068 563 1100 Thetidiſq; prolem, vindice eſt opus Dea:
86 1099 490 1125 Ne magnus ille rex acerbo funere
71 1129 507 1156 Liguæ licentis immodeſtiam lat.
647 1167 737 1196 Regum
