888 1312
370 88 622 116 BAVDII
162 125 668 168 Regum intepeſcens ardor, atq; exorbitans
166 159 583 192 Ira irretento fertur impetu, velut
164 186 646 226 Præceps ab alt mente decurrens liqor
168 217 583 252 Adauctus imbre, viq; diffuſæ niuis,
170 246 596 287 Quem ripa noto non coërcet alueo,
166 275 642 315 Longè ſonantem non ſine ingenti metu,
168 305 652 346 Quocunq; torquet confragoſos vortices
167 333 651 370 Armenta ſecum, pecua, ſtirpes: & domos
167 362 623 398 Conuoluit naà: punctulo reui perit
167 391 644 433 Magno quod actu longus extudit labos.
169 422 593 461 Sic ira regum non minutatim furit,
169 451 616 486 Totas ſed vrbes, regna, gentes horridis
169 483 549 516 Miſcet ruinis vaſtitate, cædibus.
168 507 688 545 Virills Macedo, cuius immanem ambitum
170 538 601 578 Non cepit orbis, orbe victo non capit
170 572 533 605 Felicitatis magnitudinem ſuæ,
169 603 538 638 Nimiâq; ſorts affluentia, velut
171 631 626 663 Graui veterno preſus, aut dulci mero
168 660 634 699 Lymphatur. illud neſcium frangi malo
170 692 588 725 Sublime pectus, impotentiâ tumet,
169 721 558 756 mamq; ferre neſcit iracundiam.
170 747 615 785 Qui vicit orbem victus à turpi probro
168 780 601 810 Trucidat inter vina præſtitem ſuum
169 807 615 843 Pœnas per omnes imperat letho dari
170 840 573 866 Virtutis altæ feruidum ſatellitem.
170 867 655 900 Fas omne rumpit, dumq; haberi ſe Deum
171 896 666 931 Credit iubetque, non vocandus eſt homo.
454 953 492 974 XI.
170 989 616 1024 Immane quantum diſſidet vulgo rudi
169 1021 616 1050 Mens recta, vix eſt inter inſignes viros
167 1053 535 1083 Vt deputari poſſit, & virtutium
166 1081 567 1112 Florere fama, qui placere ſe ſtudet
167 1107 671 1142 Tuarbæ Quiritum. quæ profana plebs colit:
165 1141 544 1172 Cordata gens nius æſtimat pil.
749 1164 814 1189 Laus
