888 1312
701 58 737 78 31
218 61 593 90 GNOM. IAMB. LIE. II.
39 103 508 136 Laus vera & incorrupta radices agit,
39 133 506 166 Lateque ſe propagat: at ficta omnia,
81 162 541 192 Ceu flos in herba derepente ſuccidunſt.
370 205 438 226 AI
82 242 459 274 Vti latere non potet ſolisiubar
82 274 481 303 Die ſereno, ſic honora principum
82 303 509 331 Fortuna temnit noctis obſcuro tegi.
82 331 543 364 B erum potentes, atque in excelſo ſitos
83 362 580 393 Circumſtat ingens ſortis auguſtæ decus,
81 391 591 423 Lux multa clarat, quidquid inſtant exequi
84 421 552 452 Virûm per ora diſſi pat rumor frequens.
84 449 558 482 Non eſt, quod ergo principes optent ſibi
83 482 587 511 Famam perennem, quæ vel inuitos manet,
85 509 592 540 Sed vt probum bonumque nomen audiant
82 540 443 570 Deſiderandi poſteris ætatibus.
86 569 524 599 Quis non latere malit, atque ingſorio
85 597 512 630 Situ iacere. quam per inuiſumrefas
82 630 542 659 Fa rare famam? qua ie portentum Nero
851 633 885 664 I
83 658 522 685 Monſtratur orbi, cuius impotentiam
82 687 505 717 Roma imperare nata gentibus tulit
82 716 519 746 Plures per annos ſed lituitdenique
84 747 512 770 Iuſto dolori. Vindicemi vindex Deus
84 778 479 807 Ad arma coneitauit vt diro metu
84 805 454 835 Terras leuaret. ipſe carnifex ſui
83 836 472 864 Nero tyrannos exitu graui doce,
86 861 597 895 Quæ pœna ſontes, quod manet ſtipendium.
368 915 455 936 III.
82 955 537 983 Exercet orbis cunctus hiſtrioniam,
34 983 580 1017 Mimumque grex mortalis in terris agit,
82 1014 519 1046 Vbique fucus regnat, exnlat fides,
84 1041 551 1074 Mens tecta frons aperta. ſincerum nihil
83 1071 566 1099 Intus volutant. ſed malæ mercis ſcatent.
32 1101 552 1136 Ergo expedit cauere fraudium ſtrophas,
640 1128 742 1152 Vafram-
470 1132 539 1157 4
