888 1312
350 64 602 86 BAVDI
148 104 635 136 Vaframque vulpem, quæ leonina latens
149 133 621 166 Sub pelle celat pectus inſtructum dolis.
152 164 598 195 Semper ſubictu degit, & plagæ patet,
152 193 574 225 Qui ſenſa cordis ore promit aulicas
154 222 602 249 Haud doctus artes. ſi ſub aurea viriim
156 252 554 285 Propage vitam viueremus in ſtatu
152 281 591 309 Platonis alti, fas piumque non foret
155 311 592 338 Arcana mentis abdere, & ficto fidem
155 340 609 370 Præferre vultu. nunc in hacce publica
150 371 632 402 Contage morum congreges inter malos
155 400 572 428 Malo eſſe ius eſt, corque diffidentia
151 430 569 458 Munire iuſti mater vtilitas probat,
152 459 537 493 Et lege maior flagitat neceſſitas.
432 502 519 521 IV.
152 540 573 569 Nil melius alta regis indoles habet,
155 569 639 604 Quam velle, maius nil ſuprema dignitas,
161 600 602 632 Quam poſſe læſis ſubuenire gentibus,
160 630 562 660 Prodeſſe mundo, ſeruitute iniuriâ
159 660 591 689 Leuare preſſos vtque ſit conſpectior
159 690 617 719 Laurus triumphi quam corona ciuica,
162 720 561 748 Seruare ciuem ignior viro tamen
160 750 617 778 Laus æſtimari debet, atque omni prius
155 778 602 803 Honore nomen Patriæ inſcribi Pater.
446 830 507 849 V.
156 867 557 899 Si nil ſpei relinquat à tergo metus
159 898 551 927 Metu aſperata lenitudo fit furor.
162 928 675 957 Cum iam minatur imminetque par malum
160 957 578 988 Ciui quieto, reſque tentanti nouas,
160 988 611 1018 Nihil timente vadit ad mortem gradu
159 1018 530 1046 Virile pectus, & pericla deputat
158 1047 630 1076 ILucro bonoque, dum ſimul perdat mali
153 1077 625 1111 Cauſam caputque noxio dum ſanguine
159 1107 553 1136 Sui parentet uiccm doloribus.
749 1140 808 1167 Sæpe
