888 1312
364 66 576 89 BAVDII
145 108 556 135 Tenetur, at cum cœpit exui metus
146 135 609 166 Ob vtilitatem, aut diritatem principis,
144 166 676 195 Quatum hæc furores. ills contemptum parit,
144 195 630 225 Non fræna reſta nt vlla. quæ ſacrum caput
143 225 540 254 Seruare poſſint, cum omnis à Deo
146 254 550 284 Salus recumbit in fide parentium.
143 341 629 371 Nunquam inquiete liber eſt amor metu,
139 371 572 400 Bonuſque ciuis, atque vir fortis, licet
141 400 527 431 Pro patriæ ſalute nil non exſequi
139 430 541 461 Patique ſit paratus, vnde publicas
138 460 529 490 Arcere clades paſſit, & ſpei bonæ
140 491 561 520 Lucere lumen attamen ſemper ſuis
140 520 580 551 Id auguratur imminere, quod timet.
408 562 506 582 XXII.
140 599 598 629 Quamuis tyrannus. dira gentibus lues,
139 629 540 658 Perire dignus mille morribus fiet:
141 659 619 688 Quamuis vetuſta ſecla rem factu bonam,
138 688 661 719 Exemplo honeſtam gloria auguſtam putent
138 717 544 748 Orbare vitâ lucis indignum caput,
138 747 525 776 Ceruic ibuſque publicis auertere
136 777 544 807 Piaculare generis humani malum:
136 808 582 836 Tamen ſuprema cuius eſt authoritas,
135 837 514 864 Reclamat iſtis ſancta dictio Dei,
135 867 543 898 Deoque charus ante reges cæteros
134 895 544 927 Ieſſæus heros sanxit exemplograui
133 926 639 958 Regum ſalutem, iuſque per gentes ſacrum.
134 956 523 987 Vt dura bellipaſtis & famis mala
134 985 623 1017 Cœlo imputantur, ſic & acceptum decet
132 1014 533 1046 Referre fatis, atque læſo Numini,
134 1045 590 1073 Quod impotente ſub manu Buſiridum
134 1075 551 1105 Ob noſtta iure vapulamus crimina.
129 1104 588 1136 Non auferendus igitur, at ferendus eſt,
706 1144 787 1173 Qem-
