888 1312
223 78 592 110 GNOM. IAMB.LIB. II.
704 77 741 96 3
42 121 610 161 Qmcunque ſceptri honore dignatur Deus.
80 153 501 188 Ile imperare natus, vt paſtor gregi,
81 184 475 217 Dictare leges, frena moliri manu
82 209 525 248 Populo ſuperſit obſequelæ gloria.
83 243 476 272 Cum matricida, buſtuarius latro,
84 269 564 301 Citharœdus, & cinœdus indignis modis
40 301 490 336 Vexaret orbem, lex Apoſtoli iubet
39 331 488 364 Orare numen pro ſalute principis.
39 362 476 399 Ergo hoc habeto dictione certius
39 391 498 426 Apollinari, quod vetus vates canit,
39 420 524 455 Regis timendi proprium ius in ſuos,
39 451 462 485 Reges in ipos vnius ius eſt Dei.
342 491 443 513 XIII.
89 527 528 563 Si vela ſemper impleat ventus ferens
88 558 501 594 Languebit ars, & obſoleſcet gloria,
87 590 455 624 Boni gubernatoris, aſt vbi noto
91 616 521 653 Confligit Eurus, ac tridentisarbiter
89 644 560 678 Vndas ab imo torquet æquas montibus,
89 672 606 705 Cum noctis horror. cum rudentium fragor,
91 704 571 741 Virûmque c lamor cuncta percellit metu
91 733 522 766 Formidoloſæ mortis atque ingloriæ:
90 763 546 797 Tunc ille clarus parque Portuno cluet
92 792 570 829 Si men te præſens inque concuſſus queat
94 822 530 855 Tenere curſum tanta per diſcrimina.
94 852 573 889 Sic, dum perennat proſperæ ſortis tenor,
93 882 499 914 Acies hebeſcit & refriget maſcuiæ
853 883 881 914 I
93 910 517 946 Virtutis ardor, indoleſque induſtriæ
94 940 518 977 Velut veterno tacta torpet aut gelu.
93 971 491 1004 Malis domari poſcit, ac laboribus
93 1003 487 1034 Exercitari cruda virtus, hinc opes
93 1030 505 1066 Roburque ſumit, qualis ilex altius
94 1055 611 1092 Radice terram comprehendit, quam magis
96 1087 610 1127 Perpetitur imbres, atque flabrorum minas.
96 1118 553 1155 Nil homine quidquam viuit infelicius
711 1140 762 1163 Cul
