888 1312
363 69 606 93 BAVDII
154 105 566 135 Cui nil in omni contigit vita mali,
152 135 601 169 Velutque pigra mole marcentes aquæ
152 165 612 195 Halant mephitim. ſic ſaginatum bonis
153 193 547 222 Imbelle pectus otio ſitum trahit,
154 224 588 253 Patratque famæ nec decora, nec viro
153 254 586 285 Condigna: tales haud inepte dixeris
151 284 558 314 Viuos mori, mortuoſque viuere.
400 325 494 348 IV.
145 360 618 390 Honos honeſtat, cum probatis obuenit
150 390 588 421 Merentibuſque. ſin ad indignos adit
151 418 569 447 Probro imputari debet ac ludibrio.
150 449 526 481 Nil te Vatini contumeliæ pudet
151 479 601 513 Catone pulſo conſulatum quod geris?
150 510 520 538 Donata palma competitori tuo
152 538 604 570 Nec addit hilum, nec repulſa detrahit,
154 568 586 602 Qui totus ex ſeſe aptus externas opes
148 599 589 627 Auramque plebis haud emat troboli.
151 628 519 660 Sed orba defenſore tanto patria
146 657 626 692 Sub faſce languet, immerenſque vapulat
148 686 521 722 Inſanientis ob nefas plebeculæ,
150 717 599 745 Quæ reſtitut mente mox tantum ſibi
148 746 527 781 Licuiſe plorat, vt negaret impie
149 776 577 810 Faſces Catoni pœnitenſque iniuriæ
150 807 567 838 Vires & odit, & palam damnat ſuas.
148 837 562 872 Attu Vatini qui ſuperbus ambulas
148 866 624 901 Honoris vmbra, purpuræque inſignibus,
148 896 589 929 Hoc nempe præſtat alta dignitas tibi,
149 924 528 955 Qua ſubruiſſe gloriaris æmulum
147 954 640 991 Victor Catonem, præſtat hoc inquam tibi
146 985 583 1021 Fortuna fulgens, atque maieſtas loci,
140 1014 549 1043 Conſpectiores vt tuæ ſordes ſient.
426 1064 517 1084 XV.
148 1084 569 1119 Breuiore virtus obtinet compendio
138 1114 645 1146 M eritos honores, dumtheatro nil ſtudens
719 1155 800 1177 Refert
