888 1312
230 78 596 101 NoM. IAMB. LIB. II.
707 81 750 102 s17
90 118 532 144 Refert ad vnam cuncta conſcientiam,
90 150 498 180 Iterque ſimplex veritatis ac patens
92 177 553 209 Vulgi anteponit ſplendidis rumoribus.
92 209 508 238 Hac eſt via graſſatus ille Maximus,
94 238 472 268 Contatione qui labantis imper
94 269 498 297 Stitu ruinam. vir peritus temnere
92 297 505 327 Voces popelli dum iuuare patriam,
91 327 523 358 Rebuſque ferre tendit afflictis opem.
91 357 466 385 Incurioſus laudis & famæ Cato
94 386 487 413 Seuerus in ſe, temperatus in ſos,
93 415 520 446 Probus præoptat eſſe quam viderier:
95 446 450 475 Solo ſalutis publicæ cupidin
94 474 602 505 Campum intrat ingens candidatus, & redit
95 504 553 534 Nil ob repulam mœſtus aut ſui minor.
94 535 429 564 Ouans inani gloria Vatinius
93 563 479 594 Exultat, ac ſide Catone nobilem
93 592 618 622 Ferret triumphum, cum triumpho illuſtrioi
93 624 511 652 Incedat omni victus indigne Cato.
350 665 446 686 VI
93 703 510 735 Nil imprecari peius hoſtibus queas.
37 731 617 766 Quam quod tyrannus ſponte conſciſcit ſibi,
93 762 490 789 Dum ſe timeri viribus totis ſtudet
37 792 491 823 Amore ſpreto, qui ſalutis eſtapex.
37 820 590 855 Hæc cruda regum barbarorum mens fuit
37 851 514 884 Quj cum mereri charitatem ciuium
94 880 525 910 Vel inuiderent poſſe, veldiffiderent,
36 910 488 940 Munire nixi magnitudinem ſuam
36 939 560 969 Per dira ſcelera, per tremendi carninis
36 967 520 1000 Leges, dederunt vindici pœnas Deo.
93 999 527 1028 Vis nulla tantum pollet, vtfati queat
37 1022 514 1053 Inhibere habenas ac furorem ſiſtere
37 1057 551 1087 Torrentis iræ. cum ſupra omne fas pati
36 1086 520 1121 Odia aſpera ſuccreuere, nec dintis
36 1117 491 1150 Secapit collectus exlongo dolor.
678 1147 746 1169 Cumm
