888 1312
351 72 602 96 BAVDII
152 111 596 144 Cum iam periclis atque contumeliis
152 140 669 171 Laſſatus omnem vulgus abſumpſit metum,
155 172 538 201 Nullo vetatur amplius repagulo
153 199 618 232 Quin frena frangat, & gradueffuſo ruat
151 231 586 264 Qua raptat ardens vltionis impetus:
154 259 589 293 Non conquieſcit quin Feretrio patri
153 289 573 318 Buſiris immoletur, aut regno cadat.
412 330 523 350 AVII.
151 372 601 403 Amore miſtus atque temperans timo
150 403 545 434 Iugo tenace fundat imperi decus.
152 432 567 460 Amore non eſt liberaffectus magis,
153 461 599 492 Hunc imperare vis tyranna non valet.
154 491 555 521 Sed impetrabit à volentibus bonis
153 522 620 552 Spectata virtus imperantis, atque amor.
153 550 552 580 Odio flagrare forſan iniuſto queat
152 580 543 611 Regnator, at non diligi bona fide
153 610 560 634 Si non amori mutuas reddat vices.
387 658 537 679 I.
151 700 560 729 Sellâ in curuli quod Vatinius ſedet
153 730 567 760 Catone moto ſeculi eſt conuitium,
154 760 542 790 Iocuſque ſortis æſtuoſæ quæ luto
154 789 605 818 Solemne ludit, dum pudenda Romuli
152 819 631 848 Remique probra trudit ad celſos gradus,
154 849 542 878 Vti repulſæ frigus obduret magis
151 879 564 907 In priſtino vigore conſtantes viros.
152 907 580 936 Illiſa tectis grando in aduerſum ſalit
154 937 600 967 Sonore magno fraude nullâ: ſic fauor
153 967 617 997 Furorque populi palpat, inſons aut ferit
154 998 615 1026 Animum Catonis. ridet heroum genus
157 1027 573 1056 Contorta tela gentis inuidæ manu,
152 1056 585 1085 Calumniaſque. ceu ſatelles fulminis
153 1085 563 1114 Imbelle vulgus alitum flocci facit.
155 1114 616 1145 Sanguis Deorum vuleratinon poteſt,
733 1144 811 1168 Palmæ
