888 1312
465 78 573 91 T
216 80 580 105 GNOM. IAMB. A.
74 120 533 150 Pmæ ſed inſtar faſce preſſa quæ graui
78 151 482 177 Sublime ramis nititur valentibus:
79 180 459 211 Sic eniteſcit lætiorque prouenit
78 209 475 241 Afflicta virtus, ſeque caſu ſuſcitat.
79 238 547 271 Non eſt profanæ plebis auferre, aut dare
81 269 545 295 Sanctas ſecures. frendat & fremat licet
79 297 577 328 Fæx Romulorum: Conſul eſt qui conſulit
80 328 502 358 Vrbis ſalut, ciuiumque commodis:
80 357 516 387 Rex maior omni rege qui recte ſacit,
84 389 585 419 Non qui tyra nno comprimit gentes metu.
83 416 582 452 Quacunque mundi parte iuſſus aut volens
82 449 529 477 Vir voluit annos patriæ cœlum putat.
83 476 491 506 Camillus exul dignitatem ſuſtinet
84 507 534 538 Ampli Senatus, loma tum Veiis erat.
85 536 436 564 Manet Bianti ſalua portio ſui,
84 563 582 596 Poſtquam vrbe capta relliquum fecit nihil
85 594 509 620 Victis ſecundâ ſorte victor inſolens.
850 594 885 621 M
33 674 446 708 Cenſura vitæ, diſciplina ſeculi,
32 704 584 741 Morumque norma regis exemplum magis
87 735 599 770 Quam iufia ſeruat aut graues legum minas.
87 763 551 800 Quod imperare vis metuſve non valet
90 793 530 828 Depoſcit vliro vi metuque præua lens
33 823 536 851 Amoris ardor, æmulandique impetus.
88 852 522 883 Acerba legum imperia parendo facit
33 882 550 913 Rex molliora, quunque ſit late potens
90 911 565 943 Authoritate, maior extemplo eſt tamen.
34 940 555 976 Nauim magiſter torquet haud valentiâ,
34 970 518 998 Sed arte dextrâ, ſed leui flexu manus
34 1000 536 1028 Contra frementes ceruli patris minas
89 1028 571 1062 Cauam gubernat in mari magno trabem,
34 1059 563 1090 Clauo aſſidens quietus atque interritus.
34 1089 448 1121 Sicut latente nobilis miraculo
87 1116 591 1156 Magnes ad Arcton vſque vergit, haud ſecus
672 1147 745 1171 Mens
