888 1312
362 67 619 89 BAVDI
162 105 602 135 Mens ſubditorum dirigit mores ſuos
163 135 586 165 Ad inſtituta regulamque principis.
163 165 561 193 Natura noſtra, ſicut inſignes equi
164 194 598 223 Cemente fræno poſtulat ſeſe regi,
165 223 652 255 Sequax ſuapte ſponte, cum ductor viam,
165 252 663 284 Quam lege munit, haud gradu ſegni terit.
162 340 589 370 Vermitte fatis, prouidoque Numini
162 372 642 401 Quæcunque pectus exedunt curæ tuum.
162 400 566 429 Fat poteſtas & ſupremamens Dei
161 429 597 458 Rite aduocata ſpes ſecundat ſobrias,
161 460 533 483 Et ad beatos vota ducet exitus.
160 489 547 519 Nos inquieto penduli cupidine,
163 518 565 548 Quaſſive corda turbidis erroribus
163 547 560 571 In hocce triſti voluimur vitæ ſalo,
161 578 570 608 Velut carina quæ gubernali carens
161 608 582 631 Ventis & vndis debet atroces iocos,
162 635 610 667 ſtuque fertur huc & illuc; nec ſagax
163 666 622 696 Prodeſt magiſte, arſque vincitur malo,
163 696 598 725 Sic fluctuatur cœca gens mortalium,
161 726 743 756 Nunc ſub malorum faſce languens, nunc tumens
161 755 618 785 Succeſſu inani. nilque ſincerum trahit
159 785 618 814 Dum ſpe metuque continenter æſtuat.
159 815 611 845 At freta ſumm mens fauore Nummis
159 844 567 873 Secura temnit ſortis aſperæ minas:
160 873 576 903 Nec inſoleſcit capta mendaci bono
158 904 610 933 Eugacis auræ. ſemper obſequens fauet
159 933 651 963 Fortuna cœptis, queis adeſt author Deus,
420 981 538 1002 XI.
159 1022 560 1048 Raro diurnat, ac ſenectæ limitem
158 1051 697 1082 Vix tangit vnquam proſpero princeps gradu,
160 1080 591 1112 Qui ſe timeri quam vereri præcpit.
158 1109 588 1137 Infirmus obſes firmitatis eſt metus,
734 1142 832 1174 Qum
