888 1312
224 62 616 88 CNOM. IAMB. LIB.
83 108 556 139 Quem ſæpe vertit in furorem atrocitas,
84 138 463 168 Et incitatus contumeliis dolor.
84 166 570 196 At charitas perennat hæc regni eſt ſaius,
84 197 539 229 Hæc principum tutela præſens, nil ſibi
83 228 555 257 Concire purus integerque criminum,
84 258 480 289 Soloque fretus innocentiæ bono,
83 287 540 316 Terroris expers degit ac diſcriminum.
84 312 602 346 Non excubantum turba, non ſepemplici
84 346 458 378 Munita vaello foſſa non aheneæ
84 377 543 404 Turres & arces ſceleris vltorem Deum
84 406 527 436 Tardare poſſunt. dimouet cuſtodias.
83 436 539 466 Viamque vi molitur, & clautas fores
84 465 489 497 Irrumpit ictu fulminis potentius
84 496 483 529 Atrox Eryunnis, vltioque petfica.
85 584 496 620 Hirudo famæ peſtilens Calumnia
94 620 505 645 Tantum ſibi licere ſumit, vt viros
94 650 512 679 Mſorſu malgno decoleret optimos.
95 679 530 709 Vt vmbra ſemper eſt euntibus comes
94 709 491 732 In luce sſolis ſic adhæret hæc lues
84 736 545 768 e His qui decus rectrique ſectantur vias.
85 768 494 797 Fruatur ergo quiſque qui ſidit ibi
94 797 545 828 Famæ ſiniſtro errore: vix llivenit
95 828 513 857 Immune labis nomen ante funera.
96 857 532 886 Poſt tot labores ilii progn atus Ioue
96 886 566 912 Domitor ferarum, ſæuus, acer Hercules
96 916 516 945 Solo ſupremo fine liuorem malum
98 946 497 969 Senſit domari. donec in terris fuit
85 976 521 1006 Inuictus heros ſemper aut periculis,
98 1006 550 1035 Aut iuuidis obiecit aduerſum caput
356 1052 495 1073 III,.
85 1092 517 1124 Honoris illic eſſe præmium decet
101 1124 500 1153 Vbi inclytæ virtutis elucet iubar,
703 1155 769 1177 Hæe:
