888 1312
380 62 577 84 BAVDII
150 105 581 132 Hæc ſola dos, hic ambitus laudabilis,
144 135 571 165 Hæc vna merces qua curule fas ebur
150 165 526 193 Vænire. tali fetus auſpicio Cato
151 193 620 223 Deſcendit in campum petitor. hoc Bias
152 223 534 251 Cenſu beatus, vrbe direpta. nihil.
152 251 643 289 Quod victor aufert hoſtis, autumat ſuum.
417 299 529 320 4AAIV
146 352 640 381 Tranſierſa ſors acumen humanm rapit,
152 382 597 410 Ne delinata ſemper ex voto cadunt.
151 411 617 441 Non eſt quod ergo quiſpiam fidat nimis
150 441 559 472 Vigore mentis cuonſilique dotibus.
152 470 586 502 Namque ipſa parte vindicat ſibi ſias
151 500 534 527 Fortuna ſiue uvis perta cœlitum,
151 529 578 559 Ftique numen. hæc poteſtas ſubruit
152 559 628 589 Fnndoqs vertit ſæpe prudentum virum
153 588 573 611 Conſulta docta ne ferox mortalim
152 617 601 647 Mens inſoleſcat, immemorque ſit Dei.
419 674 536 695 V.
151 720 584 751 Fugit vlaptas, tamqe vel vſs e
150 751 627 780 Rerum bonarumqam fuit ſenss leuis
153 780 567 809 Vt herba ſolſtitialis occidit repens,
151 809 536 840 Sic fiuxa nobis gaudii ſeges perit.
152 840 551 864 Labuntur anni, nec volubilis dies
153 869 575 898 eruſque veſper aduehit mortalibus
139 899 682 929 Quidquam beatum quod ſit omnibus modis.
421 952 538 972 XIVI.
152 990 597 1025 Artes honore nut iuntur. hinc liquet
152 1021 539 1053 elice fato rem vigere publicam
131 1050 592 1081 Si dgna laus ſequat, & merces beet
146 1080 576 1109 Rectimagiſtros, & iruuentutis duces.
635 1116 801 1148 V1. victi
