888 1312
227 67 598 91 GNOII. IAMB. LIB. II.
358 124 488 144 XXXVII.
95 156 536 186 victi reſumunt arma quum fugacibus
87 186 509 213 Omnes ſalutis victor obſtruit vias.
87 215 588 248 Extrema cuncta tentat atque audet timor
87 246 474 275 Ad incitas redactus, ac periculis
87 275 533 305 Obiectat vltro prodigus ſui caput.
87 304 503 333 Hinc ſæpe fuſis ac fugatis hoſtibus
87 333 524 365 Redintegrauit priſtinas vires fuor:
95 364 527 393 Perque ipſa quæ vitarat inuadit viam
87 393 556 423 Bellis inaudax turba conſumpto metu.
87 423 469 455 Neceſſitatis aspra lex fac viros
87 452 501 483 Ignaua corde, spemque deſperatio
86 481 527 512 Ministrat ipse talibus Mauors fauet.
96 513 517 541 Ergo cauebit has verens rerum vices
96 541 556 570 Dux temperatus, cui cor & pectus ſapit,
87 570 500 599 Ne cæde lætus, & ferox ſucceſſibus
96 600 545 632 Hoſtes ſuabactos atque verſos in fugam
96 630 539 654 Proturbet omns se ſalutis, at modum
97 658 453 688 Felicitati ponat & ferri furens
97 687 557 716 Retundat ipſe acumen. hoc viros decet,
87 717 560 760 Hoc ſuadet vſus, flagitatque humanitas.
96 805 563 836 Prauo & proſano more gens mortalium
96 838 516 865 Incilat increpatque Naturæ Deum,
97 865 617 895 Quod multa voluant ſecla cornicum greges,
97 895 654 924 Ceruique, brutum, inglorium ac pauens pecus:
95 923 503 947 At ſanctiores natus ad curas homo
95 952 562 984 Vix pauca luſtra condat, ac vitam miſer
94 983 484 1006 Laborioſas inter ærumnas trahat.
86 1012 543 1041 Nec plebis imæ turba, sed prudentium
93 1042 546 1075 Flos, & propago gentis antiquæ virûm
96 1073 512 1096 Tales in aſtra cotumelias iacit
95 1101 535 1138 Mala & maligna ſortis interpres ſuæ
683 1131 749 1153 X 2 Satis
