888 1312
210 72 584 94 GOM. IAMB.LIB.II.
634 78 731 99 325
36 109 530 139 Adeſſe fatis. Codrus exemplum graue,
36 139 615 170 Deciuſque vterque præbet, haud ſegnes caput
32 169 531 203 Offerre letho pro bonis communibus.
34 264 552 302 Non lictor aut prætexta conſulem facit,
34 302 499 331 Sed nota virtus, & probata ciuibus
33 331 565 363 Fides egenum laude pectus haud capit
33 362 576 393 Tantos honores, tamq; perſonam grauem.
32 389 528 420 Curæ laboſque continenter incubant
32 421 528 450 Quibus tuenda creditur ppuli ſalus,
32 449 594 480 Rerumque ſumma. non oportet, non decet
28 480 518 509 Marcere ſomno pecus Atridæ ducis,
32 510 506 538 Cui paret vni mille nauium cohors.
29 538 466 570 Deo ſecundus audit & ſoliDeo
32 570 481 598 Subeſſe ceptri gloriatur arbiter.
31 594 569 628 OQui maria, terras bella, pacem temperat
28 627 468 659 Parere nulli ſuſtinet mortalium,
30 659 443 689 Arbitrioque fata diſpenſat ſuo
32 688 534 717 Vitæ neciſque. ius ſibi ſcriptum negat,
28 713 520 748 Apicemque maieſtatis infringi putat
28 746 583 775 Si iuſſa legum ſpectet, aut ſeruet modum.
30 776 498 805 Sed vt ſolutus iudicum viuat metu
31 805 566 833 Princeps ſupremus haud inultus auferet
30 833 509 865 Si ſancta temnat ſcita cleſtis fori.
32 865 524 895 Quo purpuratis plura regibus licent
27 889 528 926 Ho ſæuior vindicta ſontibus manet.
29 998 476 1032 Perire tempus omne deputet ſibi
29 1027 550 1061 Iuuerta quod non artibus bonis datur.
26 1061 501 1153 .
88 1062 525 1093 Vita eſt vigilia, mortis inſtar obtinet
639 1153 739 1173 . Pe
4 1162 42 1198 l
