888 1312
210 72 584 94 GOM. IAMB.LIB.II.
77 108 530 139 Adeſſe fatis. Codrus exemplum graue,
76 139 615 170 Deciuſque vterque præbet, haud ſegnes caput
77 169 531 203 Offerre letho pro bonis communibus.
77 265 552 302 Non lictor aut prætexta conſulem facit,
77 302 499 331 Sed nota virtus, & probata ciuibus
77 331 565 363 Fides egenum laude pectus haud capit
77 362 576 393 Tantos honores, tamq; perſonam grauem.
77 391 528 420 Curæ laboſque continenter incubant
77 420 528 450 Quibus tuenda creditur ppuli ſalus,
77 449 594 480 Rerumque ſumma. non oportet, non decet
77 480 518 509 Marcere ſomno pecus Atridæ ducis,
77 510 506 538 Cui paret vni mille nauium cohors.
77 538 466 570 Deo ſecundus audit & ſoliDeo
77 570 481 598 Subeſſe ceptri gloriatur arbiter.
77 594 569 628 OQui maria, terras bella, pacem temperat
77 627 468 659 Parere nulli ſuſtinet mortalium,
77 659 443 688 Arbitrioque fata diſpenſat ſuo
77 687 534 717 Vitæ neciſque. ius ſibi ſcriptum negat,
76 718 520 748 Apicemque maieſtatis infringi putat
77 746 583 775 Si iuſſa legum ſpectet, aut ſeruet modum.
76 776 498 805 Sed vt ſolutus iudicum viuat metu
77 805 566 833 Princeps ſupremus haud inultus auferet
77 834 509 865 Si ſancta temnat ſcita cleſtis fori.
77 864 524 895 Quo purpuratis plura regibus licent
77 894 528 926 Ho ſæuior vindicta ſontibus manet.
77 997 476 1032 Perire tempus omne deputet ſibi
77 1028 550 1061 Iuuerta quod non artibus bonis datur.
88 1062 525 1093 Vita eſt vigilia, mortis inſtar obtinet
77 1092 506 1131 .
