888 1312
302 87 523 118 BAVDII
139 191 660 221 Non ſnt vocanda noſtra quæ mutant heros
138 221 497 244 Caduca dona ſortis arbitrariæ.
140 251 610 280 Sed nec bonorum laude dignari decet
140 280 572 309 Quæ ſola vulgus credit & vocar bona.
138 308 634 337 Nam quidquid ex ſe nomen obtinet boni
139 338 551 368 Solis inhæret applicatque ſe bonis,
139 368 595 396 Quos & beatos reddit omnibus modis,
137 397 557 426 At cœcus ille Plutus inſignes viros
135 426 610 456 Plerumque tranſit, inque ſordes vrbium,
137 456 563 485 In carceres, in ſycophantas, in cruces
136 485 566 516 Impingit amens, copiaſque prodigit.
138 514 662 546 Non ſunt tamen ſpernenda diuum munera,
137 544 573 575 Vitatis inſtrumenta campus & eges
142 573 522 602 enignitatis. explicare ie nequit
140 602 555 633 Magnifica mens, & liberals indoles
141 631 551 663 Oppreſſa paupettatis anguſæ iugo
140 720 660 750 Quem Fama mendax immerentem prædica
142 748 525 780 Hic ſi ſagacis c btinet miicam ſalis
138 778 559 808 Rubebit ipſe lanud bu pidens ſuis.
141 808 527 837 Vento repletur inc: entiæ ſtupr
137 836 498 868 Cui perpes hæret æſtimatio ſu:
136 864 552 894 Faſtuqe turgen pectus ac faſticio.
139 895 592 924 Qua eſte non eſt quaippiam nocentius.
138 924 633 958 Donæque menti quod ſit aduerſum magis.
137 952 597 984 Pleriſque genius indoleſque non abeſt,
137 982 644 1017 Vnde indipiſci ſplendidum nomen queant.
138 1011 541 1041 Sed obſtat orſis arrogans amor ſui,
137 1041 626 1075 Quodque aſſtam ſe ſuperba gens putat
137 1071 552 1098 Non amplius labore enari ſtudet:
132 1099 484 1129 Sanare taſes ipſ ſi velit Salus
132 1127 584 1166 Fi pit hilum, qu penilæque fugi
703 1164 797 1190 Mori
