888 1312
370 78 557 100 BAVDII
141 118 591 144 Vltro miniſtrant verba, nec ſcientibus
139 149 591 179 Vnquam facultas deſit vnde proferant
139 179 499 208 In lucis oras cogitata pectoris.
140 208 541 239 Mens irrigata litterarum flamine,
133 237 556 267 Bonæque frugis plena ſemper vberi
141 267 619 295 Sermone manat, ſermo mentis eſt ſtylus,
138 298 580 327 Interpretiſque munus, a vicem gerit
136 327 542 356 Facunda lingua cuius inſigni bono
139 356 485 385 Seſc foras erumpit illa portio
126 386 564 415 Cœleſtis aræ perque plures diditur
134 415 579 446 Id quo feras excli humanum genus.
134 445 606 474 Non carminum vi, non ſono teſtudinis,
134 475 561 503 Lyræve pulſu mouit Amplion locis
134 504 553 533 Ignara ſaxa. traxit Orpheus arbores,
132 533 580 562 Molliuit vrſos, fluminum ſtitit fugam,
133 564 559 591 Et quæ licenter alia multa funditant
132 593 508 622 Priſci poetæ. ſed colorem fabulæ
132 622 583 650 Non inuenutum veritas ſinplex dedit,
132 653 578 682 Quod arte dextra vocis, atque viribus
131 682 599 713 Suadæ efſicacis horridam ſtitpem virûm
131 712 480 739 Vterque vates à ferinis ritibus
129 741 588 771 Humaniorem compulit cultum ſequi.
128 771 573 801 Nil tam potenter intimos ſerſus ciet,
126 800 562 830 Blandaque vi proſerpit in mentes. vti
120 829 556 855 FlexanimaPitho non valentia ratem
127 859 574 889 Nauclerus, arte ſed maiſtra temperat.
125 889 554 921 Sermo eruditus, eqae plenoectoris
125 918 562 942 Sinu redundans Aatte crudo fortius
124 947 560 978 Animos feroces fangit ac leni modo
123 976 629 1010 Compeſcit. hæc et Suada quæ gentes prius
123 1006 540 1039 Omni carentes more, ſedibus vagas.
122 1037 571 1070 Raproque ſuets viuere. & nihil nefs
120 1065 496 1098 Putare iura iuſſit ac fidem ſequi,
119 1095 584 1123 Tum conſttuta ciuitas, tum mœnibs
108 1124 559 1157 Munire cœpit oꝑppida humanuslabos
703 1163 767 1184 Tum
