888 1312
207 67 617 90 ;NOM. IAMB.LIB.II.
680 75 729 93 29
34 101 561 137 Tum ſcripta legum iura, quatum ſub iugo
64 137 460 167 Boni quieta pace forerent, mali
74 167 539 197 Malo cauerent: quoſque virtutis decor
75 196 658 227 Laudumque ſpes non tangit vt rectum colant,
76 227 512 256 Vis iuſta cogit atque refrænat metus.
360 286 441 305 LV.
76 323 471 346 Honos Prienes ille maximus Bias
70 353 596 382 Non perdit hilum, cuncta quum voti potens
76 382 544 412 Raptaret hoſtis, patriamque ab ſedibus
76 413 487 441 Erueret imis, neminique paceret.
77 442 541 472 Quid eſt Catoni quod Qiritium fauor
76 472 490 500 Donare poſſit, aut repu lſa dmere?
77 501 518 531 Sellas curule nempe defert aut negat
76 531 528 560 Sentina vulgi, ſed cor inuictum metu,
75 561 491 590 Fultu que vera laude fortitudinis,
71 591 526 624 Nec vis poteſt auferre, nec dono datur.
349 635 445 655 LVI.
67 672 524 696 Gentis vetuſtus ordo maiorum decus,
75 702 492 731 Et clara facta poſteris lucent facem,
75 732 478 761 Vt delitere nun ſit integrum bono
74 762 501 791 Parente naris ſiue virtutem colant,
76 791 520 819 Su degener propag e fœdet probris,
75 821 539 850 Tantoque culpa ſemper eſt conſpectior
75 851 546 881 Quo maior audit ille qui culpam meret.
349 894 453 926 XLVI.
28 942 553 971 Triplex ad omnem diſciplinam fert iter,
74 973 495 1002 atura nitens arte lectio frequens,
72 1002 479 1032 Et a peritis cunct ſirutandilabos.
73 1031 456 1053 i adbtarur ilie dicen di cber
57 1061 587 1091 Stylus n:c vrquam cl udat Heſperus diem
70 1092 578 1122 Qui ratio vit conſtet atque us probet
23 1121 468 1152 andaa chartu cura, pignus orii
667 1153 727 1176 Non
4 1155 50 1193 M
