<?xml version="1.0" encoding="UTF-8" standalone="no"?><PcGts xmlns="http://schema.primaresearch.org/PAGE/gts/pagecontent/2019-07-15" xmlns:xsi="http://www.w3.org/2001/XMLSchema-instance" xsi:schemaLocation="http://schema.primaresearch.org/PAGE/gts/pagecontent/2019-07-15 http://schema.primaresearch.org/PAGE/gts/pagecontent/2019-07-15/pagecontent.xsd"><Metadata><Creator/><Created>2022-04-20T11:50:33</Created><LastChange>1970-01-01T00:00:00</LastChange><Comments/></Metadata><Page imageFilename="0385.png" imageHeight="1312" imageWidth="888"><TextRegion id="r1" orientation="0.0" type="paragraph"><Coords points="1,1 886,1 886,1310 1,1310"/><TextLine id="l1"><Coords points="385,85 385,106 562,106 562,85"/><TextEquiv><Unicode/></TextEquiv><TextEquiv index="1"><Unicode>BAVDII</Unicode></TextEquiv></TextLine><TextLine id="l2"><Coords points="148,121 148,156 609,156 609,121"/><TextEquiv><Unicode/></TextEquiv><TextEquiv index="1"><Unicode>Non ſterilis atque inerts. à cuiis enim</Unicode></TextEquiv></TextLine><TextLine id="l3"><Coords points="605,157 150,156 150,182 232,185 605,185"/><TextEquiv><Unicode/></TextEquiv><TextEquiv index="1"><Unicode>Va cans ab ipſa morte nil direr ques.</Unicode></TextEquiv></TextLine><TextLine id="l4"><Coords points="577,187 511,185 147,185 147,212 577,212"/><TextEquiv><Unicode/></TextEquiv><TextEquiv index="1"><Unicode>Natura primas facile partes cbtinet.</Unicode></TextEquiv></TextLine><TextLine id="l5"><Coords points="150,215 150,243 628,243 628,215"/><TextEquiv><Unicode/></TextEquiv><TextEquiv index="1"><Unicode>Sed hancce nemo præſtat aut debet ſibi,</Unicode></TextEquiv></TextLine><TextLine id="l6"><Coords points="643,247 530,246 476,244 149,244 149,272 508,273 529,275 643,275"/><TextEquiv><Unicode/></TextEquiv><TextEquiv index="1"><Unicode>Dos atque cœli munus eſt mens perſpicax,</Unicode></TextEquiv></TextLine><TextLine id="l7"><Coords points="609,276 529,276 508,274 149,273 149,301 609,304"/><TextEquiv><Unicode/></TextEquiv><TextEquiv index="1"><Unicode>Me moria felix, prcmptus ingeni vigor.</Unicode></TextEquiv></TextLine><TextLine id="l8"><Coords points="626,306 398,303 150,303 150,331 626,331"/><TextEquiv><Unicode/></TextEquiv><TextEquiv index="1"><Unicode>Optanda ſors eſt fortibus naſci, &amp; bonis,</Unicode></TextEquiv></TextLine><TextLine id="l9"><Coords points="146,333 146,361 671,361 671,333"/><TextEquiv><Unicode/></TextEquiv><TextEquiv index="1"><Unicode>Ne quid parentum opprbria labis inferant</Unicode></TextEquiv></TextLine><TextLine id="l10"><Coords points="147,361 147,394 607,394 607,361"/><TextEquiv><Unicode/></TextEquiv><TextEquiv index="1"><Unicode>Flori iuuentæ ſpes &amp; infringant bonas:</Unicode></TextEquiv></TextLine><TextLine id="l11"><Coords points="760,394 148,394 148,422 160,422 163,420 353,420 524,423 760,423"/><TextEquiv><Unicode/></TextEquiv><TextEquiv index="1"><Unicode>Quanquam parentum opprobr a nil obſtant ptobis,</Unicode></TextEquiv></TextLine><TextLine id="l12"><Coords points="149,421 149,451 595,451 595,421"/><TextEquiv><Unicode/></TextEquiv><TextEquiv index="1"><Unicode>Qui corde prono ſacra virtutis colunr.</Unicode></TextEquiv></TextLine><TextLine id="l13"><Coords points="581,454 328,451 148,452 148,478 355,481 581,481"/><TextEquiv><Unicode/></TextEquiv><TextEquiv index="1"><Unicode>Honoris illud æquor omnibus patet,</Unicode></TextEquiv></TextLine><TextLine id="l14"><Coords points="607,484 533,484 450,481 146,481 146,508 607,508"/><TextEquiv><Unicode/></TextEquiv><TextEquiv index="1"><Unicode>Nec palma genere cenſet aur ſexu viros.</Unicode></TextEquiv></TextLine><TextLine id="l15"><Coords points="619,513 507,513 331,510 151,510 151,539 619,540"/><TextEquiv><Unicode/></TextEquiv><TextEquiv index="1"><Unicode>Sed merita ſpectat indolemque pectoris.</Unicode></TextEquiv></TextLine><TextLine id="l16"><Coords points="637,542 556,544 517,542 373,540 147,540 147,567 160,568 637,569"/><TextEquiv><Unicode/></TextEquiv><TextEquiv index="1"><Unicode>Laus publca eſt multoque plais intereſt</Unicode></TextEquiv></TextLine><TextLine id="l17"><Coords points="568,572 509,572 486,570 365,571 271,569 151,569 151,597 568,598"/><TextEquiv><Unicode/></TextEquiv><TextEquiv index="1"><Unicode>Sancte educari, quam geni feliciter.</Unicode></TextEquiv></TextLine><TextLine id="l18"><Coords points="595,603 590,602 148,598 148,626 269,628 595,628"/><TextEquiv><Unicode/></TextEquiv><TextEquiv index="1"><Unicode>Ergo adſit ars magiſtra naturæ bonis,</Unicode></TextEquiv></TextLine><TextLine id="l19"><Coords points="620,633 338,631 315,629 268,628 149,628 149,655 158,656 242,656 362,659 477,659 509,661 620,661"/><TextEquiv><Unicode/></TextEquiv><TextEquiv index="1"><Unicode>Rectiq e cultus. vnde magnarum ſeges</Unicode></TextEquiv></TextLine><TextLine id="l20"><Coords points="621,663 509,662 477,660 148,658 148,685 292,687 621,687"/><TextEquiv><Unicode/></TextEquiv><TextEquiv index="1"><Unicode>Fœcunda laudum ſurgit, &amp; famæ decus.</Unicode></TextEquiv></TextLine><TextLine id="l21"><Coords points="574,692 379,690 350,688 151,688 151,713 181,713 241,717 325,718 575,718"/><TextEquiv><Unicode/></TextEquiv><TextEquiv index="1"><Unicode>Famæ cupido ſubdit altis mentibus</Unicode></TextEquiv></TextLine><TextLine id="l22"><Coords points="639,718 628,718 626,720 618,722 550,722 378,718 150,718 150,744 155,744 160,747 175,748 236,748 242,745 253,745 315,747 398,747 474,750 639,750"/><TextEquiv><Unicode/></TextEquiv><TextEquiv index="1"><Unicode>NnIne ca car hæc Themiſtoclem veta</Unicode></TextEquiv></TextLine><TextLine id="l23"><Coords points="553,752 253,746 242,746 236,749 175,749 149,746 149,771 169,771 210,775 245,776 320,775 327,777 553,777"/><TextEquiv><Unicode/></TextEquiv><TextEquiv index="1"><Unicode>Vacare ſomno, gl riæ agrans ſitis</Unicode></TextEquiv></TextLine><TextLine id="l24"><Coords points="545,781 421,779 351,780 334,779 320,776 245,777 210,776 195,774 148,774 148,802 545,802"/><TextEquiv><Unicode/></TextEquiv><TextEquiv index="1"><Unicode>Poſtcema mentes eruditas deſerit.</Unicode></TextEquiv></TextLine><TextLine id="l25"><Coords points="534,835 471,835 413,833 414,845 414,854 534,854"/><TextEquiv><Unicode/></TextEquiv><TextEquiv index="1"><Unicode>VIII.</Unicode></TextEquiv></TextLine><TextLine id="l26"><Coords points="149,870 149,897 570,897 570,870"/><TextEquiv><Unicode/></TextEquiv><TextEquiv index="1"><Unicode>Aut appetendus eſst viro forti labos,</Unicode></TextEquiv></TextLine><TextLine id="l27"><Coords points="621,902 615,904 590,904 483,903 434,901 321,901 284,900 270,898 148,899 148,924 191,925 233,929 621,930"/><TextEquiv><Unicode/></TextEquiv><TextEquiv index="1"><Unicode>Aut deſcrendum laudis &amp; palmæ decus.</Unicode></TextEquiv></TextLine><TextLine id="l28"><Coords points="619,934 439,933 377,930 233,930 219,928 148,928 148,955 240,958 389,959 425,961 619,962"/><TextEquiv><Unicode/></TextEquiv><TextEquiv index="1"><Unicode>Non eſt enim non eſt pudentias ac prob</Unicode></TextEquiv></TextLine><TextLine id="l29"><Coords points="552,963 425,962 389,960 149,960 149,985 157,986 210,985 337,989 552,989"/><TextEquiv><Unicode/></TextEquiv><TextEquiv index="1"><Unicode>Vouere votis, &amp; per iganas preces</Unicode></TextEquiv></TextLine><TextLine id="l30"><Coords points="540,992 398,992 384,990 275,989 210,986 148,987 148,1013 540,1013"/><TextEquiv><Unicode/></TextEquiv><TextEquiv index="1"><Unicode>Ambire diuos. vt ſibi detur ſimul</Unicode></TextEquiv></TextLine><TextLine id="l31"><Coords points="147,1017 147,1050 534,1050 534,1017"/><TextEquiv><Unicode/></TextEquiv><TextEquiv index="1"><Unicode>Merces honoris, &amp; voluptas otii.</Unicode></TextEquiv></TextLine><TextLine id="l32"><Coords points="524,1065 522,1064 477,1064 431,1061 434,1073 434,1082 524,1082"/><TextEquiv><Unicode/></TextEquiv><TextEquiv index="1"><Unicode>I.</Unicode></TextEquiv></TextLine><TextLine id="l33"><Coords points="644,1098 388,1096 334,1094 148,1094 148,1122 158,1123 191,1123 282,1128 348,1129 644,1130"/><TextEquiv><Unicode/></TextEquiv><TextEquiv index="1"><Unicode>Plerosque prauo more tum demum pudet,</Unicode></TextEquiv></TextLine><TextLine id="l34"><Coords points="809,1134 801,1132 795,1127 697,1127 693,1130 684,1133 509,1133 428,1130 282,1129 240,1126 147,1126 147,1162 809,1162"/><TextEquiv><Unicode/></TextEquiv><TextEquiv index="1"><Unicode>Quu nil pudendum eſt. quum pudendum eſt mame,</Unicode></TextEquiv></TextLine><TextLine id="l35"><Coords points="692,1163 692,1197 809,1197 809,1163"/><TextEquiv><Unicode/></TextEquiv><TextEquiv index="1"><Unicode>Perdunt</Unicode></TextEquiv></TextLine><TextEquiv><Unicode/></TextEquiv></TextRegion></Page></PcGts>