888 1312
216 84 593 121 GNOM. IAMB. LIB II.
699 93 792 117 3I
33 125 525 161 Perdunt vereri, deeritque eos pudor.
33 202 467 238 Natura paruulo & patabili bono
33 228 488 268 Conten: a viuit. nil ſat eſt cpidini.
33 265 494 299 Qui voia nullo finit augendi modo,
31 288 530 327 Nunquam batus eſe vel diues poteſt
33 328 555 357 Nunquami indigebit ſorte qui lætus ſua
22 351 485 391 Spes laud auaras lege naturæ rsgit.
379 401 419 421 LI.
80 439 484 470 eglecta ſama negligentiam parit
83 470 507 500 it tis ipie ſimplicis recti decor
82 500 535 527 Qaniquam ſuo ie Marte deſendit ſatis,
82 529 535 560 Priuaque luce claret: at fiuſt tamen
82 558 487 586 lacere tendit hocce perue atu
83 589 529 617 Morum virûmque ni iuuer tutis iecur
83 617 522 647 lneſcet hamo laudi, aut opibus beet.
83 647 519 677 Pleroſque gratis eſſ: pœnitet prbos
84 677 516 705 Virtuſque ftiget abſque dote nec ſibi
86 705 599 736 Quemquam parare ſidum amatori poteſt.
86 737 504 765 Heu turp dctu, ſed fatenda veritas,
84 765 494 795 Qii est honelti qui vias velit ſequ
85 795 546 824 Mercede dempta qui decus facti putet
85 824 536 854 Feciſſe recte? lux honorum, ſpes lucri,
86 855 479 882 Non indoles virtutis ad ſeſe rapit
86 884 503 913 Humana corda pluris eſt auri nitor
84 912 610 946 Quam quidquid olim cor Catetis, aut Plato
84 943 517 972 iquere ſeclis æmulandum poſlteris.
376 998 431 1018 LII.
85 1037 499 1067 Vitam beati non habentiæ modus,
85 1067 497 1096 Opumque vis definit, at ſortis ſuæ
86 1096 596 1126 Contenta cenſu mens, & immunis probro
84 1126 487 1158 Dis eſt abunde qui patatu paruulo
657 1158 744 1182 Tradu-
1 1165 29 1199 M
