888 1312
365 76 547 100 BAVDII
140 116 621 146 Traducit æuum, pauca naturæ decens
139 146 562 176 Requirit vſus. at cupidinum fames,
139 176 618 205 Adſimilis iſtis quos aqua intercus tenet.
142 205 684 234 Tam creſcitaugeturque quam creſcunt bona.
142 235 575 265 Qui ſpes habendi fine nullo terminat
139 265 558 295 Inops manebi: inter aggeſtas opes.
140 295 571 324 At ille contta pauper eſſe nonpoteſt
140 324 605 353 Qui ſipplet æqua mente quod defit rei,
138 351 588 383 Nihilue votis poſcit amplius Deum.
133 442 577 473 Duæ Charybdes inquietant perpetim
136 472 526 501 Auram ſerenitatis, & vitæ ſtatum.
137 502 558 532 Cupido lucis atque formido necis:
138 532 616 563 Cui dum mederi incommodo ſeſe ſtudet
138 563 544 588 Humana mens innixa viribus ſuis,
137 591 623 622 Non luce fulgens. ſola quam donat fides:
139 621 585 650 In maius atque grauius incurrit nefas.
137 650 623 681 Quippe aggerando vita quas habaet cruces
137 679 572 708 Moleſtiaque, lucis hoc almum iubar
137 708 571 741 Abominatur optimumque prædicat
136 739 631 770 Nunquam extiriſſe, vel repente tetminum
136 766 553 800 Subire mortis atque de fungi malis.
135 798 704 831 Hoc Crantor hoc Chryſippus, hoc omnis ptobat
136 828 649 862 Grex Stoicorum nec repugnant quominus
134 856 587 889 Vitam peroſus quiſque conſciſcat ſibi
133 885 595 919 Lethum grauique ſanxit exemlo Cato
136 916 534 943 Sanæ parum decreta fortitudinis.
134 946 585 974 Verum Stagiræ alumnus, & dius Plato
133 974 584 1008 Diuerſa cenſent, nec viri fortis putant
134 1003 572 1038 Proiicere vitam, ſed malis vrgentbus
128 1035 599 1064 Opponere omni pectus inuictum metu.
131 1063 561 1097 Rupes vt vndis atque tem pe ſtatibus
124 1091 583 1126 Reſiſtit ingens ſic mares animos dece
125 1122 566 1156 Perſtare contra ſortis infeſtæ minas,
734 1161 803 1195 Nec
