888 1312
229 76 616 100 GNOM.IAMB.LIB. II.
722 83 755 102 323
38 112 529 150 Nec impias adferre fas ſibi manus
97 148 573 177 Abſque impetrato commeatu Numinis.
1 176 558 217 Rex iile ſmmus cunta qui nutu regit,
99 208 534 239 In hocce nos locauit ordine & gradu
38 226 473 266 Mortalis æui ne quis iniuſlu ſuo
37 264 529 296 Defugere partes auſit, aut cedat loco.
99 298 519 326 Satis virum ſe præbet, & conſtantiæ
97 328 607 357 Pnctum implet omne, qni relicturus capit
101 357 547 385 elluris almæ dona. quem vocantibus
45 386 498 417 Fats iuuat vixiſſe, nec mori piget
389 440 464 461 LIV.
96 480 595 510 Ruina morum non Catonis eſt probrum
97 510 530 538 Quod grex Quiritum detulit Varinio
35 518 519 569 Ebur curule. non homo pulſus fuit,
94 569 516 596 Sed ſpreta virtus ambitu ceſſit retro
34 592 527 628 Nil fract. nil deiecta, nec ſui minor.
92 629 490 659 Luget poteſtas ipſa dedecus ſuum
33 715 492 747 Indignitatem lux, & alta dignitas.
397 767 453 788 LV
1 795 547 837 Itſirma vincla caritatis ſunt minæ,
40 834 560 862 Sæuuſque terror quem ſimul remoueris
32 853 469 893 Odiſie perſtat & doloribus ſuis
32 893 455 923 Litare tendit qui timere deſiit,
380 940 446 961 LVI.
32 949 525 1007 Qui cordis intra ſepta concipit nefas
33 1006 503 1036 Etſi ſolutus ambulat legum metu,
32 1036 587 1067 Liberque vinclis, haud tamen pœna caret,
29 1066 512 1093 Dirus ſed illum rodit intus carnifex
90 1096 527 1126 Tacente morſu, perpetimq; turbidis
28 1125 544 1159 Mentem flagellant excitam pauoribus
662 1162 747 1191 Operta
