888 1312
229 76 616 100 GNOM.IAMB.LIB. II.
88 112 529 150 Nec impias adferre fas ſibi manus
97 148 573 177 Abſque impetrato commeatu Numinis.
88 176 558 212 Rex iile ſmmus cunta qui nutu regit,
99 208 534 239 In hocce nos locauit ordine & gradu
87 236 473 266 Mortalis æui ne quis iniuſlu ſuo
87 265 529 296 Defugere partes auſit, aut cedat loco.
99 298 519 326 Satis virum ſe præbet, & conſtantiæ
97 328 607 357 Pnctum implet omne, qni relicturus capit
95 356 547 385 elluris almæ dona. quem vocantibus
87 386 498 417 Fats iuuat vixiſſe, nec mori piget
389 440 464 461 LIV.
96 480 595 510 Ruina morum non Catonis eſt probrum
97 510 530 538 Quod grex Quiritum detulit Varinio
83 536 519 569 Ebur curule. non homo pulſus fuit,
94 569 516 596 Sed ſpreta virtus ambitu ceſſit retro
84 596 527 628 Nil fract. nil deiecta, nec ſui minor.
92 629 490 659 Luget poteſtas ipſa dedecus ſuum
84 715 492 747 Indignitatem lux, & alta dignitas.
397 767 453 788 LV
77 795 547 837 Itſirma vincla caritatis ſunt minæ,
77 834 560 862 Sæuuſque terror quem ſimul remoueris
77 862 469 893 Odiſie perſtat & doloribus ſuis
77 893 455 923 Litare tendit qui timere deſiit,
380 940 446 961 LVI.
77 968 525 1007 Qui cordis intra ſepta concipit nefas
77 1006 503 1036 Etſi ſolutus ambulat legum metu,
77 1036 587 1067 Liberque vinclis, haud tamen pœna caret,
77 1066 512 1093 Dirus ſed illum rodit intus carnifex
90 1096 527 1126 Tacente morſu, perpetimq; turbidis
77 1124 544 1159 Mentem flagellant excitam pauoribus
662 1162 747 1191 Operta
