888 1312
268 77 477 100 IAMBICA
77 106 491 144 oais reuinctus terga ciuilis furor.
77 143 558 173 Tunc me iuet ſtrepentis ad riuos aqu,
77 174 536 202 Fenctua labore publicis rebus ſuper,
77 202 476 231 Sacsare cantu niles ſama viros:
77 233 499 268 Quos inter haud iniuria primarium
77 262 532 292 Duo Hoſpitales agmen educent mihi,
77 293 484 321 Auus nepote dignus & nepos auo.
77 318 556 350 Nunc exulem me patrii & fundi & laris,
77 351 532 380 Iuuenem nec omni litteratura rudem,
77 380 476 410 Cultique ſictum diſciplina Lipſii,
77 410 515 439 Pauperculæ res non ſinunt emegere,
77 439 549 469 Dulceſque Muſas cord libro ſequi.
77 467 588 499 Nam dignitates atqueopes quod ſomniem
77 499 496 527 Im his ruinis Belgicæ nugas agam:
77 526 593 557 Quicumque apiſci rem fidemque ſe ſtudet,
77 558 468 586 Irrepit arte fictus aſſentiator aut
77 587 497 617 Irrumpit odio flagitator improbus.
77 617 558 646 Eſt qui clientum plebe. vique mutnerum
76 645 572 675 Coiruptor audax arcem Hlonoris inaolat.
76 674 620 705 is artibus nnquam imbui mentem meam,
77 704 475 727 Teneris ab annis educatusliberè
77 735 568 765 Cura patenitum. nil nouos mores moror,
76 765 534 794 Duplices ſiniſtros, falſimoniis graues.
77 795 552 828 Ac limes hic directus ad iucru tamen.
77 823 551 853 Nec plris omnem Gratiarum gratiam,
77 854 525 880 Lelandicæ aures & atauæ deputant
77 880 599 912 Cœnas inanes quàm genus Gnthonicum,
92 911 539 942 Sus margaritas, aut aſellus cymbalum.
76 939 570 971 Bonos proboſque non ibidem vnà traho
77 970 542 1000 Quos caritate ob raritatem proſequor,
77 996 641 1030 Prauis maliſque, quorum vbique ingens ſeges,
77 1029 536 1061 Labem hane inurit libera indignatio.
77 1060 455 1091 Ite Oiuuentus & labore inutili
77 1090 440 1122 Arate littus hocce literarrum,
77 1118 487 1153 Platoniciſque dcditi ſermonibus
654 1143 746 1167 Mollite
