888 1312
299 78 486 105 IAMBICA
710 81 749 103 345
47 120 507 158 Seris ſacrarunt Græculi nepotibus,
84 150 535 184 Lmphata mentis feriatæ pignora.
92 178 541 212 Sed hancce culpam ſeculi malignitas,
46 209 578 243 Non tu pater. non Muſicæ artes ſuſtinent.
44 238 615 269 Neceſſitati obtemperandum, & quo trahunt
45 269 585 304 Retrahuntque fata forti eundum pectore.
85 298 618 333 Tua conoquenda triſtitas hæc temporum,
45 329 534 360 Dum veſper olim candidos grata vice
45 357 566 386 Soles reducat. lex data hæc mortalibus
45 388 506 419 Dolere &angi nec voluptas euenit
92 412 631 451 Quam non ſequatur protinus mœror comes.
46 448 533 477 Olle felx rer quaterque, cui datum
47 475 649 512 Sruare menterm ſorte in omni æquabilem,
48 506 506 531 Venec ſcundis inſoleſcat neſcius
42 531 523 572 Fallacis auræ nec alis deſpondeat
48 566 561 597 Spem perpuare doctus humanas vices
46 593 528 629 Sed pecco, vir verende, pecco largiter
77 624 585 658 In publicam rem. ciuiumque commoda,
86 655 588 685 Qod hiſce longis te morer ſermonibus.
48 685 527 717 Iamque ore pueſſo me Silentii pater
47 714 507 755 Iubei ſilere, pareo, tantum eſt: vale
306 765 533 792 Iano Lerutis aptio.
101 810 523 838 Poeta delicate, præ quo nec Venus
51 837 550 868 Venuſta, gratæ nec mihi ſunt Gratiæ
104 869 560 897 Nnm verus atures perculit rumor meas,
53 897 561 926 Te carcere ehenpeſſumo acteterrumo
47 922 569 963 Clauſum attineri? vanus vt ſpero, timor
103 954 598 987 Turbauit ægrum amore pectus. haud ſinat
104 983 622 1015 Phœbus, nouemque virgines tantum nefas,
105 1013 627 1046 Chariſque trina: verum idem qui obnuntiet
106 1045 540 1068 Oculatus auctor hæſitare vltra vetat.
106 1074 547 1105 Quid nunc dolores, care Lernuti, tuos
55 1104 518 1134 Solandus ipſe ſoler? attamen decet
2 1134 572 1170 Expromere altam mentis indolem tuæ:
667 1157 767 1190 vitique
512 1165 567 1188 Y5
