888 1312
299 78 486 105 IAMBICA
84 120 507 154 Seris ſacrarunt Græculi nepotibus,
85 150 535 184 Lmphata mentis feriatæ pignora.
92 178 541 212 Sed hancce culpam ſeculi malignitas,
85 209 578 243 Non tu pater. non Muſicæ artes ſuſtinent.
85 238 615 269 Neceſſitati obtemperandum, & quo trahunt
84 269 585 303 Retrahuntque fata forti eundum pectore.
85 298 618 333 Tua conoquenda triſtitas hæc temporum,
84 329 534 360 Dum veſper olim candidos grata vice
85 357 566 386 Soles reducat. lex data hæc mortalibus
85 388 506 419 Dolere &angi nec voluptas euenit
92 412 631 451 Quam non ſequatur protinus mœror comes.
85 448 533 477 Olle felx rer quaterque, cui datum
85 474 621 510 Sruare menterm ſorte in omni æquabilem,
85 506 506 531 Venec ſcundis inſoleſcat neſcius
85 535 523 569 Fallacis auræ nec alis deſpondeat
84 566 561 597 Spem perpuare doctus humanas vices
85 594 528 628 Sed pecco, vir verende, pecco largiter
85 624 585 658 In publicam rem. ciuiumque commoda,
86 655 588 685 Qod hiſce longis te morer ſermonibus.
85 685 527 717 Iamque ore pueſſo me Silentii pater
85 714 507 754 Iubei ſilere, pareo, tantum eſt: vale
306 765 533 792 Iano Lerutis aptio.
101 810 523 838 Poeta delicate, præ quo nec Venus
93 837 550 868 Venuſta, gratæ nec mihi ſunt Gratiæ
104 869 560 897 Nnm verus atures perculit rumor meas,
93 897 561 926 Te carcere ehenpeſſumo acteterrumo
93 925 569 958 Clauſum attineri? vanus vt ſpero, timor
103 954 598 987 Turbauit ægrum amore pectus. haud ſinat
104 983 622 1015 Phœbus, nouemque virgines tantum nefas,
105 1013 627 1046 Chariſque trina: verum idem qui obnuntiet
106 1045 540 1068 Oculatus auctor hæſitare vltra vetat.
106 1074 547 1105 Quid nunc dolores, care Lernuti, tuos
93 1104 518 1134 Solandus ipſe ſoler? attamen decet
93 1134 572 1170 Expromere altam mentis indolem tuæ:
667 1157 767 1190 vitique
