888 1312
401 67 556 89 BAVDII
143 104 542 134 Domuitionem parte paulla de tuo
141 133 560 163 Potes paciſci: quid grauare? dedecet
143 165 573 195 . rugo vatem. nec fames auri cadit
146 193 622 224 In pectus altum qod ſupra vulgus ſapit.
142 225 661 253 Tum computato non quid expendas modo,
141 253 635 282 Sed quid viciſſim compares. vile eſt nimis
141 284 628 314 Argentum, ei quo dia Libertas poteſt.
141 314 711 345 Hanc nunc emendim nam quod immunis putes
141 342 507 372 Abire, prorſus te fefelleris ſpei.
141 371 539 400 Fauens & æquus aud ias oraculum
139 402 462 430 Apollinari dictione verius,
141 431 660 462 Quamuis nec omen præpetis pennæ ſciam,
140 463 572 492 Nec rerum operta curioſus aucuper
139 491 515 515 Barbatus iile harbarus otitius
140 522 588 553 Non pluris omnes Muſicas artes facit,
140 551 672 582 Quam bruta ſus Minerual aur aſinus lyram.
140 581 526 606 Auri metallinon inani carmine
139 610 532 641 Placandus iſte lartialis luppiter.
140 638 523 672 Offa vſus, inquam huic argentea
139 669 610 703 Vt iſtam Auerni ſaluus euadas domum.
139 699 602 733 Nec eſt ope hic ab extera quod pendeas,
137 731 615 760 Mentemque vanis ſpe ibus lactes tuam:
137 759 671 787 Quippe huius omnes ſeculi ortem obtinent
135 789 663 821 Malum & moleſtum quiſque iactanter feret
135 818 563 852 Vicem tuam dolere, nec parcet queri
134 848 601 881 Morum ſuper ſiniſtritate actemporum:
134 879 497 905 Sed nemo vli iuuerit eruncio
134 909 599 939 Cum in rem venire poſtulat neceſſitas.
133 937 607 970 Hæc ſunt ad iſtum ſicuti loquor, m odum
133 968 574 1001 Quod comperiſſe forſan ipſa re potes.
132 997 551 1024 Nempe vniuerſus orbis hiſtrioniam
129 1026 571 1057 Ex diſciplina auctoris Hetruſci colit,
130 1056 657 1091 Aliudque lingua promitatque intus premit.
130 1086 527 1122 Ergo cauebis hæc videns ludibria
129 1115 567 1150 Bebus caducis fidere atque inanibus
707 1152 780 1174 Deo.
