888 1312
288 77 476 110 IMBICA
698 80 742 99 349
47 115 489 146 Deo litandum conſcientiæ bonæ,
90 145 581 175 Virtutuabemus:quod ſuperſit relliquum
40 175 532 204 Fors cœca veiſat vt pilam volulem,
85 205 526 235 Maloſque donis auget euertit bonos,
1 220 529 260 Illos honore, hos mactat infortunio,
42 265 540 295 Ludoſqvueludere inſolentes perpetrat
41 293 502 324 Procax.ſuperba. nulliuſque conſili.
4 314 488 351 Nunc alta rerum tollit ad faſtigia
41 352 529 383 Mortale corpus ex humillimogradu,
94 382 558 414 Nunc ſeruitnte damnat illuſtres domos
41 389 507 446 Suctas perbis imperare gentibus.
1 440 546 476 Hic ordo rerum, hæc voluitur viciſſitas
96 471 596 501 Mguum per bem: ſed ſaga vit ordinat,
41 496 536 535 Suamque fabricat ipſe fortunam ſibi.
42 530 524 562 Donat quid illa?gratus accipit nihil
44 560 518 594 Votis laeſſens non virilibus deam.
44 589 571 619 Datum repoſciti haud reſignare abnegat
44 616 478 651 Quod lege poſſidebat arbitraria,
44 648 575 686 Nn ite certorpermanens enim bonum
49 677 550 709 Nec sors habet fortuna nec poteſi dare
99 707 625 737 Varians va ganſque. tale ad exemplum decet
39 731 609 767 Formare vitam quiſquis hoc ritu ſapit,
1 766 523 815 egnat regitque regna ſortis tex ſui.
190 811 647 842 Ad Ludouicum Tranſaquanum, & Leuinun
348 845 475 872 Maiiſium
104 879 511 907 Non vos beatum dixeritis, O boni,:
103 910 566 942 Vitum nitente conſpicandum purpura
46 941 517 970 Qui principats eſuritor impotens
47 970 545 998 Multa clientum plebe ſtipatus tumet,
105 999 510 1029 Vi:tutis vmbra glorious re carens.
50 1029 552 1056 Non ſi ter altum Caroli magni geus,
49 1057 542 1089 Gentemque iactet vltimia ex origine.
65 1085 596 1118 Nec ſi quod aruum Scquanæ ſlmen lauit
50 1115 548 1148 Flauente lympha ſaltibus claudat ſui
635 1148 756 1176 Opumqus
