888 1312
288 77 476 110 IMBICA
89 115 489 146 Deo litandum conſcientiæ bonæ,
90 145 581 175 Virtutuabemus:quod ſuperſit relliquum
89 175 532 204 Fors cœca veiſat vt pilam volulem,
89 205 526 235 Maloſque donis auget euertit bonos,
88 234 529 260 Illos honore, hos mactat infortunio,
89 265 540 295 Ludoſqvueludere inſolentes perpetrat
89 293 502 324 Procax.ſuperba. nulliuſque conſili.
89 323 488 351 Nunc alta rerum tollit ad faſtigia
89 352 529 383 Mortale corpus ex humillimogradu,
94 382 558 414 Nunc ſeruitnte damnat illuſtres domos
89 412 507 446 Suctas perbis imperare gentibus.
89 440 546 473 Hic ordo rerum, hæc voluitur viciſſitas
96 471 596 501 Mguum per bem: ſed ſaga vit ordinat,
89 500 536 532 Suamque fabricat ipſe fortunam ſibi.
89 530 524 562 Donat quid illa?gratus accipit nihil
89 560 518 591 Votis laeſſens non virilibus deam.
89 589 571 619 Datum repoſciti haud reſignare abnegat
89 619 478 651 Quod lege poſſidebat arbitraria,
89 648 575 680 Nn ite certorpermanens enim bonum
89 677 550 709 Nec sors habet fortuna nec poteſi dare
99 707 625 737 Varians va ganſque. tale ad exemplum decet
89 736 563 767 Formare vitam quiſquis hoc ritu ſapit,
89 766 523 804 egnat regitque regna ſortis tex ſui.
190 811 647 842 Ad Ludouicum Tranſaquanum, & Leuinun
348 845 475 872 Maiiſium
104 879 511 907 Non vos beatum dixeritis, O boni,:
103 910 566 942 Vitum nitente conſpicandum purpura
89 941 517 970 Qui principats eſuritor impotens
89 970 545 998 Multa clientum plebe ſtipatus tumet,
105 999 510 1029 Vi:tutis vmbra glorious re carens.
89 1029 552 1056 Non ſi ter altum Caroli magni geus,
89 1057 542 1089 Gentemque iactet vltimia ex origine.
89 1085 596 1118 Nec ſi quod aruum Scquanæ ſlmen lauit
89 1116 548 1148 Flauente lympha ſaltibus claudat ſui
635 1148 756 1176 Opumqus
