<?xml version="1.0" encoding="UTF-8" standalone="no"?><PcGts xmlns="http://schema.primaresearch.org/PAGE/gts/pagecontent/2019-07-15" xmlns:xsi="http://www.w3.org/2001/XMLSchema-instance" xsi:schemaLocation="http://schema.primaresearch.org/PAGE/gts/pagecontent/2019-07-15 http://schema.primaresearch.org/PAGE/gts/pagecontent/2019-07-15/pagecontent.xsd"><Metadata><Creator/><Created>2022-04-20T12:44:55</Created><LastChange>1970-01-01T00:00:00</LastChange><Comments/></Metadata><Page imageFilename="0405.png" imageHeight="1312" imageWidth="888"><TextRegion id="r1" orientation="0.0" type="paragraph"><Coords points="1,1 886,1 886,1310 1,1310"/><TextLine id="l1"><Coords points="405,56 405,79 568,79 568,56"/><TextEquiv><Unicode/></TextEquiv><TextEquiv index="1"><Unicode>BAVDIT</Unicode></TextEquiv></TextLine><TextLine id="l2"><Coords points="596,94 150,94 150,124 368,124 404,122 473,124 596,124"/><TextEquiv><Unicode/></TextEquiv><TextEquiv index="1"><Unicode>Opumque vi certare vel Cræſo queat</Unicode></TextEquiv></TextLine><TextLine id="l3"><Coords points="520,125 369,124 323,126 252,124 159,124 149,125 149,152 520,153"/><TextEquiv><Unicode/></TextEquiv><TextEquiv index="1"><Unicode>He reditates aptus eetiſiimas.</Unicode></TextEquiv></TextLine><TextLine id="l4"><Coords points="612,153 563,153 554,155 346,154 315,156 290,155 258,156 214,153 148,153 148,180 166,181 175,184 376,182 400,182 417,184 612,184"/><TextEquiv><Unicode/></TextEquiv><TextEquiv index="1"><Unicode>Non ge za amque, noa honor lubrici</Unicode></TextEquiv></TextLine><TextLine id="l5"><Coords points="527,186 524,185 417,185 400,183 376,183 264,184 256,186 186,186 175,185 170,183 148,183 148,211 527,212"/><TextEquiv><Unicode/></TextEquiv><TextEquiv index="1"><Unicode>Quo. (a plbis æſiuo orfeto</Unicode></TextEquiv></TextLine><TextLine id="l6"><Coords points="219,242 380,241 519,242 519,213 285,213 278,214 275,216 243,216 225,213 149,212 139,213 139,244 195,244"/><TextEquiv><Unicode/></TextEquiv><TextEquiv index="1"><Unicode>Defert &amp; a frt fotte eſultoria:</Unicode></TextEquiv></TextLine><TextLine id="l7"><Coords points="650,243 219,243 195,245 179,244 146,245 146,270 650,271"/><TextEquiv><Unicode/></TextEquiv><TextEquiv index="1"><Unicode>Placat tumulru menris &amp; cutas graues,</Unicode></TextEquiv></TextLine><TextLine id="l8"><Coords points="568,275 564,274 462,272 146,271 146,299 223,301 568,301"/><TextEquiv><Unicode/></TextEquiv><TextEquiv index="1"><Unicode>Sitimue ſedant i probi cupidinis:</Unicode></TextEquiv></TextLine><TextLine id="l9"><Coords points="528,303 515,302 144,301 144,322 528,322"/><TextEquiv><Unicode/></TextEquiv><TextEquiv index="1"><Unicode>Non veſtis Afro deſibuta murice</Unicode></TextEquiv></TextLine><TextLine id="l10"><Coords points="582,331 144,331 144,358 232,360 582,361"/><TextEquiv><Unicode/></TextEquiv><TextEquiv index="1"><Unicode>Deducit ægris ardidam febrim, neque</Unicode></TextEquiv></TextLine><TextLine id="l11"><Coords points="524,362 143,360 143,388 524,390"/><TextEquiv><Unicode/></TextEquiv><TextEquiv index="1"><Unicode>Sacer tiara nubilam mœroribus</Unicode></TextEquiv></TextLine><TextLine id="l12"><Coords points="579,390 142,390 142,418 579,418"/><TextEquiv><Unicode/></TextEquiv><TextEquiv index="1"><Unicode>Frontem ſrenat. non potentiæ decus</Unicode></TextEquiv></TextLine><TextLine id="l13"><Coords points="552,421 163,419 142,421 142,447 552,448"/><TextEquiv><Unicode/></TextEquiv><TextEquiv index="1"><Unicode>b im minentc liberat fato vir:im,</Unicode></TextEquiv></TextLine><TextLine id="l14"><Coords points="712,450 710,449 599,448 590,451 481,451 144,448 144,478 712,479"/><TextEquiv><Unicode/></TextEquiv><TextEquiv index="1"><Unicode>Quem foſſa triplex armitumque ambit globus.</Unicode></TextEquiv></TextLine><TextLine id="l15"><Coords points="215,507 549,509 549,480 494,481 439,479 144,479 144,509 198,510"/><TextEquiv><Unicode/></TextEquiv><TextEquiv index="1"><Unicode>Quin vt tubente dextera Dieſpiter</Unicode></TextEquiv></TextLine><TextLine id="l16"><Coords points="613,508 601,508 597,510 216,508 198,511 142,510 142,531 613,531"/><TextEquiv><Unicode/></TextEquiv><TextEquiv index="1"><Unicode>Vibrans ab alto vim coruſcam fulminis</Unicode></TextEquiv></TextLine><TextLine id="l17"><Coords points="143,538 143,568 593,568 593,538"/><TextEquiv><Unicode/></TextEquiv><TextEquiv index="1"><Unicode>Plerumque vaſtas ilices ſternit ſolo,</Unicode></TextEquiv></TextLine><TextLine id="l18"><Coords points="143,568 143,597 648,597 648,568"/><TextEquiv><Unicode/></TextEquiv><TextEquiv index="1"><Unicode>Ventirſque montes obui am præbent latuss</Unicode></TextEquiv></TextLine><TextLine id="l19"><Coords points="144,597 144,626 545,626 545,597"/><TextEquiv><Unicode/></TextEquiv><TextEquiv index="1"><Unicode>Sic altio ruina præluſtres domos</Unicode></TextEquiv></TextLine><TextLine id="l20"><Coords points="543,630 142,626 142,653 155,653 161,656 543,659"/><TextEquiv><Unicode/></TextEquiv><TextEquiv index="1"><Unicode>Afflgit, atque ſub. it caſu graui.</Unicode></TextEquiv></TextLine><TextLine id="l21"><Coords points="564,659 506,661 442,661 402,658 140,657 140,684 150,685 564,686"/><TextEquiv><Unicode/></TextEquiv><TextEquiv index="1"><Unicode>Frgalitatem quiſquis auream colit,</Unicode></TextEquiv></TextLine><TextLine id="l22"><Coords points="516,689 143,687 143,712 193,715 287,715 315,717 516,717"/><TextEquiv><Unicode/></TextEquiv><TextEquiv index="1"><Unicode>Voutque fines lege naturæ regit</Unicode></TextEquiv></TextLine><TextLine id="l23"><Coords points="581,715 564,715 562,717 554,719 444,719 404,717 315,718 287,716 143,715 143,742 221,745 581,745"/><TextEquiv><Unicode/></TextEquiv><TextEquiv index="1"><Unicode>Illum nec vnda turbidi gtauat maris,</Unicode></TextEquiv></TextLine><TextLine id="l24"><Coords points="538,749 476,748 431,749 360,748 338,746 221,746 190,744 140,744 140,772 144,773 216,773 273,775 538,775"/><TextEquiv><Unicode/></TextEquiv><TextEquiv index="1"><Unicode>Nec ſol adu:it fulguranti lampade</Unicode></TextEquiv></TextLine><TextLine id="l25"><Coords points="602,774 593,774 582,778 538,779 461,777 307,777 272,775 142,774 142,802 258,803 318,806 602,806"/><TextEquiv><Unicode/></TextEquiv><TextEquiv index="1"><Unicode>Cautè volantem ſyderum tracta procul,</Unicode></TextEquiv></TextLine><TextLine id="l26"><Coords points="591,809 318,807 258,804 137,804 137,832 320,835 591,835"/><TextEquiv><Unicode/></TextEquiv><TextEquiv index="1"><Unicode>Limoque &amp; imo teræ inertis per viam</Unicode></TextEquiv></TextLine><TextLine id="l27"><Coords points="576,838 447,838 319,835 138,835 138,861 324,865 576,865"/><TextEquiv><Unicode/></TextEquiv><TextEquiv index="1"><Unicode>Nec eminentem ſummitate præcipi,</Unicode></TextEquiv></TextLine><TextLine id="l28"><Coords points="569,868 378,867 269,864 138,864 138,891 289,894 569,894"/><TextEquiv><Unicode/></TextEquiv><TextEquiv index="1"><Unicode>Nec humilitate deſpitabilem nimis.</Unicode></TextEquiv></TextLine><TextLine id="l29"><Coords points="658,894 614,894 610,896 601,897 563,896 544,898 366,897 288,894 135,894 135,921 223,921 241,923 347,924 383,926 658,926"/><TextEquiv><Unicode/></TextEquiv><TextEquiv index="1"><Unicode>Spes immodeſtas terret exemplo hfd leu</Unicode></TextEquiv></TextLine><TextLine id="l30"><Coords points="481,927 383,927 240,923 136,923 136,951 207,951 253,953 481,953"/><TextEquiv><Unicode/></TextEquiv><TextEquiv index="1"><Unicode>Dialis ille auriga ſolaris rotæ,</Unicode></TextEquiv></TextLine><TextLine id="l31"><Coords points="611,954 529,954 519,957 456,957 420,955 314,956 285,954 137,954 137,980 207,980 344,985 611,985"/><TextEquiv><Unicode/></TextEquiv><TextEquiv index="1"><Unicode>Fontoque noien qui dedit uauifiagus</Unicode></TextEquiv></TextLine><TextLine id="l32"><Coords points="537,987 344,986 240,982 136,982 136,1008 249,1012 312,1012 328,1014 537,1014"/><TextEquiv><Unicode/></TextEquiv><TextEquiv index="1"><Unicode>Ales pateæ cautonis negligens.</Unicode></TextEquiv></TextLine><TextLine id="l33"><Coords points="546,1017 442,1018 416,1016 346,1016 312,1013 135,1012 135,1038 282,1042 546,1042"/><TextEquiv><Unicode/></TextEquiv><TextEquiv index="1"><Unicode>Contentione ptincipis loci emus</Unicode></TextEquiv></TextLine><TextLine id="l34"><Coords points="558,1046 433,1045 417,1046 367,1044 311,1044 281,1042 134,1040 134,1068 172,1068 226,1071 286,1071 317,1073 558,1073"/><TextEquiv><Unicode/></TextEquiv><TextEquiv index="1"><Unicode>Mere periuit, Romuluſque Martiæ</Unicode></TextEquiv></TextLine><TextLine id="l35"><Coords points="559,1076 433,1076 390,1074 317,1074 286,1072 131,1071 131,1102 145,1102 152,1098 203,1098 309,1101 329,1103 559,1103"/><TextEquiv><Unicode/></TextEquiv><TextEquiv index="1"><Unicode>EFundatr vrbis morte codigna luit</Unicode></TextEquiv></TextLine><TextLine id="l36"><Coords points="621,1101 617,1101 613,1104 605,1106 426,1105 350,1103 341,1108 335,1108 328,1103 239,1100 150,1100 145,1103 131,1103 131,1131 149,1131 155,1128 270,1129 275,1131 621,1131"/><TextEquiv><Unicode/></TextEquiv><TextEquiv index="1"><Unicode>âs ome :uotum ſlere fraternæ necis.</Unicode></TextEquiv></TextLine><TextLine id="l37"><Coords points="808,1133 787,1134 782,1131 768,1129 718,1128 718,1170 809,1170"/><TextEquiv><Unicode/></TextEquiv><TextEquiv index="1"><Unicode>o</Unicode></TextEquiv></TextLine><TextEquiv><Unicode/></TextEquiv></TextRegion></Page></PcGts>