888 1312
368 54 625 83 BAVDII
161 94 607 124 Infamis aulæ, quæ tot excidio graui
161 124 577 154 Demerſit vrbes, tot viros aborbuit
163 154 586 183 Ad nauigantes hæc licentius freta.
163 184 657 213 Vobiſcum, amici. par ad antiquam fidem
163 213 644 243 Votis paciſcor degre ætatem vt queam
165 242 563 272 Procul periclis ambituq; feruidas
165 273 681 302 Torquente ments optimatum: ſic tamen
165 301 545 329 Ne pattiæ meiſq; deſim. neu ſitu
162 332 666 363 Patiar putrere, quantulurmcumq; exſequi
164 359 589 391 Vel arte poſſum vel labore. ſit mihi
163 389 616 418 Quod potulanti pauca vitæ erit ſatis,
162 418 577 448 Sit in ſalubri orpore ac valentulo
162 448 598 478 Quieta mens& acquieſcens in Deo.
161 478 588 508 Quem largiora flagitare non pudet
160 506 714 541 Præſens malum meretur, & magnam crucem.
159 537 594 569 Homoq; natus homine ſpirat altius.
159 567 631 597 Hæc meta voti eſt, ſi quid auctari vicem
158 595 585 627 His addet alta Numinis benignitas,
159 624 592 653 Libens reſignem, ne tot elatus bonis
159 653 567 686 Cœleſte lumen à mei cura putem
160 682 678 716 Subtraxe vultum: gratus amplectar tamen
157 713 639 743 Diuina dona, comprecans mentem mihi
156 743 581 771 Intelligentem ſortis humanæ dari.
334 785 611 810 Ad Ludouicu Seruinum
153 820 539 851 Seruine, delibate flos facundiæ,
152 850 586 884 Præſens vtrimq; res reoſq; lancibus
150 880 653 914 Appendere æquis inter & præceps vadum
151 909 528 939 Rigoris, & vaſtos ſinus licentiæ,
152 939 646 975 Quod melius æquiuſque, flexim perequi
151 968 591 1000 Nimis libenter, d patronorum decus,
150 999 581 1029 Aures meæ bibere ſermonem tuum,
150 1026 598 1060 Tinctum leporis atq doctrinæ notis,
149 1057 621 1092 Qu reprehendere auſus cs gentis ſacræ
144 1086 584 1119 lin Ilidecoram, futils & ambitus,
695 1128 790 1158 Ludoſq;
