888 1312
717 60 754 79 S
252 61 570 88 IAMBICA
92 101 522 135 Ludoſq; atroces re ſuper vaniſſima.
41 129 486 163 Si non veremur ore libero loquii
3 160 571 192 Duæ crearunt hoc malæ peſtes malum,
42 190 566 224 Ingens opum vis & prounda gloriæ
42 219 548 253 Cupido quæ as omne vertit ac nefas.
94 250 480 276 Ita eſt. ab iſtis orta fontibus Iues
1 276 536 310 Ieruertit omnem diſciplinam ſeculi,
43 307 520 341 Moreſq; tabis inſtar afflauit bonos.
95 335 527 368 Terris teceſſit priſca ſanctitas, ſimu
97 365 568 400 Opes honori aſta paupertas probro
44 393 577 431 Cœpta eſt haberi crcbruitq; mos malus
98 424 556 453 Cenſere cenſu, haud innocentia viros.
44 454 530 487 Hinc impudicus impudenſq; ſannio
98 485 521 511 ellure matrc natus & Pluto patre
2 512 510 546 Fructus potitur debitos induſtriis,
51 542 522 571 Virtute nulla nixus aut famæ boo,
44 570 547 606 Sed qua Philippus arte vectes vrbium
97 600 471 635 Portaſq; diſfindebat, ille flagiti
96 629 512 662 Pretioſus emptor, aureiſq; retibus
97 660 477 692 Gentes opimas efficax piſcarier.
100 685 627 724 Quod ſi hoc piaculo Clerus immunis foret,
98 722 504 753 Vnoſq; culpa Seculares tangeret:
100 744 622 785 Quanuam graue illud, atq; cenſura graui
41 775 602 815 Neſas notandum concoqui poſſet tamen:
100 805 521 842 Nec more adultas prauitates irritis
41 837 503 885 Exaſperare queſtibus ſani putem
102 860 561 900 Sed quis poreſt videre quis poteſt pati
99 896 512 922 Deo dicatos, & Sacerdotum genus
100 920 550 958 Apprimè in iſta deprehendi infamia?
100 950 533 988 Quos addecebat cæteris mortalibus
40 982 471 1025 IL,ucere vitæ caſtimonia facem,
100 1004 634 1044 Hi munda turpant omnia immundis modis
99 1039 566 1074 Mundum peroſi, vir proſeſſus ſpernere
100 1068 567 1104 Legem maritar polluit ſtupris domus,
101 1096 574 1134 thamq; prole nuptijs conglutinat
691 1121 770 1145 Comii
494 1129 547 1146 2
6 1132 41 1170 l
