888 1312
849 45 886 73 M.
251 68 559 94 IAMCA
689 70 736 88 E
1 106 530 142 At me parentum inſaniens prudentia
42 136 530 167 Primis ab annis ſimplici recto imbuit,
41 168 529 198 Et colere adegit opere magno litteras
42 196 488 230 Inutiles: quid namque cultori ſuo
42 225 542 260 Tulere præter ingeni plauſum & leues
80 254 540 291 Famæ ſuſurros, ſomnia vmbræ. fabulas?
81 284 529 315 Num iuſculo vtor vnctiuſculo magis?
80 310 590 344 Num dextra nummograuior ac propenſior
43 340 575 374 Domum rediuit ? quem iuuant rumuſculi
77 372 530 407 Sterileſq; laurus, credat ætatem ſuam
82 401 496 436 Muſis. bonaq; fruge pectus inſerat,
76 430 532 467 Molliq; cultu per domet mores feros,
83 461 475 494 Platoniciſq; diffluat ſermonibus,
84 491 494 521 Noctes diei, noctibus iungat diem
86 521 519 552 Studij tenore. non ego: nihil moror
85 551 506 582 Inane nomen abſq; re, lare & penu.
83 573 661 614 Nam quantulum hoc eſt, quod ſalutantum fauoi
85 607 538 638 Doctoris ornat me ſuperbo ſchemate,
849 635 886 657 Ds
87 637 496 672 Vatemq; credit ſpiritu nec infimo:
91 666 508 699 SIdoctor ille ſpirituq; haud infimo
90 695 531 726 Vates inerti marcidus languet ſitu,
92 723 542 756 Nec tractat vllum publicæ munus rei
93 750 611 790 N empe illud vnum & vnicum Belgæ ſciunt
92 785 492 814 Laudant ſcientes, liberali dextera
93 811 575 847 Laudes profundunt gratuitas, ſed meras
42 838 615 875 audes, at alij quos tamen ſcindunt probro
94 872 462 903 Viſuntur altis in curulibus ſiti.
98 897 602 933 ed nondum, opinor, occiderunt omnium
99 932 521 961 Soles dierum, forſan hæc olim Deus
91 960 516 990 Grata reducet in ſuam ſedem vice.
43 988 577 1026 Ergo, quod vnum reſtat & facto eſt opus,
42 1017 565 1056 Durare pergam, qualis incumbens mari
103 1046 614 1083 Cautes rudentum ſpernit vndarum minas,
105 1077 536 1113 Et ingruentis deſuper nimbos louis.
105 1107 619 1143 Durare pergam quà pote & quantum pote,
716 1126 768 1149 Pre.
508 1137 567 1159 L4
