888 1312
344 69 592 101 BAVDII
146 106 558 138 Pretioq; ductus conſcientiæ bonæ
146 136 609 167 Probm tuebor nomen & porro ſequar
145 166 653 195 irtutem ob ipſam, virginesq; illas nouem
147 195 561 225 Vel dote caſſas omni, & illocabi les
132 224 639 255 Bene & pudicè. t captus eſt metis. colam,
146 254 625 285 Gratus irerentem digna ſi merc es beat
146 283 606 309 Grati, laborem nulla ſi merces manet.
359 339 588 367 Pæaitio ad Lectore.
143 375 538 406 Benigne lector, ſi redundas otio,
143 406 594 438 Manumq; nugis admouere non piget,
144 434 594 467 Hoc te pudenter auctor oratum cupit,
142 463 619 499 Ne crimineris, neu iniſtrorſm trahas,
144 492 606 526 Si quid vcel haud ſatis pudice. vel nimis
145 522 607 556 S criptum licenter forſan occurret tibi.
144 552 594 584 Nos Belgica de gente ſimplices ſumus,
144 580 544 612 Qibus pudoris abſ iatura licet
144 609 650 643 Sca pham ſcapham vocare. patſimus tamen
143 638 598 672 Verbis, honorem queis opus præfarier.
144 668 618 703 Germiana virtus, moſq; maiorum placet,
142 698 674 734 Rem quamque priuo qui notant agnomine:
141 726 590 760 Sed hacce fi ni cenſeo vtendum iocis,
140 756 545 791 Facetijſque, ne quid inceſtum pias
140 784 715 824 Coſpurcet aures aut probruma aſpergat probis.
140 812 597 851 Olſœna dicta moribus frugi nocent,
138 844 553 876 Tenerq; ſenſus inde noxiam trahit
140 874 591 908 Quæ poſtmodo latenter in mores abit,
138 903 597 941 Parteſque ſanas in mali aſenſum rapit.
137 932 546 966 Tanti ſalinas vocularum no emo,
136 961 599 999 Famæque fumos, vt præoptem perdere
138 992 633 1026 Feterem ſodalem. quàm recens dicterium.
134 1019 510 1051 rgo impudica facta vel ſilentio
135 1048 565 1085 Pudens omiſi, fronte ne minor ferar,
134 1078 555 1116 Vel. vt facetus pictor olim, teximus
132 1107 634 1147 Verborum honeſto non honeſta ſchemate,
716 1151 773 1174 Soli
