888 1312
235 82 553 104 IAMBICA.
85 120 482 152 Solis aperta dictio vt doctis foret.
84 148 549 180 Hæc non capit iuenta quæ capi poteſt.
83 179 589 211 Virum iſta quæ runt qui capit capi nequit.
85 211 605 242 Vulgus proanum carpit & quæ non capit
87 239 539 271 Iudex iniquus, vtque muſcarum genus
84 270 462 301 Locis adhæret aſperis tenaciter,
88 298 454 328 Polita tranſit ocyuſve deſerit:
88 326 588 361 Sic ſi quid exit haud inhumanum vt ſolet,
88 358 563 389 Laudat maligune: ſi quid excidit, graues
90 387 471 419 Exercet iræ & ſuam litem facit.
93 415 576 449 Quareemfeto, noſtra nec tanga ſacra:
91 446 545 474 Contentus vno ſum Catone, qui licet
92 474 648 505 Priſcum Catonem æquiparet omnibus modis,
95 505 501 535 H umanitate præſtat vtq; fama ait,
93 536 495 565 Vulta ſereno ſpeca hæc Floralia
92 565 525 595 Tali patrono ſretus ecquid æſtimem
94 594 571 627 Quadra tte curto. ſi quis inuidus heon,
94 624 520 654 Miſee pdagogus oblatret ſolens ?
97 653 470 683 Seueriate nl maiſtrali poteſt,
96 684 477 714 Ficta quc ir eeate dici ineptius.
96 712 549 743 Macreſcit ger, uta cor uum comeſt,
97 742 531 773 Quemtriſle virus aia inuidentiæ.
100 769 634 802 Cunctaalia nequam Memus hoc habet boni,
96 800 558 833 Ialo quod acri congrc ges macat ſuos.
100 830 563 863 Ot inaideri. nam velut fumo nequit
100 859 565 892 Carere fiamma. fama ſic fulgens trahit
100 891 565 916 Liuoris vmbram. Nil imultates moror
101 917 619 952 Vatiniorum, queis probari opprobrium eſt,
100 949 519 980 Laus diſplicere: duplices odi malè,
101 976 595 1010 Tectaſque mentes. quippe pectoris ſinus
101 1007 572 1038 In fronte promptos geſtitamus ac ſtylo.
103 1038 522 1068 Non iſtud eſſe ex diſciplina Etruriæ
102 1067 570 1097 Fatemur vltro, gente ſed elgam virnm
103 1097 501 1122 Vacare fuco, & falſimoniâ decet.
104 1126 512 1158 Poëſis, vt pictura, quo propinquius
709 1153 760 1175 Vim
