888 1312
406 70 593 96 BAVDII.
158 108 545 138 Omiriones ſimiæ, ſeruum pecus,
156 138 569 167 Vt ſæpe bilem, ſæpe ludos ac iocum
157 167 579 197 Mouet peritis veter operoſus labor
155 198 587 227 Ineptiendil quin vel humane loqui,
157 226 634 255 Sanam mentem habere condocemini,
156 255 584 282 Vel ſcripturire, rit ſcribendi rudes,
156 284 590 313 Suſperſederis? ære neu veſtro malum
157 314 550 343 Create vobis, tædium legentibus?
154 343 585 372 An ſi quid altum Lipſij pectus decet,
154 372 546 403 Id vos d.cebit:ille claris dotibus
154 403 554 432 Culpam rependit inſolentiæ ſtyli:
154 430 610 460 Vir abſolutus abſq næuulo hoc foret,
150 461 597 491 Si næuus cſt dicendus optiuum genus
154 490 588 518 Longo quod vſu iuta naturæ obtinet.
156 520 540 546 Sed eſto talis vt Thales Mileſius,
154 550 572 579 Eoq; maior : nou hic eſt litis ſtatus,
157 579 645 610 NHon cardo cauſæ. Lipſio. quantum poteſt,
155 610 615 638 Fauemus & miramur ingentem virum,
155 638 596 668 Duacemq noſtræ agnoſcimus puertiæ.
156 668 595 700 Quin hoc honori gioriæq, eius datur,
156 697 634 725 Quod mnlandun non videri ſciſcimus.
155 726 592 757 Conſciſtit ipe uſtus. hanc iniuriam,
154 755 581 786 Labemq; inuri non ſinit ſcriptis ſuis
155 785 534 816 Priuata laust publici iuris ſiet.
153 814 570 846 Ego indecentis deſinant induſtriæ
149 844 573 876 Faciles ephœbi Lipſiana nec Cypris
156 874 589 907 Contaminetur à gregalibus procis,
154 901 636 936 Quos ſpernit a ſe quam poteſt lougiſſime.
153 931 577 961 Deſponſa ſoli maneat huic Adoneo,
152 959 595 993 Cui ſe fruendam iure præcipui dedit.
152 990 621 1023 Quoi capita, tot ſunt diſpares vitæ modi
151 1020 563 1046 Tot diſſidentes inuicem ſcntentiæ.
150 1049 577 1082 Ceu læte marmor exteras imagines,
148 1078 559 1107 Vultuſq notos intuentibus refert:
150 1106 621 1143 Sic ſermo mentis eſt character, ac typus.
697 1144 786 1167 Nil vul-
