888 1312
262 67 568 89 IAMBCA
702 68 739 91 365
41 104 528 139 Nil vniforme, nil quod ætatem ferat,
95 134 567 166 Nil lucc dignum parturire mens poteſt,
41 164 554 225 :
95 225 437 255 Abire vi coacta poſtico redit,
96 254 578 284 Nouumq; victrix ſede prædonem mouet.
95 282 577 311 Vt ferre tellus omnis omnia haud poteſt,
98 312 523 345 Pati iæq; plantis attributæ ſunt ſuæ:
44 343 501 372 Sic certa dona cuiq; mortali Deus
96 372 501 404 Diuiſit. eſt & proprius ætati decor.
99 402 513 433 Breuitas ina ſfectata conenit viris,
101 430 529 464 Quos triuit vſu plurimo logus dics.
98 460 514 493 Iniuuene. ſicut in nouello palm. re
99 484 532 521 Laſciua ſeſe proferat fœ cunditas,
101 520 627 551 Quam ratio ſtringat, poſteræ curæ amputent,
98 548 544 582 Depaſcat ætas. fit quod vſq pullulet,
100 577 577 611 Falcemq; poſcat non quod optes adſeri.
101 608 582 642 Spe diute implet corda luxurians Ceres,
101 636 576 668 Et ſro nde opaca quæ redundant arbores
50 668 566 698 Hilarant coloni vota. coilucant imaus
106 697 485 731 Si quid ſuperſit & feracis ei ſoli
102 727 486 756 Natura fœtu exuberare inutili.
41 751 514 782 Nec me tamen iuuenta iuſto latior
104 783 592 815 Naſcente in herba nec iuuet naturitas
105 815 575 847 Patruiq mores hauid adulte i pect re.
106 845 535 875 Raro diurnat indles præ co iis,
104 873 508 906 Totaſq vires vnico iactu explicat,
107 902 540 937 Qui vere primo ætatis auſteram apit
106 932 568 962 Autumnitatem, qui puer ſenem crcpat.
103 960 574 994 Nunc quando cœpi tranſilire iam ſ mel
103 992 561 1023 Fines pudoris gnauiter deinceps iuuat
105 1020 547 1053 Eſſe impudentem:cur mihi nefas erit
107 1050 504 1080 De literis cenſere, cum quiuis ſibi
108 1081 513 1107 Cenſoris artes inſolenter arroget
108 1109 531 1142 Licenter ergo iure communi fruor,
630 1136 757 1168 Fruique
17 1166 46 1191 s.
