888 1312
241 62 552 83 IAMEA.
70 93 593 131 ectumq; temperamen,c dexter modus.
85 132 438 161 Non irrigantu lectione ſeriâ
84 160 497 189 Non arce doctrin iq; ſe regi ſinunt,
85 191 571 219 Sed impetu feruntur, ac ne quid trahant
84 220 535 249 Aplebe ſordis, vtq; deuitent humum,
84 250 555 278 Nebulas inanes, & chimæras aucupant,
83 279 646 309 Pariuntq; monſtra queis nec eſt pes, nec caput,
71 308 581 336 Nec mbra. nednm conlonus vero color.
84 339 477 368 Atq iſta entis brioſæ ſomnia
71 367 503 397 Secliq. prbra laudibus cœlo vehit
71 398 481 427 Non ima turba litteratorim pari
71 427 539 456 Contacta morbo. quippe, ſicuti vetus
84 457 587 486 Carmen proſatur. mutuum muli ſcabunt,
71 486 540 513 Et concolots conuolare amant aues.
71 516 548 545 Simileſq; habere labra lactucas ferunt.
71 546 483 575 Pecuniæ cupido fe cet hos tropo,
70 574 569 604 Parentiumq ambitio præceps, qui ſuos
71 604 458 634 Nolunt ſeueris edolari legibus:
71 634 599 663 Iuuenumq cruda ſtudia trudunt in forum
71 662 570 691 Velut ad palæſtram effrontis inſcientiæ.
81 693 501 724 Prit ſine vlla fruge virtutu ſeges.
71 721 514 751 t herba ſummo ſparſa telluris ſolo.
71 752 514 782 Diſcit iuuentus depudere. quo malo
71 781 502 810 Nil eſt adæq; peſtilens menti bonæ,
83 812 532 841 Voluuntur anni, carpitur fugax dies,
81 841 492 870 Meliorq; pars ætatis interim fluit.
81 870 624 899 Fumos emunt venduntque nil mercis bonæ:
82 899 537 928 Nil viuidæ virtutis aſportant domum.
71 930 446 958 Iranitate cor repletur, atq; eis
71 958 515 987 Perenne adhæret arrogans amor ſui,
71 987 495 1018 Volubiliſq; lingua, verborumq; vis
71 1017 516 1046 Ifræna ab ore more torrentis ad t.
85 1047 540 1079 Qui ſe ipſe temnit hunc fideliter ſcias
84 1076 494 1107 Succos honeſti perbibiſſe ſenſibus.
71 1107 522 1139 Sæuit latratu degener proles canum
621 1137 735 1160 Mor&dere
