888 1312
241 62 552 83 IAMEA.
691 68 733 91 67
5 90 593 131 ectumq; temperamen,c dexter modus.
85 132 438 161 Non irrigantu lectione ſeriâ
84 160 497 189 Non arce doctrin iq; ſe regi ſinunt,
85 191 571 219 Sed impetu feruntur, ac ne quid trahant
84 220 535 249 Aplebe ſordis, vtq; deuitent humum,
84 250 555 278 Nebulas inanes, & chimæras aucupant,
83 279 646 309 Pariuntq; monſtra queis nec eſt pes, nec caput,
43 308 581 336 Nec mbra. nednm conlonus vero color.
84 339 477 368 Atq iſta entis brioſæ ſomnia
44 367 503 397 Secliq. prbra laudibus cœlo vehit
39 398 481 427 Non ima turba litteratorim pari
44 427 539 456 Contacta morbo. quippe, ſicuti vetus
84 457 587 486 Carmen proſatur. mutuum muli ſcabunt,
1 487 540 513 Et concolots conuolare amant aues.
45 516 548 545 Simileſq; habere labra lactucas ferunt.
44 546 483 576 Pecuniæ cupido fe cet hos tropo,
1 574 569 604 Parentiumq ambitio præceps, qui ſuos
27 604 458 634 Nolunt ſeueris edolari legibus:
44 634 599 663 Iuuenumq cruda ſtudia trudunt in forum
44 662 570 691 Velut ad palæſtram effrontis inſcientiæ.
81 693 501 724 Prit ſine vlla fruge virtutu ſeges.
1 701 514 751 t herba ſummo ſparſa telluris ſolo.
850 723 884 757 I
43 752 514 782 Diſcit iuuentus depudere. quo malo
42 781 502 810 Nil eſt adæq; peſtilens menti bonæ,
83 812 532 841 Voluuntur anni, carpitur fugax dies,
81 841 492 870 Meliorq; pars ætatis interim fluit.
81 870 624 899 Fumos emunt venduntque nil mercis bonæ:
82 899 537 928 Nil viuidæ virtutis aſportant domum.
30 930 446 958 Iranitate cor repletur, atq; eis
43 958 515 987 Perenne adhæret arrogans amor ſui,
42 987 495 1018 Volubiliſq; lingua, verborumq; vis
43 1017 516 1046 Ifræna ab ore more torrentis ad t.
85 1047 540 1079 Qui ſe ipſe temnit hunc fideliter ſcias
84 1076 494 1107 Succos honeſti perbibiſſe ſenſibus.
43 1107 522 1139 Sæuit latratu degener proles canum
621 1137 735 1160 Mor&dere
