888 1312
376 52 573 78 BAVDII
163 96 611 125 Mordere ſegnis. capita tollunt ardua
166 125 612 154 Leues ariſiæ non grauis ſrugum ſeges.
166 155 625 183 Ceu vacua agnos æra tinnitus cint,
167 183 628 215 Mi ninioq; flumina alta labuntur ſono:
168 212 652 241 Sic plurimum ſuapte vi ſtant, atq habent
167 242 709 271 Multum in receſſu, quæ minus pompæ gerunt.
169 272 624 300 Sed & rmagiſtros lata pars culpæ tenet,
169 301 648 330 Q;i ncc Politi corda ciuilem in modum,
167 330 594 359 Nec Iat patati ab artibus, quas eigit
167 359 659 388 M unus docentis abſq; delectu & modo
168 389 654 419 Certatim d iſtam couolant prouinciam,
168 420 658 449 elut iacentem qua videt prædam .acon.
172 449 640 478 Sed cur magiſlros innocentes inſequor,
171 478 688 507 Quibus neceſie eſt furere cum furentibus?
169 508 589 535 In audtaie in parſimonia patrum,
173 537 555 567 Ptæpoſteroq; del gendi arbitrio
172 567 674 596 Culpa hæret omnis hos enim quærunt ſibi
170 596 640 625 Non quos honeſtat publicæ vocis fides,
172 626 617 655 Conſentienſq; fama. nec praui tenax,
173 655 621 685 Nec ſuacdta falſi ſed doloſus qouos fauor
173 685 641 714 Coucilat, aut obtrudit importun tas.
172 715 676 745 Nam qui placendi poſt habent cupidinem
174 745 661 773 Curæ iunandi quiq amant verum decus,
173 773 634 799 Soli in ſc holis morantur, & ſibi canunt.
170 803 652 832 Huc tota tandem ſumma recidit vt nihil
171 832 562 862 Conſtet minoris atq filius patri,
172 862 521 884 Ne mira res ſit ſi rei nullæ ſiet
172 891 668 922 Sed iſta quamuis alta nequidquam loquor
172 920 606 951 Surdas ad aures aura diſcerpit ſonos.
170 950 589 980 Corrupta ſccli diſciplina non capit
172 979 606 1009 Mali medelam, ſcd ma lo capitur ſuo.
171 1010 643 1041 Ceu quos phrenitis avios mentis tenet,
170 1037 628 1068 Mœſti canunt iocantur oppreſſi malis,
172 1067 596 1091 Dolendo rident fiebilem riſum ſuis.
173 1097 609 1130 Nunc vt reuertarnde cœpit digredi
740 1132 822 1157 Sermo
