888 1312
244 72 560 95 IAMBICA
693 72 738 95 3s
50 111 548 142 Sermo inſtitutus noſtra ſi quodam ſale
50 144 579 173 Condita vena eſt, felle mens tamen caret,
50 173 460 204 Nec, vt coiuit vlcus, vlla deniq;
1 201 515 226 Subeſt cicatrix detumet iecur, ſimu
4 232 492 264 Truces iambos euaporauit dolor.
82 261 512 293 Læſi abſq, culpa. læſeroq; neminem,
852 265 886 280 l
852 280 886 303 I
2 291 497 323 Sed ſi quis atro dente nos peti verit
53 320 532 353 Impune non abibit. eſt vnde & malos
1 350 498 379 Vlciſcar, & remeriar grates bonis.
3 380 507 414 Sed praua corda puntunt mores ſui,
2 410 510 442 Domeſticuſq tortor eſt curæ magis
1 440 453 481 Ertq porro, demereri gratiam
1 468 515 503 Benignitate, quam dicacibus modis:
82 498 574 530 Quippe hoc ſiniſtri præbet ingeninotam,
79 528 471 559 Illud profuſo laudis è ſinu ſcatet.
4 556 464 596 Si cui videbor largius veri modo
78 584 556 617 Laudare amicos, crimen agnatum bonis
78 615 548 649 Amplectar vltro. nam quis à vate exigat
53 644 547 678 Tanquam à ſeuero teſte iuratam fidem?
53 673 565 702 Non ſuntad iſtud forſit exemplum, velut
55 705 495 734 Camœna noſtra fingit. at felix ego,
3 732 544 766 Quod hoc amico errore credulus fruor.
79 763 453 795 Semper ſoluta lege libertas fuit
848 782 876 821 I
77 789 557 825 Amare quantum quiſq plurimum velit.
77 822 462 853 Parum profeſo diſtat aduerſario
80 851 562 885 Qui verba parce promit, & data imputat.
77 880 542 907 Modum tenere in cæteris rebus iuuet,
76 908 492 942 At diligendi laus in exceſſu ſita eſt.
77 938 539 971 Ergo immodeſti amoris arguor libens,
78 968 520 1001 Nihilq cauſ dico quin causà cadam
77 999 441 1031 Paruaricator in reatu optabli,
77 1025 597 1059 Quem criminoſu mens malorum non capit.-
78 1057 499 1089 Sed t benigus in bonos dici volo,
52 1087 478 1118 Sic ri cœleſtuos aſper implicabilis
76 1118 475 1143 Parat tollo non ſine ictu corna
685 1133 745 1164 Se
524 1146 563 1166 Aa
37 1152 79 1173 u-
176 1151 360 1171 TomsPrimus.
849 1253 886 1284 I
