888 1312
412 73 589 96 BAVDII
187 112 640 142 mmerentes dicor interdum graui
180 142 634 172 r verſu perq; conſpectas domos
175 171 695 203 re ferri:quod quidem factum nego,
185 201 660 230 Ne :ercle vero. non ita exſenſus vagor
185 230 628 258 V ho sboſpes ordine vno ſint mihi.
181 259 587 289 La uientem ſi quis indigne ferat
182 289 612 317 Muſam ioc i, læta cum proteruitas,
182 319 675 348 Inſonſq; itdus lene tormentum admouet
182 349 600 378 C laino caleti, Gratiis litet prius,
182 378 627 408 S niu. ; ponat, quam poeticas fores
180 407 631 436 Irrtmpat nuenuſtus agreſtiſq homo.
183 436 662 464 Sed ſorte quoſdam tacitus excedit dolor
182 467 597 494 Quod increpamus ore libero nimis
180 496 624 524 Amplos dynaſtas, atq; partium duces.
183 525 644 554 Qui cunq vito vortet iſtud, hunc prius
181 554 620 583 Subigam ſateri, publicam ne poſtulet
179 583 543 612 Pacem tuer, vel ſecutor impiæ
179 613 587 642 Rebellionis inde pus adhuc trahat
179 642 666 674 Iam pace pacta nil moramur hos quidem
183 672 646 700 Queis ſi placere poſtulem demens ſiem:
180 700 564 729 Illo ſed abſq; contumelia ſat eſt
178 731 592 761 Monere nos, vt ſi quis alius, regiam
176 759 638 790 Fouere cauſam, & ſtare ab optimatibus.
177 790 633 819 Sum Belga gente fronte, mente liberas
175 819 598 844 Voces profari liberum ciuem decet.
175 848 609 877 Vt quiſq; celſa mente præditus cluet
174 877 584 906 Vel auditæquis auribus, vel Stoico
174 907 618 932 Contemnit ore vernulæ frontis iocos.
172 936 660 967 Namq; vt maris cœliq; vim nullam timet
172 967 623 998 Rupes minaci qu polum pulſat iugo,
171 994 587 1023 Radice manes tangit imos:ſic nihi
172 1023 576 1051 Licentiora dicta ſinceros miouent,
170 1051 624 1079 Labiſque puros. falſa nam verax honor
171 1081 590 1112 Satu refutat ſi quid ex vero trahant.
168 1111 635 1145 Spreta exoleſcunt, vtq; iners fuci pecus
746 1148 826 1178 Cum
