888 1312
263 57 571 85 IAMEICA
47 97 559 133 Cum ſpiculum fiere continuoſtupent
90 124 584 164 Nunquid Catullus ob ſtylum pœnas dedi
3 161 483 196 Cum iura terris ferret Iliæ nepos,
1 187 514 223 Quem virulento ſauciarat carmine
92 216 539 251 Quid verba præter in Catonem Tullio
90 246 520 282 Regeſſit idem Cæſar? anguſta indole
91 277 515 306 Concoxit iſta nomini mores iugans
853 272 885 301 l
1 304 577 342 Auguſtus heros. ſcommatum ſcatet vetu
88 335 525 365 Comœdia, omnis eſt in hoc Lucilius,
92 361 563 400 Qui primus acrem ondidit naſum ſtyli
92 394 532 429 Satyra interoit ſtirpe ab ima ſigrauis
1 423 539 463 Cenſura tollat quidquid acre vellicat.
92 452 578 486 M entes nefandæ barbarorum principum
90 485 480 518 Ingenia puniuere, ſed iuit decus
92 514 494 547 Immune lethi. ſoſpes euaſit rogos
92 539 555 576 O ppreſſa virtus, nil in hanc immanibus
91 571 479 606 Licet tyrannis, creſcit ex iniuriis
44 601 529 635 Honos piorum, ſumit à damnis opes,
92 630 553 659 Vulnere animos robur à caſu, nouam
1 659 501 690 Acæde vitam: cuiq; famam poſteri
42 687 573 723 Suam rependunt ſequiorem, ſeu bonam.
95 718 538 749 At fra nca tellus iam licet luctu graui
43 747 527 781 Deformis, atq attrita belio barbaros
92 777 504 810 Ritus adoptet exuatque prſtinos,
94 807 489 838 Vix vt reſidat lucis antiquæ ſuper
97 838 568 866 SCintillamonſtris talibus tamen caret,
96 865 511 898 Nec vlla pœna ſobrios ſales premit,
852 876 877 912 I
44 894 529 928 Dum ne qua labes inferatur integris,
97 921 567 952 Pudor modeſcis. cœca fraus improuidis.
41 950 573 988 Quod ſi fauore dignus eſt quiſquam frui,
98 983 493 1014 Vates amica lege compiecti decet
98 1010 553 1047 Quos impotente nomen inſtinctu ciet,
100 1039 534 1075 Ftraq ſeſe raptat, ac T hyrſo quatit.
98 1072 518 1105 Hos ipſe Phœbus in clientela tenet,
98 1098 539 1135 Vt qui ſuperſint perperam rebus ſuis.
684 1123 744 1143 Cu
504 1130 583 1148 Aa
