888 1312
422 68 601 91 BAVDII
167 108 638 139 Cum rapida bilem accendit indignatio,
167 139 626 168 Non amplius iam ſpontis eſt herus ſuæ
167 169 586 197 Poeta, fertur vt gubernaclo carens
168 198 684 227 Carina, vel rotantis in modum trochi,
168 227 683 256 Quem ſueta ab arte verſat impubes manus:
167 256 584 286 Dat plaga vires, gliſcit à flictu vigor.
166 287 541 316 Mutatus exin atq; redditus ſibi
166 315 651 346 Sanâ recantat mente, quæ ſcripſit furens,
167 345 606 375 Seq; ipſe non agnoſcit, & fixus ſtupet.
167 376 656 404 Quod in calore mentis aut patrat manus,
164 405 619 435 Aut lingua gannit eſſe ius ratum vetat
164 435 582 463 Prætor. benignus æquitatis arbiter,
163 463 579 493 Satiſq; amara pœna cenſrtur furor
162 495 562 523 Iniuriarum non teneri prædicant
163 525 628 554 Aquo voluntas & maliga mens abet:
162 552 577 582 Hanc à meis abe ſſe moribus procul
164 582 629 612 Spondere poſſum, iusq; iurandum dabo
163 612 627 642 Nolle eſſe dictum ſi quid e ffendat pios.
161 642 643 671 An vapulabunt verba, cum factis nocens,
162 671 559 699 Hirudo fiſci prædo, furcifer latro,
162 701 572 730 Sillans cruore ciuico, rapax tralax
162 729 549 762 Obliuionis lege tutus ambulet:
159 760 578 783 Nm turbulentas conciones cxcito
158 790 680 819 Volens tribunus?num bonis ccinunibus,
157 819 520 849 Paciq factioſus obſto publicæ?
157 849 572 878 Fruantur iſti impunitate, ſit ratum
160 878 582 911 Quod ſanxit alta regis indulgentia,
158 908 661 940 Qodq haud moueri poſtulat regni quies.
155 937 562 967 At neſſit( vlli crimen ac periculum
155 967 659 998 E innocenti carmine: aut. ſi quem procax
154 995 569 1024 Ri igit libellus dicta dict lſtiat
154 1025 516 1058 Vt & vetuſta talionis le iubet,
156 1055 678 1086 Et ms bonorum, & alba mplicitas monet.
151 1083 581 1114 Dicat cpertum faxo cui remrdeat,
155 1113 584 1147 ui non inultus laormetur vt puer.
721 1149 786 1182 od
