888 1312
228 49 543 80 IAMBICA.
45 90 450 132 Cor vrit irâ, vel ſuperbiæ replet.
46 121 446 161 Virtus abunde fulta viribus ſuis
45 149 494 193 Non arbitratu ſortis. aut Quiritium
1 178 508 226 Sanctas ſecures ſumit. nas donat ſibi,
46 208 532 250 OQui ſpe metuque maior ob recti decus
46 240 463 273 Recti vias capeſiit: hic ſui potens
46 270 501 309 Lateque regnat. eſt viri fortis tamen
45 297 467 339 Famam vereri, gloriæque præmia
77 324 547 365 Non deſpicari. gloria atque honos alunt
80 356 469 397 Artes, & vrgent ambitu laudabili
52 385 496 422 Generosa corda, ne labori ſit labos.
81 411 568 451 Nobis theatri plauſus, & ſrequens chorus
82 443 522 480 Haud defit, eſt & nomen oppido ſatis.
86 473 496 515 Sed glcriari nec pudenti conuenit
86 501 565 542 Nec deprecanti. ſat ſuperque conſequar,
47 534 534 574 Siector æ huic libeilo, cui parm
87 561 527 603 deſſe f, fareor,. at tamen aias
89 594 498 627 Abeſle t:andes teſtor, &calumnas,
1 620 545 664 Ignoſcat vltro, nec putet crimen iocos.
232 661 600 699 Ad Achallem Harlæum primarim
360 699 492 730 praſidem.
44 735 554 774 Laudum tuarum famæ nil falſi trahens,
90 768 537 804 Vero ſed impar addidit cupidinem
95 793 559 839 Sponte incitato vique blænda perpulit,
95 830 525 863 Vt han honori texerem laurum tuo
43 854 543 892 Lectam recenter è Camœnarum itgO.
96 882 576 925 Princeps Senator quem nec æui prauitas
1 915 484 954 Late tyranna flexit a recto grad,
97 944 513 986 Nec aura dignitat s. ac regum fauor
81 973 495 1010 Vado inſolentis appulit ſuperbiæ.
43 1000 569 1040 Non carcer actus in ſenatumnon ſurens
44 1033 468 1069 Inte coorta perfugarum factio,
102 1063 589 1101 Non reguli nunc iuſſa ſæua,nunc preces,
51 1086 613 1128 Non mortis horror, non calamitas carceris,
664 1111 792 1140 Totque
495 1121 575 1142 A4
