888 1312
228 49 543 80 IAMBICA.
68 90 450 132 Cor vrit irâ, vel ſuperbiæ replet.
68 121 446 161 Virtus abunde fulta viribus ſuis
68 149 494 190 Non arbitratu ſortis. aut Quiritium
68 178 508 221 Sanctas ſecures ſumit. nas donat ſibi,
68 208 532 250 OQui ſpe metuque maior ob recti decus
68 240 463 273 Recti vias capeſiit: hic ſui potens
68 270 501 309 Lateque regnat. eſt viri fortis tamen
68 297 467 339 Famam vereri, gloriæque præmia
77 324 547 365 Non deſpicari. gloria atque honos alunt
80 356 469 397 Artes, & vrgent ambitu laudabili
68 385 496 422 Generosa corda, ne labori ſit labos.
81 411 568 451 Nobis theatri plauſus, & ſrequens chorus
82 443 522 480 Haud defit, eſt & nomen oppido ſatis.
86 473 496 515 Sed glcriari nec pudenti conuenit
86 501 565 542 Nec deprecanti. ſat ſuperque conſequar,
80 534 534 574 Siector æ huic libeilo, cui parm
87 561 527 603 deſſe f, fareor,. at tamen aias
89 594 498 627 Abeſle t:andes teſtor, &calumnas,
80 620 545 664 Ignoſcat vltro, nec putet crimen iocos.
232 661 600 699 Ad Achallem Harlæum primarim
360 699 492 730 praſidem.
81 735 554 774 Laudum tuarum famæ nil falſi trahens,
90 768 537 804 Vero ſed impar addidit cupidinem
95 793 559 839 Sponte incitato vique blænda perpulit,
95 830 525 863 Vt han honori texerem laurum tuo
81 854 543 892 Lectam recenter è Camœnarum itgO.
96 882 576 925 Princeps Senator quem nec æui prauitas
81 915 484 954 Late tyranna flexit a recto grad,
97 944 513 986 Nec aura dignitat s. ac regum fauor
92 973 495 1010 Vado inſolentis appulit ſuperbiæ.
92 1000 569 1040 Non carcer actus in ſenatumnon ſurens
92 1033 468 1069 Inte coorta perfugarum factio,
102 1063 589 1101 Non reguli nunc iuſſa ſæua,nunc preces,
91 1086 613 1128 Non mortis horror, non calamitas carceris,
664 1111 792 1140 Totque
