888 1312
348 54 600 77 BAVDI
154 94 666 125 Totque alia ſumme indigna ſummati viro,
155 124 539 153 Te depulerunt à vigore priſtino.
157 154 621 183 Nimirum id altas condecet mentes, vti
157 183 558 211 Nec efferantur ſortis indulgentia,
156 213 613 242 Mec deprimantur mole triſtium graui.
157 242 532 272 Sic magnus ille liberator patriæ
157 272 517 299 Camillus ore gloriatur libero:
155 300 567 330 Non ampla Dictatura ſuſtulit mihi
154 332 647 357 Certum tenorem mentis, ac mei modum.
155 360 529 384 Nec vlla minuit exili ſiniſtritas.
154 390 567 419 Plebeia corda, queis abeſt capax ſui
153 419 636 448 Menſura, nunc mœrore torpent acmetu,
153 449 581 478 Nunc geſtienti ſpe tument inaniter,
153 478 547 508 Velut ſaburra quæ ſua caret ratis,
154 508 669 539 Modo huc, modoilluc fertur omni ſlamine,
153 538 544 566 Iudibriumque debet irato mari.
154 567 598 598 Tu ſemper vnus, inſtar & mundi teres
154 597 511 620 In te nihil licere fortunæ ſinis
154 627 618 658 Rigiduſque cuſtos iuris ac moris probi,
153 657 531 686 Nec gratiæ nec largitati peruius
153 686 607 717 Conſtante vultu ac mente dirigis viam
152 716 542 743 Ad arduæ virtutis intimos Lares,
155 745 620 774 Quam percolis mercede nulla ſed mero
154 774 640 805 Splendore honeſti. nilque ſordium trahis
150 804 643 837 Ex hocce morum ac temporum contagio.
149 834 619 863 Tranquillus vſque rupis immotæ modo
150 864 617 892 Quam parte ab omni feruidis aſſultibus
149 892 609 926 Vndæ flagellaent horriduſque Iuppiter.
148 923 570 949 Illa impotentes & ſali & cœli minas
148 952 554 982 Inulta temnit atque mole ſtat ſua.
149 980 559 1011 Salue ſuperſtes aureæ gentis iubar,
148 1010 594 1042 Virtutis & ſpirans imago, ſplendidum
146 1040 603 1068 Integritatis ſpecimen haud vllo minor
145 1069 572 1101 Prioris æui heroë: nunquam ſcilicet
144 1098 527 1127 Sublapſa retro res abibit Gallica
678 1138 792 1171 Quonſque
