888 1312
266 69 579 91 IAMBICA.
670 76 753 96 377
46 109 503 143 Quouſque terris intereſſe te ſinent
47 140 519 170 Propitia fata nec ſalutem publiam
46 170 549 200 Spes derelinquet, donec Hcnrico patri
46 199 509 224 Tu Neſtor aiſidebis vt Themis Ioui.
182 242 658 273 Ad Npolam Brularium à ley deſignatum
311 275 518 295 alltæ a cesarium.
46 315 518 345 Sublimis heros cuius æqua ſanctitas
91 345 509 375 . uo priori, imaior hoc ſeclo virum
91 374 484 406 Velut iubar ſolare ſulſit horridis
93 404 501 427 Oaſo ruinis obſoleto ſordibus
93 433 557 457 Orpi & reduxit exulem terris Themin.
93 463 552 493 Eſt umen aſtro quod fauente reſpicit
93 493 535 524 Spes Galicanas eſt honos virtutibus,
93 523 529 553 Regnique vota Rex benignus audiit:
95 552 549 581 Cum te Senati principem ſe cundâ aue
94 581 502 611 Creauit. in quo populus vnice ſibi
95 611 511 641 Gaudet reique gratulatur publicæ,
95 641 521 668 Cui fulciendæ tantus A tlas obtigit,
97 670 549 700 Quem nulla recto ſummouere de ſtatu
97 699 559 730 Præceps cupido poſſit, aut pellax fauor,
97 729 593 760 Potenſve ſuada quæque magnis mentibus
98 759 501 788 Solens adhæret ſacra gloria fames.
99 788 508 820 Quapropter etſi rege te ſolo minor
98 819 544 850 Apex honorum clarat amplius tamen
93 848 566 877 Dantem obligaſti. quippe vi mentis tuæ
99 878 484 906 Subnixus ille corde ſecuro regit:
99 908 500 937 Tibi labore conſtat ingenti decus,
99 937 584 967 Magnoque honori maius eſt onus comes.
100 967 502 997 Si dignitatis hoc in excelſo gradu,
100 995 570 1026 Tantaque rerum mole, quas cura ac fide
99 1026 497 1055 Tueris acer, vt ſecundus Hercules
101 1056 491 1085 Virtute regem ſubleuans vi cariâ:
102 1085 545 1114 Paullum ſnperfit ſubſeciui temporis,
43 1115 530 1148 Qod imputari amœnioribus queat
697 1143 765 1166 Ludis
516 1148 593 1168 Aa5
