888 1312
322 64 573 86 BAVDII
142 99 623 131 Ludis iociſque non enim Phœbus pater
139 130 558 155 Intendit arcum continenter, eſt vbi
139 159 624 189 Sonante plectro fuſcitat mutam chelyn:
142 189 635 219 Hoc more ſi grauem Mineruam temperas,
139 218 437 242 Et otio difindis inſititio,
140 247 528 271 Lares verendos it ſalutatum tuos
140 276 532 300 Thalia noſtra, ſed rubore conſcio
140 303 583 330 Suffuſa, dum ſe, dum tuas dotes modo
139 335 531 363 Metitur æquo. plena cum fiduciæ
137 365 590 392 Cum temperatam humanitate affabili
138 393 533 423 Seueritatem lance ſuſpendit pari.
137 422 607 452 Quod ſi iacentes atque in obſcuro ſitos,
135 451 513 483 Vmbratilique delitentes angulo
135 482 489 510 Fauoris aura proſecuta nos tui
136 511 573 543 Dignetur in rem vindicare publicam
136 540 508 569 Cauſa manuque liberali. ne ſitu
135 568 567 604 Marceſcat ac languore turpi torpeat,
137 599 567 632 Si quid fauens latura conſeuit mihi,
138 630 585 657 Vel Ars magiſtra. vel abos induſtrius:
135 658 530 688 Huiuſce ſi me compotiueris boni,
136 688 536 719 Ne partium deſertor argui quam,
137 717 681 749 Qui nunc amœnis verro humum pedeſtribus
136 745 544 774 Plebeia paruus elaborans carmina,
135 774 537 808 Sublime tollar, & Maronis impetu
133 806 573 836 Raptatus ales haud Sophocleo minus
132 835 654 868 Pangam cothurno carmen atque olor nouus
132 865 580 896 Populos, & vrbes laude complebo tua,
132 895 669 925 Quacunque magnum Sol per orbem flammeo
132 924 606 953 Curru coruſcans promit & condit diem:
130 952 556 985 Nullumque nomen auſpicatius polo
130 981 611 1015 Beabit alma Fama, qam quod inclytum
130 1011 551 1039 Heroa fronte præferet Brulartium,
129 1040 609 1071 A rege ſuimmum public mentis ducem,
129 1069 568 1103 Nulli imparem virtute, doctrina fide
128 1101 646 1126 Mente & manu abſtinente: nunc ſat eſt meo
693 1136 777 1164 Super-
