888 1312
662 78 750 99 37
258 80 571 105 IAMBICA
92 118 501 151 Superque voto, ſi velinter vltimos
48 148 493 180 Tui gregis reponar. eſt ardor mihi
1 175 605 209 Voluens volenſque magna. non defit vigor.
47 209 507 240 Non diſciplina. teſtis eſt collegium
48 239 404 263 Triumuirale litterariæ rei.
96 265 523 299 Scaligera virtus voce maior ac ſtylo,
48 296 485 329 Caſaubonique perſpicax ſolertia.
95 326 535 359 Meroque melle imbuta Lipſii Vens.
48 358 534 387 Qui me fauore, quos honore ego meo
48 385 610 417 Complector, vnm deſit hoc ſummæ capu
853 389 886 435 I
98 415 520 448 Qui vela ventus impleat ſecundior,
48 444 509 477 Nauimque ſiſtatin bonæ ſpei vado.
48 476 553 506 Tu qui ſecundus imperi clauum tenes,
98 502 588 536 Fauſtoque curſu rem gubernas Gaſlicam,
46 536 564 565 Si te piorum cura tangit quos premunt
45 566 492 596 Iniqua fata, ſi ſuprema munerum
100 590 529 625 Adeptus vltro ſpes modeſtas euehis
100 618 605 647 Votum ſecunda non iners,. non improbum
101 650 514 682 Parui clientis magne vindex, id tui
45 679 567 713 Mores requirunt, muneriſque dignitas,
102 710 519 742 Vnde & benigno plena cornu copia
1 727 510 773 Redundat, & præclata ſeruitus, viti
102 770 478 802 Beare poſſis, velle debeas bonos.
241 810 610 840 Ad Iacobum Auguſium Thuanum.
104 849 527 884 Vir magne, cuius ex receſſu pectoris
104 879 570 916 Sophiæ medulla manat, & Suadæ le pos,
1 909 552 947 Quem iura iuſto diuidentem examine
107 939 595 969 Sontes tremiſcunt, iinocentes iauocant,
106 966 544 1001 IIli vt Charybdin hi ſalutare vtiubar
106 994 602 1032 Fratrum quod aſpro deprehenſus in mari
108 1028 562 1062 Nauta atque vesctor ambit anxia prece.
106 1056 526 1093 Leges vetabant. ſi recordor, Perſicæ
107 1087 536 1122 Regum ſubire limen immuni manu:
109 1114 551 1155 Quod æmulari dum ſedet mihi, & pio
688 1140 766 1161 Te co
