888 1312
347 67 596 89 B AVDII
156 100 590 134 Iecolere ritu Miſici :mi chori,
155 131 581 165 Nil ſggerehat ar pa quod vio
155 160 585 193 Virtiittali mitterem pcde. s homo.
156 191 624 222 Nec eſt ti res indeſqe gens opum,
157 222 646 251 Quias pectore alto ſpe:nis, aut larga manu
154 250 569 281 Recto ad ſus prouidenter erogas.
155 277 605 309 Sed eſſi muem rebus arctis nil vetat,
151 308 532 339 Licet fc. ente sortis inuidentia
135 337 629 364 Munem eſſe mente. ſi minus Iicet man u.
152 368 546 398 Hac lg dono dedicoque me tibi
152 397 571 424 Vulgace donum & indicaturæ ieuis
152 425 538 456 pud ſiniſtros æſtimatores boni,
153 456 631 490 Qi cuncta lucro metiuntur, nec putant
151 485 593 515 Vnius aſlis abſque re famam ac decus.
152 516 546 546 Tu qui ſeuera lance rite ponderas
151 546 616 578 Momenta rerum, non rudis vulgi modo
150 574 628 607 Boni quod auguto precorque conſules
150 604 686 636 Reuidenſque munus, quippe cum maius nihil
150 634 541 664 Humana poſſit imbecillitas, nihil
149 663 553 696 Diuina poſcat amplius benignitas.
304 712 624 745 Strena ad Eli?abctham Anglia
416 745 518 772 ginam.
145 776 584 810 Regina, cuius nomen ingens ac decus
147 810 580 841 Teer parentis orbe non poteſt capi:
147 839 509 869 Qua nil ab omni gloria felicius
145 867 633 898 Adſpectat vſquam flammeum ſolis iubar.
146 898 599 931 Anno auſpicante mos adhortatur pios
147 926 550 956 Ambire donis celſitudinem tuam,
145 957 613 989 Vt cuique mens eſt, aut opimares domi.
144 987 565 1013 Nec vero adire Perſici mores ſinunt
144 1015 566 1045 Ad regium puluinar immuni manu.
146 1045 655 1078 Qid igitur? An non principis vultum feret
144 1074 625 1111 Inſons egeſtas, quum vetuſta geus virûm,
143 1104 535 1138 Flos ille mundi, ſegregarit a ſacris
734 1143 793 1170 Opes
