888 1312
244 66 563 91 IAMEICA.
80 106 546 140 Opes profanas? vult enim Numen coli
80 135 557 168 Non munerum lp ( ſed cata fide
80 165 572 199 Longeque templisgratis donun ſa rat,
80 197 545 229 Qui pectus oſſe.t labis & culpæ carec
80 226 641 260 Quam qui opere magno euoliit anxias preces,
80 254 591 290 Multuque ſumptupalpat auerſum Iouem.
80 284 502 320 Bacchus racemo munerati ſe cupit,
80 313 580 349 Ceres maniplo tlus merumque uppiter
80 344 562 378 Molame ſari hasd grauatus accrpit.
79 374 563 409 Ergo Deounexempla mortales docent
80 403 553 440 Non ſumptuoſis perlitandum victimis,
89 433 506 468 Sed cordenro ſed paratu ſimplici.
80 462 513 501 Qu fretus. o Regina ritu nunc tuis
80 493 587 525 Aduoluor aris: haud quidem largus manu
80 522 530 556 Dineſque cenſu sid ſecundus nemini
80 553 528 579 Candore mentis adſum adorator tuæ
80 581 482 616 Virtu i at tu rebus anguſtis ades
80 609 537 646 Bona & benigna. ſæpe cœleſtum ſator
80 643 495 676 Dignatas eſt iure terrenos Lares
80 670 499 704 Magalibuſque non perhorruit capi
80 700 535 731 Sublime numen atque maieſtas ouis.
80 730 562 766 Qim nil ſuprema dignitate principum
80 758 589 792 Sol maius vſquam luſtret, aut humana ſors
80 791 537 821 Miretur ilie nominis tanti caput,
88 817 587 852 Princeps chtracter atqua imago Numinis,
80 850 476 877 Secundus vni cteris vnus prior,
80 877 562 916 Quo ſe min rem ducit hoc maior cluet,
80 907 516 942 Surgitque ſeſe deprimendo. fiteus
80 934 610 973 Dum rite pendit qam caduca res homo eſt.
80 966 514 1003 Qum laueatus vittr olim regibus
80 997 478 1031 Bello ſubatis in curulibus rotis
87 1026 509 1057 Sacra trtmhas iniehebatur via
80 1054 630 1092 Magnam per vrbem gentiumque principem,
80 1087 507 1122 Quo nil honore maius in terris e rat:
80 1115 485 1153 Huicadititiſe plebis inſimæ tolet
649 1144 742 1167 Homo,
