<?xml version="1.0" encoding="utf-8"?>
<PcGts xmlns="http://schema.primaresearch.org/PAGE/gts/pagecontent/2017-07-15" xmlns:xsi="http://www.w3.org/2001/XMLSchema-instance" xsi:schemaLocation="http://schema.primaresearch.org/PAGE/gts/pagecontent/2017-07-15 http://schema.primaresearch.org/PAGE/gts/pagecontent/2017-07-15/pagecontent.xsd">
  <Metadata>
    <Creator>User123</Creator>
    <Created>2020-04-14T13:52:54</Created>
    <LastChange>2020-04-14T13:52:54</LastChange>
  </Metadata>
  <Page imageFilename="0436.png" imageHeight="1312" imageWidth="888">
    <TextRegion id="r0" type="paragraph">
      <Coords points="1,1 886,1 886,1310 1,1310"/>
      <TextLine id="r0_l001">
        <Coords points="450,21 450,36 568,36 568,21"/>
        <TextEquiv index="1">
          <Unicode/>
        </TextEquiv>
      </TextLine>
      <TextLine id="r0_l002">
        <Coords points="184,25 184,37 280,37 280,25"/>
        <TextEquiv index="1">
          <Unicode/>
        </TextEquiv>
      </TextLine>
      <TextLine id="r0_l003">
        <Coords points="244,66 244,91 563,91 563,66"/>
        <TextEquiv index="1">
          <Unicode>IAMEICA.</Unicode>
        </TextEquiv>
      </TextLine>
      <TextLine id="r0_l004">
        <Coords points="707,68 707,86 743,86 743,68"/>
        <TextEquiv index="1">
          <Unicode>3</Unicode>
        </TextEquiv>
      </TextLine>
      <TextLine id="r0_l005">
        <Coords points="378,139 384,136 412,133 546,134 546,106 37,107 37,139 57,138 82,140 362,140"/>
        <TextEquiv index="1">
          <Unicode>Opes profanas? vult enim Numen coli</Unicode>
        </TextEquiv>
      </TextLine>
      <TextLine id="r0_l006">
        <Coords points="385,166 394,165 557,164 557,135 402,135 384,137 376,141 339,142 303,142 288,140 82,141 46,139 37,140 37,168 381,168"/>
        <TextEquiv index="1">
          <Unicode>Non munerum lp ( ſed cata fide</Unicode>
        </TextEquiv>
      </TextLine>
      <TextLine id="r0_l007">
        <Coords points="41,203 50,203 61,200 76,199 262,199 300,197 375,197 426,194 451,194 516,198 572,198 572,165 394,166 385,167 377,171 358,171 353,169 128,172 73,170 65,176 57,172 45,172 37,169 38,205"/>
        <TextEquiv index="1">
          <Unicode>Longeque templisgratis donun ſa rat,</Unicode>
        </TextEquiv>
      </TextLine>
      <TextLine id="r0_l008">
        <Coords points="320,226 545,224 545,199 516,199 489,197 376,197 188,201 76,200 61,201 50,204 41,204 38,206 38,229 244,229"/>
        <TextEquiv index="1">
          <Unicode>Qui pectus oſſe.t labis &amp; culpæ carec</Unicode>
        </TextEquiv>
      </TextLine>
      <TextLine id="r0_l009">
        <Coords points="258,257 314,257 349,254 372,255 460,253 628,254 635,258 641,258 641,226 400,226 320,227 244,230 177,230 152,232 38,230 38,260 188,260"/>
        <TextEquiv index="1">
          <Unicode>Quam qui opere magno euoliit anxias preces,</Unicode>
        </TextEquiv>
      </TextLine>
      <TextLine id="r0_l010">
        <Coords points="885,225 849,225 849,257 885,257"/>
        <TextEquiv index="1">
          <Unicode/>
        </TextEquiv>
      </TextLine>
      <TextLine id="r0_l011">
        <Coords points="63,295 71,289 198,290 256,289 309,286 354,286 396,284 427,285 445,283 511,282 539,282 547,286 591,286 591,255 460,254 372,256 349,255 314,258 258,258 188,261 113,260 62,261 51,267 38,268 38,296 57,296"/>
        <TextEquiv index="1">
          <Unicode>Multuque ſumptupalpat auerſum Iouem.</Unicode>
        </TextEquiv>
      </TextLine>
      <TextLine id="r0_l012">
        <Coords points="885,266 849,266 849,301 885,301"/>
        <TextEquiv index="1">
          <Unicode/>
        </TextEquiv>
      </TextLine>
      <TextLine id="r0_l013">
        <Coords points="280,318 298,318 305,316 320,315 497,313 502,312 502,284 309,287 256,290 198,291 71,290 63,296 38,298 38,318 42,319 226,318 238,320 263,320"/>
        <TextEquiv index="1">
          <Unicode>Bacchus racemo munerati ſe cupit,</Unicode>
        </TextEquiv>
      </TextLine>
      <TextLine id="r0_l014">
        <Coords points="360,344 512,343 580,341 580,313 320,316 305,317 298,319 280,319 263,321 238,321 226,319 38,319 38,348 112,347 244,349"/>
        <TextEquiv index="1">
          <Unicode>Ceres maniplo tlus merumque uppiter</Unicode>
        </TextEquiv>
      </TextLine>
      <TextLine id="r0_l015">
        <Coords points="274,376 344,376 403,373 562,371 562,344 360,345 278,349 223,350 213,353 209,353 203,350 183,349 39,348 39,377 44,378 259,378"/>
        <TextEquiv index="1">
          <Unicode>Molame ſari hasd grauatus accrpit.</Unicode>
        </TextEquiv>
      </TextLine>
      <TextLine id="r0_l016">
        <Coords points="337,404 431,403 450,401 563,402 563,374 403,374 344,377 274,377 259,379 76,379 73,381 68,378 39,378 40,409 212,409"/>
        <TextEquiv index="1">
          <Unicode>Ergo Deounexempla mortales docent</Unicode>
        </TextEquiv>
      </TextLine>
      <TextLine id="r0_l017">
        <Coords points="68,438 86,437 206,440 217,438 252,436 384,434 408,432 547,432 553,435 553,403 432,403 398,405 337,405 151,411 39,409 39,443 61,443"/>
        <TextEquiv index="1">
          <Unicode>Non ſumptuoſis perlitandum victimis,</Unicode>
        </TextEquiv>
      </TextLine>
      <TextLine id="r0_l018">
        <Coords points="848,388 848,442 886,442 886,388"/>
        <TextEquiv index="1">
          <Unicode/>
        </TextEquiv>
      </TextLine>
      <TextLine id="r0_l019">
        <Coords points="254,466 319,466 416,462 506,461 506,433 408,433 344,436 283,436 217,439 206,441 89,438 89,468 245,468"/>
        <TextEquiv index="1">
          <Unicode>Sed cordenro ſed paratu ſimplici.</Unicode>
        </TextEquiv>
      </TextLine>
      <TextLine id="r0_l020">
        <Coords points="127,497 250,498 273,496 307,496 393,492 513,490 513,462 416,463 319,467 254,467 245,469 55,470 49,464 48,449 39,449 39,501 56,499 75,501 117,501"/>
        <TextEquiv index="1">
          <Unicode>Qu fretus. o Regina ritu nunc tuis</Unicode>
        </TextEquiv>
      </TextLine>
      <TextLine id="r0_l021">
        <Coords points="305,523 344,524 374,522 482,522 516,520 577,520 583,523 587,523 587,493 393,493 307,497 273,497 250,499 127,498 117,502 75,502 56,500 44,501 40,503 40,525 290,525"/>
        <TextEquiv index="1">
          <Unicode>Aduoluor aris: haud quidem largus manu</Unicode>
        </TextEquiv>
      </TextLine>
      <TextLine id="r0_l022">
        <Coords points="334,553 382,553 408,551 530,550 530,522 435,522 374,523 344,525 305,524 290,526 242,528 93,527 88,529 84,533 40,534 40,556 266,556"/>
        <TextEquiv index="1">
          <Unicode>Dineſque cenſu sid ſecundus nemini</Unicode>
        </TextEquiv>
      </TextLine>
      <TextLine id="r0_l023">
        <Coords points="528,553 383,553 266,557 144,559 83,557 40,558 40,579 528,579"/>
        <TextEquiv index="1">
          <Unicode>Candore mentis adſum adorator tuæ</Unicode>
        </TextEquiv>
      </TextLine>
      <TextLine id="r0_l024">
        <Coords points="301,613 388,612 429,609 482,610 482,581 401,582 291,586 212,586 177,588 47,586 40,590 40,610 48,614 85,616 244,616"/>
        <TextEquiv index="1">
          <Unicode>Virtu i at tu rebus anguſtis ades</Unicode>
        </TextEquiv>
      </TextLine>
      <TextLine id="r0_l025">
        <Coords points="330,642 395,642 414,640 522,640 527,643 537,643 537,609 488,611 429,610 360,614 301,614 280,616 169,618 106,618 48,615 40,612 40,643 46,645 234,646"/>
        <TextEquiv index="1">
          <Unicode>Bona &amp; benigna. ſæpe cœleſtum ſator</Unicode>
        </TextEquiv>
      </TextLine>
      <TextLine id="r0_l026">
        <Coords points="223,674 280,674 316,672 495,669 495,643 330,643 271,646 198,646 170,648 97,646 77,647 70,652 68,652 60,646 46,646 40,644 40,675 193,676"/>
        <TextEquiv index="1">
          <Unicode>Dignatas eſt iure terrenos Lares</Unicode>
        </TextEquiv>
      </TextLine>
      <TextLine id="r0_l027">
        <Coords points="417,699 499,699 499,670 316,673 280,675 223,675 162,678 41,676 42,704 257,704"/>
        <TextEquiv index="1">
          <Unicode>Magalibuſque non perhorruit capi</Unicode>
        </TextEquiv>
      </TextLine>
      <TextLine id="r0_l028">
        <Coords points="454,728 535,728 535,700 417,700 319,704 130,707 82,705 67,706 41,704 41,731 382,731"/>
        <TextEquiv index="1">
          <Unicode>Sublime numen atque maieſtas ouis.</Unicode>
        </TextEquiv>
      </TextLine>
      <TextLine id="r0_l029">
        <Coords points="825,697 825,735 884,735 884,697"/>
        <TextEquiv index="1">
          <Unicode/>
        </TextEquiv>
      </TextLine>
      <TextLine id="r0_l030">
        <Coords points="229,764 246,762 313,762 448,758 562,758 562,730 413,730 382,732 335,732 310,734 222,734 160,737 41,734 42,766 150,766"/>
        <TextEquiv index="1">
          <Unicode>Qim nil ſuprema dignitate principum</Unicode>
        </TextEquiv>
      </TextLine>
      <TextLine id="r0_l031">
        <Coords points="434,788 528,788 533,791 589,791 589,758 448,759 313,763 246,763 229,765 151,766 143,770 84,770 70,767 61,768 57,771 41,770 41,792 314,792"/>
        <TextEquiv index="1">
          <Unicode>Sol maius vſquam luſtret, aut humana ſors</Unicode>
        </TextEquiv>
      </TextLine>
      <TextLine id="r0_l032">
        <Coords points="458,817 532,818 537,817 537,793 532,791 353,791 147,797 41,796 41,821 346,821"/>
        <TextEquiv index="1">
          <Unicode>Miretur ilie nominis tanti caput,</Unicode>
        </TextEquiv>
      </TextLine>
      <TextLine id="r0_l033">
        <Coords points="460,847 503,847 509,850 587,851 587,817 538,817 532,819 458,818 396,821 278,822 170,826 128,826 88,824 88,852 267,852"/>
        <TextEquiv index="1">
          <Unicode>Princeps chtracter atqua imago Numinis,</Unicode>
        </TextEquiv>
      </TextLine>
      <TextLine id="r0_l034">
        <Coords points="848,834 848,871 886,871 886,834"/>
        <TextEquiv index="1">
          <Unicode/>
        </TextEquiv>
      </TextLine>
      <TextLine id="r0_l035">
        <Coords points="476,850 268,852 158,856 93,856 42,854 42,877 476,877"/>
        <TextEquiv index="1">
          <Unicode>Secundus vni cteris vnus prior,</Unicode>
        </TextEquiv>
      </TextLine>
      <TextLine id="r0_l036">
        <Coords points="144,913 248,912 258,910 374,909 439,905 552,906 562,908 562,877 432,878 383,880 331,880 300,882 251,882 219,884 173,884 139,886 42,887 43,914 68,916 140,916"/>
        <TextEquiv index="1">
          <Unicode>Quo ſe min rem ducit hoc maior cluet,</Unicode>
        </TextEquiv>
      </TextLine>
      <TextLine id="r0_l037">
        <Coords points="246,941 280,938 335,939 516,935 516,907 415,907 374,910 258,911 248,913 144,914 137,919 122,920 86,920 67,916 50,916 42,914 42,942 190,942"/>
        <TextEquiv index="1">
          <Unicode>Surgitque ſeſe deprimendo. fiteus</Unicode>
        </TextEquiv>
      </TextLine>
      <TextLine id="r0_l038">
        <Coords points="449,965 564,965 570,968 610,968 610,934 560,934 556,936 472,936 335,940 280,939 246,942 168,943 159,945 134,946 81,944 73,949 44,949 44,973 174,973"/>
        <TextEquiv index="1">
          <Unicode>Dum rite pendit qam caduca res homo eſt.</Unicode>
        </TextEquiv>
      </TextLine>
      <TextLine id="r0_l039">
        <Coords points="237,999 375,998 468,995 514,997 514,966 354,968 140,975 43,975 43,1001 67,1003 145,1003"/>
        <TextEquiv index="1">
          <Unicode>Qum laueatus vittr olim regibus</Unicode>
        </TextEquiv>
      </TextLine>
      <TextLine id="r0_l040">
        <Coords points="286,1028 383,1027 403,1025 478,1025 478,997 407,997 375,999 291,999 174,1002 146,1003 143,1006 137,1008 91,1007 66,1003 44,1002 44,1031 224,1031"/>
        <TextEquiv index="1">
          <Unicode>Bello ſubatis in curulibus rotis</Unicode>
        </TextEquiv>
      </TextLine>
      <TextLine id="r0_l041">
        <Coords points="509,1054 509,1026 403,1026 383,1028 286,1029 224,1032 175,1032 148,1034 87,1035 87,1057 367,1057"/>
        <TextEquiv index="1">
          <Unicode>Sacra trtmhas iniehebatur via</Unicode>
        </TextEquiv>
      </TextLine>
      <TextLine id="r0_l042">
        <Coords points="204,1089 250,1089 276,1087 346,1088 398,1085 472,1084 548,1084 551,1086 575,1087 630,1087 630,1054 514,1054 433,1057 301,1058 199,1061 156,1064 80,1063 45,1058 45,1092 164,1092"/>
        <TextEquiv index="1">
          <Unicode>Magnam per vrbem gentiumque principem,</Unicode>
        </TextEquiv>
      </TextLine>
      <TextLine id="r0_l043">
        <Coords points="67,1122 147,1122 166,1120 244,1119 265,1117 346,1117 402,1114 443,1115 507,1113 507,1087 367,1087 346,1089 276,1088 127,1094 80,1092 45,1093 45,1125 62,1125"/>
        <TextEquiv index="1">
          <Unicode>Quo nil honore maius in terris e rat:</Unicode>
        </TextEquiv>
      </TextLine>
      <TextLine id="r0_l044">
        <Coords points="284,1151 355,1151 485,1148 485,1115 402,1115 346,1118 265,1118 244,1120 166,1121 147,1123 67,1123 60,1128 45,1127 45,1153 268,1153"/>
        <TextEquiv index="1">
          <Unicode>Huicadititiſe plebis inſimæ tolet</Unicode>
        </TextEquiv>
      </TextLine>
      <TextLine id="r0_l045">
        <Coords points="649,1144 649,1167 742,1167 742,1144"/>
        <TextEquiv index="1">
          <Unicode>Homo,</Unicode>
        </TextEquiv>
      </TextLine>
      <TextLine id="r0_l046">
        <Coords points="10,1157 10,1187 47,1187 47,1157"/>
        <TextEquiv index="1">
          <Unicode/>
        </TextEquiv>
      </TextLine>
    </TextRegion>
  </Page>
</PcGts>
