888 1312
256 80 579 102 IAMBICA.
714 80 752 102 383
87 119 514 151 Benigna cunctis, nemo voti ſobrius
90 150 514 180 Receſſit vnquam triſtis à vultu tuo.
90 181 473 209 Beata ſecla, tale quæ terris decus
92 210 510 234 Tulerel non eſt ſortis humanæ tuas
90 240 564 271 quare laudes. Cuncta complectar pio
92 270 460 300 Breuique voto: fata te diu tuis
94 298 557 329 Orbique ſeruent ſoſpitem ſuperſtitem.
93 329 553 358 Id plebs, & vna voce conſpirans eques,
94 359 491 383 Id & ſenatus orat. hoc velit Deus
97 387 598 417 Qui rem Britannam lumine æquo reſpicit:
95 417 574 446 Hoc te decet non nolle. nam regni ſalus
44 449 461 478 Suprema nutu viuit vnius tuo.
198 488 649 519 Adlohannem lVhitgiſium Arehiepiſcopum
346 521 502 546 Cæntuartenſem.
96 561 554 594 Vt pictor olim nil egens acuminis,
99 589 565 623 Quod ars magiſtra non valebat aſſequi,
95 619 531 652 Velo pudonter texit: haud diſpar ego
96 649 533 678 Dum ſumma conor ire per faſtigia
98 679 545 707 audum tuarum, moie ſubtuor graui
98 709 540 741 Victæque noſcens artis impotentiam
97 739 468 768 Honore ſacri proſequor ſilentii
100 768 503 797 Præclara dona pectoris tui, quibus
100 798 543 828 Vox noſtra longe ſe fatetur imparem.
99 827 554 855 Venerande Præſul cuius ingens gloria
100 857 553 888 Late per omnes diditur mundi plagas,
102 886 466 916 Cui iura primi detulit ſuffragii
101 913 601 942 Sancto in Senatu non fauor, non ambitus,
100 946 531 973 Non vi clientum freta factio potens,
100 974 524 1003 SoOrtiſve nutus vitreo fulgens bono:
102 1003 539 1037 Sed alta virtus, atque doctrinæ iubar,
98 1033 530 1066 Saluſque regni fauſtitaſque publica:
100 1064 503 1095 Fideliumque amica conſpiratio,
101 1091 602 1125 Queis acquieſcens illa phœnix principum
97 1121 537 1156 egina, qua fol nil videt præſantius,
731 1153 882 1181 rTe
850 1256 884 1283 I
