888 1312
354 65 645 86 BAVDII
170 105 625 128 Te vexit ad ſummos honores, vt velut
169 133 668 164 Magnanimus Atlas mente. conſultis, fide
170 164 615 195 Firmamen ingens rebus imperi fores,
169 193 619 224 Lapſamque ſecli diſciplinam moribus
169 223 599 252 Fundare poſſes, atque ritibus ſacris,
170 253 638 283 Quos inquinarat aut ſuperſtitio nocens
168 283 604 306 Defenſa Matte & arte Romuli Iouis,
168 311 589 341 Aut inſc iente mota elo exploſerat
167 342 639 372 Pietas Catonum triſtiorum, quam capit
166 372 613 401 Lex atque ſors æ tatis. in qua viuimus.
166 401 613 430 Tu priſca patrum perſequens veſtigia,
165 432 597 461 Benignus æquitatis author ordinem
165 461 641 491 Rectum reducis, atque abuſum corrigis.
165 491 682 520 Non ſi quid olim more & exemplo probum
168 521 597 550 De triuit error, poſteriimve prauitas
166 551 531 580 Adulterauit inſcientiæ ſauens,
167 580 590 610 Tolli neceſſe eſt. ſæpe ſæuius nocet,
167 610 706 638 Qam morbus ipſe ſumpta tempore haud ſue
165 640 575 664 Medela. formam ciuitatis, & viros
165 669 603 699 Nouiſe oportet indolemque ſeculi,
166 699 626 729 Quid ferre poſſit quid recuſer. ac velut
164 728 621 757 Re flante vento, cum ſubire non poteſt
162 758 623 789 Portum ſagax magiſter obliquat ſinus,
162 787 595 819 Flexuque tendit, quà directo nequit.
162 817 602 848 Sic Cenſor æquus obſecundat in loco
161 847 574 877 Vitiis adultis applicatque teimpori
161 875 608 905 Conſilia, dicta facta: non vt approbet
160 905 615 936 Culpanda ſed nc maceret ſe queſtibus
161 935 589 967 Nil profuturis aſperetque vim mali.
160 965 585 996 Non expedit mouere. ſi quid attulit
160 993 551 1026 Pios in vſus author inteſtabilis
161 1022 684 1056 Sed hunc modum ſeruabit hancmodeſtiam
160 1052 622 1083 Vindex honeſtus t palam ſit omnibus
158 1080 600 1115 Facti genus plac non facti ducem.
158 1109 562 1144 Eſto, impot nter Ius cſt potentia
706 1141 806 1171 Tarpeius
