888 1312
244 69 555 96 IAMBICA
705 82 745 103 385
88 110 526 142 Tarpeius iſte fulminator principum,
88 140 512 171 Cuius ſuperbam vim refregit altior
87 170 462 200 Sexu virago maſculiq; pectoris
86 200 521 229 Regina nullis ſat loquenda vocibus
87 230 573 262 An hocce crimen tangit integros probri,
89 259 528 288 Suuſq; dignis denegandus eſt honos?
89 289 541 319 Profuſor idem perdit indignis modis,
88 319 523 350 Luxuq; vexat ac trahit miſeras opes.
87 348 503 382 Ideone paupertate damnari placet
90 379 524 410 atres vcrendos, & ſacros antiſites?
89 408 488 436 Ino impijs abcicta poſſeſloribus
89 437 529 467 Bona ad bonos redire cultores decet.
92 467 542 497 Siclex ſuprema poſtulat, populi salus,
93 496 522 525 Hæc vna finis, menſq; donandi fuit,
92 526 498 555 Hoc fonte fluxit ampla libralitas
91 556 501 586 Aui prioris, vnde virtutum ſeges
90 585 532 615 Opima ſurgit, cum redundant copijs
90 615 598 646 Qui prouidenter munere hoc frui queunt.
88 643 544 673 In hocce cenſu, ſi quis vnquam vir fuit
89 675 529 703 Dignus reponi iure primatem locum
89 703 481 733 Tueris o ſublimis heros quiliet
91 734 545 764 Suprema cuncta ſi adeptus at tamen
90 764 483 792 Virtute vera pectriique dotibus
90 792 530 816 Præuertis omne ſortis excelſæ decus.
90 820 497 850 Felix fauenſq; rebus anguſtis ades.
90 851 524 880 Te noſter ardor ambit ad cœlum pio
89 879 516 909 Vocare verſu & conſecrare poſteris.
90 909 503 941 Verum dicore non requirit extero
91 939 562 968 Fulgere nomen lautq; ciarorum virûm
92 969 504 998 Suopte cenſu diues, & pudor vetat
91 998 572 1030 Tei ar iouus ferre quod vircs negant.
93 1028 522 1059 Sed tcorila ſlote depni ſolet
91 1057 604 1091 Diuimante igna cum nequit targi caput:
92 1087 401 1108 Had al: ter csi uoidr
414 1088 543 1110 ſ.dtoOs
91 1115 523 1146 Hquar honores, debili tamen ſono
152 1147 307 1166 o. rs Prius.
454 1149 746 1181 b Pto:te
4 1155 44 1191 M
