888 1312
720 91 765 115 387
261 94 569 115 AMEICA.
48 137 517 168 lendore mentis. vera liberall tas
102 168 568 195 Non metienda eſt apparatu munerum,
105 196 533 226 ed æquitate dantis: ampla dat ſatis
103 224 615 256 Qui dat merenti non grauatè quod poteſt.
48 255 580 285 Punctuq; complet omne gratitudinis
103 285 534 314 Qui corde gratiam reponit & parem
104 313 585 343 Seſe merendo præbet hoc poſſum modo
47 342 618 376 Largum atq; munem comprobareme tibi,
103 374 538 405 Qui ſpernis à re vile vulgus, nec lices
102 402 589 434 Vno aſſe quidquid æſtimare plebs amat,
103 433 469 463 Caduca ſortis arbitrariæ bona
102 463 531 485 Collectus in t ſicuti mundus teres
1 491 489 521 HIihil reſignas rebus externis tui.
101 521 530 546 Virtute ſolaxus, ac Deum ducem
101 550 551 579 Secutus omni ex parte ciuis ſtrennui
99 579 593 610 Laudem tueris, Cenſor haud luſtri vnius,
99 609 516 638 Nec annuâ Legatus, aut trimâ die,
101 636 571 668 Sed iude conſtans vt Senator omnibus
101 666 601 698 Simplex honeſtum prætuliſti commodis,
44 698 522 729 Defenſor acer optimarum partium,
99 727 494 758 Regiq; fidus dura per diſcrimina.
98 755 597 785 Mace ho honore. ſi quid audebunt meæ
99 787 512 817 Sperare Muſæ, ſi quid auditu canet
100 814 612 846 oxnoſlra dignun, te loquemur poſteris,
99 844 503 879 Te gloriâ tollemus, ac nullus dies
98 874 523 898 Ilſuſtre nomen eximet ſeclo tuum.
231 914 630 942 Ad arolum Meinardum Senatorem
359 944 495 971 aiſioſem.
44 984 603 1015 Meinarde clarum patriæ ac patrum decus,
96 1015 539 1044 Idemq; mœſtis dulce præſidium reis.
95 1044 579 1072 Si laudum ab omni parte felicem virum
92 1073 546 1102 Decet reprendi, ſi tenendus eſt modus
93 1102 537 1133 Virtute in ipſa, quo bono maius nihil
91 1132 496 1155 Dedere fara: libere eſfabor. nimis
633 1161 752 1191 uum-
404 1161 471 1184 B2
