888 1312
384 74 631 103 BAVDII
184 111 667 159 quumq; præter ac bonum Clementiæ
186 142 651 184 5ectaris auram dum reformidas vadum
187 171 650 213 C rudeltatis, mente non mala quidem
171 200 717 244 Facinus tamen committis exemplo malum,
184 231 619 273 ræſertim in hac ce prauitate ſeculi,
186 260 639 307 Quo falſitatum tanta ſuccreſcit ſeges,
185 290 621 335 V his mederinulla iam poſſit ſalus,
184 321 556 361 iſi ſalubri miſſione ſanguinis.
185 351 576 395 ac ine leges inuoco Cornelias,
187 382 602 421 Grtauiq; dignam Curia ſententiam
188 410 618 454 Supplex requro. tu Senator integer
188 440 563 479 Aude ſeuerus eſſe. neu pati velis
186 477 541 508 Vt ſolata legis ac pœnæ metu
186 496 664 544 Triumphet amens perditorum audacia.
192 531 614 573 Quid namq; proſit ore ferreo canes
189 559 587 598 nfamia notare? ſcilicet modum
191 588 574 627 Ponet furori conſulet famæ ſuæ,
191 619 586 659 Parcet alienæ, viuet emendatius,
193 646 642 689 Mores renget, vimq; naturæ adferet:
196 676 628 716 Cui nil ſupernt integræ frontis nhil
195 706 645 747 Obſtat pudori? prodiga eſt CIementia
196 737 645 774 Seruando ſontes ire perditum bonos.
194 771 603 803 Miſeratio iſta læua miſeriam creat,
193 794 647 837 Prauiſq; demit ciuibus metum. probis
195 823 692 863 Scuritatem. nam quid horrendas iuuat
196 857 591 894 Sancire leges quæ, velut rubigine
196 888 636 920 Conſtrictus enſis, aut inuſu torpeant,
197 913 664 957 Aut deſpicatu? pœna ni culpas premit,
199 942 675 986 Quorſum querelæ? ſofitur vis imperi
196 973 632 1016 Legumq; ſacroſancta maieſtas perit,
199 1008 623 1045 Impune ſi quis alliget vetito caput,
198 1033 639 1068 Hæc lentitudo ac mollis indulgentia
197 1062 651 1103 Populos & vrbes ſæpius peſſumdedit,
200 1091 701 1134 Quam bellicoſa vis, & hoſtium phalanx.
198 1120 650 1157 Non alius œſtros in furorem compulit
764 1140 834 1167 Exſen-
