888 1312
714 78 753 98 389
257 81 564 114 IAMBICA.
47 120 552 153 Exſenſa corda plebis, ac rebellibus
48 150 563 184 Admouit iras. quippe quos amor boni,
98 180 540 211 Pudorq; famæ non reflectit à probris,
1 193 510 240 Malo metuq; ſunt coercendi, velut
49 240 494 269 Flagris oportet aſperis domarier
49 269 550 298 Validos triones. publice refert minus
48 298 581 327 Bonis honorem non habere, quam malos
48 328 486 357 Impunitatis illecebrâ proſequi.
49 356 549 388 Quippe hos ineptæ lenitatis ſpes facit
49 387 511 415 Audentiores. at bonum ſi negligas
49 418 477 448 Ignauior fit, & ſui verens minus.
49 447 564 477 Hæc ſcita ſi quam mente firmiter tenes
49 476 537 506 Tam perſequaris opere, nil erit ſuper
49 500 606 536 Qud carpat in te Momus, aut optent boni
304 546 555 574 CL. V. I. aaubno.
47 586 505 616 Quamuis decàre ſat refulgeat ſuo
100 616 575 647 Tranquilla virtus qam nec aura gloriæ
48 647 522 675 Ventoſa tollit. nec repulſa deprimit
99 675 576 704 Veris ouantem & acquieſcentem bonis:
99 704 596 733 Illam tamen procatur atque ambit volens
48 734 521 764 Secunda fama, calcar inolis bonæ:
48 764 564 793 Comiſq; laus, vt vmbra corpori comes,
100 794 512 823 Vios adulat, qui vel arribus togæœ,
101 824 448 846 Vel Martiali floruere adorea.
101 850 636 882 Nam pauca gens ſelecta, queis nudum decus
49 881 492 909 Pateſcir, vni conſcientiæ ſtudent
47 910 565 941 Rectiq; amore limitem rectum ſecant:
47 939 534 970 Pleroſqlaudum blanda ſiren allicit,
100 970 468 993 Vt arduæ virtutis inſiſtant iter,
47 1000 514 1029 Quod aſpero labore vallauit Deus,
47 1028 498 1061 Ne gratuito tanta ſors obtingeret
51 1058 527 1088 Quà ſegnibus reiq; nullæ, quà viris.
47 1087 566 1116 Hoc ducta ſenſu prouidens Antiquitas
48 1117 478 1150 Contigua fana deſtinauit cultui
667 1142 742 1165 Virtu-
457 1145 524 1170 Bb 3
