888 1312
257 81 564 114 IAMBICA.
89 119 552 152 Exſenſa corda plebis, ac rebellibus
89 150 563 182 Admouit iras. quippe quos amor boni,
98 180 540 211 Pudorq; famæ non reflectit à probris,
88 209 510 240 Malo metuq; ſunt coercendi, velut
88 240 494 269 Flagris oportet aſperis domarier
89 269 550 298 Validos triones. publice refert minus
89 298 581 327 Bonis honorem non habere, quam malos
89 328 486 357 Impunitatis illecebrâ proſequi.
89 356 549 388 Quippe hos ineptæ lenitatis ſpes facit
89 387 511 415 Audentiores. at bonum ſi negligas
89 418 477 448 Ignauior fit, & ſui verens minus.
88 447 564 477 Hæc ſcita ſi quam mente firmiter tenes
89 476 537 506 Tam perſequaris opere, nil erit ſuper
89 500 606 536 Qud carpat in te Momus, aut optent boni
304 546 555 574 CL. V. I. aaubno.
89 586 505 616 Quamuis decàre ſat refulgeat ſuo
100 616 575 647 Tranquilla virtus qam nec aura gloriæ
89 646 522 675 Ventoſa tollit. nec repulſa deprimit
99 675 576 704 Veris ouantem & acquieſcentem bonis:
99 704 596 733 Illam tamen procatur atque ambit volens
89 734 521 764 Secunda fama, calcar inolis bonæ:
89 764 564 793 Comiſq; laus, vt vmbra corpori comes,
100 794 512 823 Vios adulat, qui vel arribus togæœ,
101 824 448 846 Vel Martiali floruere adorea.
101 850 636 882 Nam pauca gens ſelecta, queis nudum decus
89 881 492 909 Pateſcir, vni conſcientiæ ſtudent
88 910 565 941 Rectiq; amore limitem rectum ſecant:
89 939 534 970 Pleroſqlaudum blanda ſiren allicit,
100 970 468 993 Vt arduæ virtutis inſiſtant iter,
89 999 514 1029 Quod aſpero labore vallauit Deus,
89 1029 498 1059 Ne gratuito tanta ſors obtingeret
88 1058 527 1088 Quà ſegnibus reiq; nullæ, quà viris.
89 1087 566 1116 Hoc ducta ſenſu prouidens Antiquitas
88 1116 478 1150 Contigua fana deſtinauit cultui
667 1142 742 1165 Virtu-
