888 1312
368 61 663 85 BAVDII
174 102 648 134 Vittutis, atque Honoris hos enim decet
169 131 624 160 Clarere famâ ornari honore. laudibus
173 161 591 191 Ad aſtra ferri, quos benignâ vi lacit,
170 189 679 223 Vulgoque ademptos conſecrat Virtus ſibi.
176 219 723 252 Quod ſi quis vnquam munere hoc dinus fuis,
174 247 674 276 Tues vnus ille, flos virûm C AAVBONE,
170 278 680 308 Cuius nec aliam ſpem reproſſit temporum
169 308 637 341 Morumq; ſidus peſtilens menti bonæ:
172 338 563 368 Nec tardius cultura cœpta ſeduli
168 369 552 395 Votum coloni fſore luſit irrito.
173 397 621 431 Quin vt malo inualeſcit ardor, & diu
171 428 553 458 IDilata ſurgit lætius fœcunditas:
169 458 565 487 Sic viuide Virtutis acer impetus
172 487 562 515 Fauore cœli ſetus inuium nihil
168 518 575 546 Inuenit. aſt amore peruico moras
166 546 622 578 Perrupit omnes. dura per diſcrimina
176 577 630 602 Sic creuit olim roburinuicti Herculis.
171 605 595 635 Sic altius radice comprendit ſolum
171 636 578 668 Pulſata ventis arbor, & ſæuo ioue
170 665 584 696 R ubiginoſus deterit ferrum ſitus,
174 696 611 726 Torpere inuſu quod recondito ſinas.
174 725 558 758 Ignaua virtus obſoleſcit. & graui
174 755 599 783 Senet vetern0namq; per cuniculos
170 786 542 817 Obrepit aſtu blandiens inertia,
168 817 625 846 Senſimq; diæ mestis occupat Larom.
167 846 638 877 rimo pedaru inuiſa, dein voti potens,
176 874 716 908 Quidqid viri eſt in homine mancupat ſibi.
169 905 651 936 Quæ peſtis in e frandulenter aut palam
168 935 584 964 Graſſata ſenſit artis impotentiam.
175 966 651 997 Qui ppe eius omnes & dolos, & impetus
171 997 515 1026 Eluſit atq; eliſit indoles tua
177 1025 683 1054 Nil humile ſpirans nec rudis certaminum.
172 1054 585 1084 rgo Dei virtnte prouiſum eſt tibi,
176 1084 633 1113 Ne poſſit nquam nomen emori tuum.
170 1113 628 1140 Tibi nitentem e tranſmarinis floribus
741 1140 815 1164 Peit
