<?xml version="1.0" encoding="UTF-8" standalone="no"?><PcGts xmlns="http://schema.primaresearch.org/PAGE/gts/pagecontent/2019-07-15" xmlns:xsi="http://www.w3.org/2001/XMLSchema-instance" xsi:schemaLocation="http://schema.primaresearch.org/PAGE/gts/pagecontent/2019-07-15 http://schema.primaresearch.org/PAGE/gts/pagecontent/2019-07-15/pagecontent.xsd"><Metadata><Creator/><Created>2022-04-20T13:03:03</Created><LastChange>1970-01-01T00:00:00</LastChange><Comments/></Metadata><Page imageFilename="0449.png" imageHeight="1312" imageWidth="888"><TextRegion id="r1" orientation="0.0" type="paragraph"><Coords points="1,1 886,1 886,1310 1,1310"/><TextLine id="l1"><Coords points="359,46 359,72 613,72 613,46"/><TextEquiv><Unicode/></TextEquiv><TextEquiv index="1"><Unicode>BAVDII</Unicode></TextEquiv></TextLine><TextLine id="l2"><Coords points="584,87 163,86 163,114 166,115 371,118 584,118"/><TextEquiv><Unicode/></TextEquiv><TextEquiv index="1"><Unicode>uo ſeſe in ltos induit caſſes mali.</Unicode></TextEquiv></TextLine><TextLine id="l3"><Coords points="631,118 625,121 566,121 499,119 157,117 157,142 184,144 294,147 631,147"/><TextEquiv><Unicode/></TextEquiv><TextEquiv index="1"><Unicode>Nunc ſcelere in ipſo deprehenſus ilice</Unicode></TextEquiv></TextLine><TextLine id="l4"><Coords points="614,151 549,151 469,148 157,148 157,175 614,178"/><TextEquiv><Unicode/></TextEquiv><TextEquiv index="1"><Unicode>Tnetur arcte, elabi vt arte non queat.</Unicode></TextEquiv></TextLine><TextLine id="l5"><Coords points="593,180 539,180 511,178 446,177 155,176 155,201 169,201 178,203 593,204"/><TextEquiv><Unicode/></TextEquiv><TextEquiv index="1"><Unicode>Vertas in omnes ipſe te formas licet</Unicode></TextEquiv></TextLine><TextLine id="l6"><Coords points="696,209 683,208 643,207 637,210 561,210 498,207 164,207 164,232 191,234 395,234 558,238 696,238"/><TextEquiv><Unicode/></TextEquiv><TextEquiv index="1"><Unicode>ertumne Proteu, contrahas quidquid dolo,</Unicode></TextEquiv></TextLine><TextLine id="l7"><Coords points="567,239 557,238 449,236 157,236 157,260 567,260"/><TextEquiv><Unicode/></TextEquiv><TextEquiv index="1"><Unicode>Vel impoteute contumacia vales:</Unicode></TextEquiv></TextLine><TextLine id="l8"><Coords points="599,267 475,267 336,264 158,264 158,292 164,293 361,292 406,294 599,294"/><TextEquiv><Unicode/></TextEquiv><TextEquiv index="1"><Unicode>Non eſt vt elabaris, hoc vulpes habet,</Unicode></TextEquiv></TextLine><TextLine id="l9"><Coords points="548,297 535,296 405,294 160,294 160,321 360,321 397,323 548,323"/><TextEquiv><Unicode/></TextEquiv><TextEquiv index="1"><Unicode>Iam pellio de pelle tranſegit tua.</Unicode></TextEquiv></TextLine><TextLine id="l10"><Coords points="555,326 460,326 413,325 396,323 157,323 157,349 164,350 221,352 316,351 377,353 555,353"/><TextEquiv><Unicode/></TextEquiv><TextEquiv index="1"><Unicode>Liquido periſti te Rapinius rapit</Unicode></TextEquiv></TextLine><TextLine id="l11"><Coords points="663,355 621,354 605,352 592,355 541,356 316,352 154,352 154,380 282,380 376,382 663,382"/><TextEquiv><Unicode/></TextEquiv><TextEquiv index="1"><Unicode>Rhadamanthus aſper irreprenſis ſenſibus</Unicode></TextEquiv></TextLine><TextLine id="l12"><Coords points="651,388 598,386 489,386 423,383 161,383 161,410 314,410 438,413 651,413"/><TextEquiv><Unicode/></TextEquiv><TextEquiv index="1"><Unicode>Quenm nulla rect flexit vnquam de ſtatu</Unicode></TextEquiv></TextLine><TextLine id="l13"><Coords points="602,417 600,416 314,411 177,410 154,411 154,439 353,440 397,442 602,442"/><TextEquiv><Unicode/></TextEquiv><TextEquiv index="1"><Unicode>Spes aut libido munerumve largitas.</Unicode></TextEquiv></TextLine><TextLine id="l14"><Coords points="677,444 646,444 642,446 633,447 516,445 469,442 160,442 160,469 677,469"/><TextEquiv><Unicode/></TextEquiv><TextEquiv index="1"><Unicode>Quanquam educatus in Camœ narum ſinu</Unicode></TextEquiv></TextLine><TextLine id="l15"><Coords points="580,475 321,470 157,470 157,497 273,499 406,499 438,502 580,502"/><TextEquiv><Unicode/></TextEquiv><TextEquiv index="1"><Unicode>eprcunctos anteceit. attamen</Unicode></TextEquiv></TextLine><TextLine id="l16"><Coords points="536,504 438,503 406,500 154,500 154,527 164,528 536,528"/><TextEquiv><Unicode/></TextEquiv><TextEquiv index="1"><Unicode>Nil viuit ilo importuoſius reis,</Unicode></TextEquiv></TextLine><TextLine id="l17"><Coords points="611,532 154,532 154,560 221,560 223,558 341,558 369,560 611,560"/><TextEquiv><Unicode/></TextEquiv><TextEquiv index="1"><Unicode>QuosexatAtenunc Molæus in tuos</Unicode></TextEquiv></TextLine><TextLine id="l18"><Coords points="569,564 482,561 368,560 222,560 215,563 157,562 157,586 320,588 366,590 569,590"/><TextEquiv><Unicode/></TextEquiv><TextEquiv index="1"><Unicode>Inquirit actus. excutitque crimina</Unicode></TextEquiv></TextLine><TextLine id="l19"><Coords points="157,591 157,614 537,614 537,591"/><TextEquiv><Unicode/></TextEquiv><TextEquiv index="1"><Unicode>Senator acer, cuius accitu redit</Unicode></TextEquiv></TextLine><TextLine id="l20"><Coords points="521,622 458,622 315,618 158,618 158,644 173,644 183,646 332,647 380,649 521,649"/><TextEquiv><Unicode/></TextEquiv><TextEquiv index="1"><Unicode>Aſtræa terris. &amp; ſeueritas prior.</Unicode></TextEquiv></TextLine><TextLine id="l21"><Coords points="615,649 600,648 567,648 556,652 430,651 332,648 158,648 158,674 178,676 258,675 313,677 615,677"/><TextEquiv><Unicode/></TextEquiv><TextEquiv index="1"><Unicode>Ergo paratam ſcis tibi certam crucem,</Unicode></TextEquiv></TextLine><TextLine id="l22"><Coords points="574,682 397,680 258,676 159,676 159,703 227,706 331,706 390,708 574,708"/><TextEquiv><Unicode/></TextEquiv><TextEquiv index="1"><Unicode>Nec reſtat vllus vſpiam fugæ locus,</Unicode></TextEquiv></TextLine><TextLine id="l23"><Coords points="598,712 471,711 331,707 158,706 158,732 165,733 385,738 598,738"/><TextEquiv><Unicode/></TextEquiv><TextEquiv index="1"><Unicode>Nec ſpes medelæ. ſola tortoris manus</Unicode></TextEquiv></TextLine><TextLine id="l24"><Coords points="607,740 502,741 422,740 384,738 158,738 158,762 197,762 210,764 252,765 322,765 389,768 607,768"/><TextEquiv><Unicode/></TextEquiv><TextEquiv index="1"><Unicode>Sontem expiare conſcientiam poteſt.</Unicode></TextEquiv></TextLine><TextLine id="l25"><Coords points="597,771 389,769 322,766 158,766 158,793 165,794 251,793 424,798 597,799"/><TextEquiv><Unicode/></TextEquiv><TextEquiv index="1"><Unicode>Quid igitur vltrà corde peruicax tegis</Unicode></TextEquiv></TextLine><TextLine id="l26"><Coords points="609,801 371,798 347,796 251,794 155,794 155,819 157,820 198,822 249,822 269,824 339,824 379,827 609,828"/><TextEquiv><Unicode/></TextEquiv><TextEquiv index="1"><Unicode>ommiſſa vitæ.? quin fatendi gloriam</Unicode></TextEquiv></TextLine><TextLine id="l27"><Coords points="620,830 584,831 517,830 485,828 379,828 339,825 268,824 147,824 147,850 158,851 268,852 319,855 463,858 620,858"/><TextEquiv><Unicode/></TextEquiv><TextEquiv index="1"><Unicode>Capeſſis, vt mens naufrago de corpore</Unicode></TextEquiv></TextLine><TextLine id="l28"><Coords points="579,860 405,858 319,856 296,854 151,854 151,879 163,880 242,881 297,884 356,885 579,885"/><TextEquiv><Unicode/></TextEquiv><TextEquiv index="1"><Unicode>Salutis olim tangat optatæ vadum?</Unicode></TextEquiv></TextLine><TextLine id="l29"><Coords points="650,885 622,885 605,889 490,889 355,885 297,885 272,883 155,883 155,909 310,914 650,914"/><TextEquiv><Unicode/></TextEquiv><TextEquiv index="1"><Unicode>Vnum hoc ſuperfit rebus in malis bonum,</Unicode></TextEquiv></TextLine><TextLine id="l30"><Coords points="628,920 624,919 449,918 400,917 380,915 310,915 272,913 149,913 149,938 160,939 284,943 399,944 420,946 628,946"/><TextEquiv><Unicode/></TextEquiv><TextEquiv index="1"><Unicode>Vt, quod vides periſſe perditum putes.</Unicode></TextEquiv></TextLine><TextLine id="l31"><Coords points="606,949 420,947 399,945 283,943 154,943 154,968 162,969 252,971 606,971"/><TextEquiv><Unicode/></TextEquiv><TextEquiv index="1"><Unicode>Fortuna quondam ſluxit ex voto tibi,</Unicode></TextEquiv></TextLine><TextLine id="l32"><Coords points="608,977 500,978 364,975 311,972 155,971 155,997 267,1001 341,1001 356,1003 403,1005 608,1005"/><TextEquiv><Unicode/></TextEquiv><TextEquiv index="1"><Unicode>Si quid nefaſtis eſſe proſperum poteſt,</Unicode></TextEquiv></TextLine><TextLine id="l33"><Coords points="597,1008 449,1007 356,1004 341,1002 152,1000 152,1026 167,1027 206,1029 597,1029"/><TextEquiv><Unicode/></TextEquiv><TextEquiv index="1"><Unicode>Proſper patraſti ſcelera. creuiſti malo.</Unicode></TextEquiv></TextLine><TextLine id="l34"><Coords points="660,1034 639,1034 634,1036 622,1037 612,1036 497,1037 411,1034 312,1033 242,1030 153,1030 153,1056 166,1057 275,1059 298,1061 354,1061 430,1065 660,1065"/><TextEquiv><Unicode/></TextEquiv><TextEquiv index="1"><Unicode>Per crimen agros. remaremque poſſides,</Unicode></TextEquiv></TextLine><TextLine id="l35"><Coords points="573,1067 430,1066 354,1062 297,1061 155,1061 155,1085 186,1085 206,1087 321,1091 573,1091"/><TextEquiv><Unicode/></TextEquiv><TextEquiv index="1"><Unicode>Peruenit ad te Plutus auerſo Ioue,</Unicode></TextEquiv></TextLine><TextLine id="l36"><Coords points="589,1097 433,1095 411,1093 344,1093 233,1088 154,1088 154,1120 589,1121"/><TextEquiv><Unicode/></TextEquiv><TextEquiv index="1"><Unicode>Sed nil diunat quod fit auerſo Ioue:</Unicode></TextEquiv></TextLine><TextLine id="l37"><Coords points="715,1127 715,1156 796,1156 796,1127"/><TextEquiv><Unicode/></TextEquiv><TextEquiv index="1"><Unicode>quo</Unicode></TextEquiv></TextLine><TextEquiv><Unicode/></TextEquiv></TextRegion></Page></PcGts>