888 1312
228 58 543 83 AMBICA.
72 100 544 133 Stuo bonoq; cuncta conſtant occupar
74 131 502 162 gnotus hæres ſcelere quæſitas opes.
74 158 535 191 Vultum remouit, t quidam falſus ſpei
75 189 435 214 Rebare. Numen a tui cutodia:
76 212 520 244 Sed non recoſſit, aut in hoc receſſit, vt
81 248 540 281 Confoſſus olim pluribus plagis gemas.
80 279 456 310 Ergo efficaci veritati da manus,
80 304 555 340 Frange obſtinatum pectus, vtq nobilem
80 335 583 368 Decet laniſtam totque palmarum ducem.
76 364 565 399 Iugulo ſtatutam fortiter mortem excipe
79 395 488 429 Deoq; votis ſupplica flagrantibus,
83 426 445 456 Vt hoc pia clo rite placari velit
75 456 469 487 Expoſta cunctis ara gratiæ patet,
87 483 521 514 Quos alte adactus angit errati dolor.
76 513 509 547 Fit oceupantis neminemq; deſpicit
82 544 499 574 Faflu ſuperbo cœitum benignitas.
87 571 515 599 Inunc ſceleſta turba, fide fraudibus,
87 602 503 629 ætare furto conſcium noxæ diem
86 633 465 659 Videre vites tu videris interim,
86 661 489 694 Domeſticoq; ſub flagello vapulas.
89 691 527 720 Eſt æuiternus ille rex qui deſuper,
93 717 587 753 Quæ nos homulli gerimus audit ac videt.
93 748 515 783 Qui condit alto ſub receſſu pectoris
91 780 505 812 Incogitatq; probra, teſte non caret,
88 808 508 842 Ipſoq ſemet iudice abſolui nequit.
80 837 550 870 Hanc legem iniquis æqua ſanciit Dice,
96 867 519 898 Solio verendi quæ Tonantis aſſidet,
80 896 544 923 Vt nemo invltus auferat ſuum ſcelus.
94 926 517 956 Dinina lento pœna procedit gradu,
79 955 522 986 Sed tarditatem penſat vſura graui.
99 984 541 1016 Sunt quos repente mactat infortunio
97 1014 543 1043 leſtis draſteia, ſunt quos in diem
98 1046 554 1077 Reponit, vt vel pœnitendo prouocent
99 1073 574 1107 Culpæ remiſſam, cuncta vel ſimul luant.
97 1103 501 1139 cunq; ſfacta digna plecti legibus
653 1121 755 1162 Falt
