888 1312
256 72 568 105 IAMBICA.
702 75 742 96 397
1 103 558 152 efecta nunc humore vix vitam trahit
65 143 489 171 Nil Attalo decedet inde, cui ſluit
1 156 519 211 Perennis auro gurges. & vinci negat
1 201 538 240 Rebellis arca nam quid è meſſe vberi
51 231 511 266 Maniplus aut racemus è vindemià
51 261 527 295 Deruere poſſiti te ſequetur proſpera
50 291 499 327 Benignitatis fama, quod voto leui
51 321 490 354 Digneris aſpirare me nullus dies
103 352 635 384 Vel imparem, vel mentis ingratum argutt.
51 381 528 414 Nil quippe duco piuris in vitâ præut
52 409 540 437 Famam tueri, nomen & dici bonum.
197 446 632 477 Ad Emeri:rum Vicum Rg egatum atud
369 480 467 502 Helictias,
51 516 492 553 Etſi dolore corpus vrgetur graui.
50 544 539 582 Curiſq; mens onuſta torpet, & pigra
107 576 490 608 Se mole verſat, noxiaq; affligitur
53 606 454 639 Sodalitate contubernalis ſui,
107 632 578 668 Nec mtginari ſerium quidquam poteſt
106 664 600 697 Tamen repoſtum nomen atq; hoos tuus
86 697 475 725 Iu hocce noſtri pe ctoris larario
108 722 504 761 Tantas amorum ventlat faces, vti
108 757 549 784 Deſideris vim temperare non queam,
110 780 547 819 Quin euaporem quamlibe rui ſono
109 812 523 842 Ex æſtuantem mentis affectum piæ.
110 839 571 876 Non quod tuas æquare verſu poſtulem
1 856 551 901 Laudes, & illam continenter quæ tuis
111 897 572 935 Dictiſq; factiſq aſſidet placens Charis.
112 925 614 964 Tam grande niunus noſra non ſumit ſibi
111 958 491 989 Thalia vires lance qu pari ſuas
112 988 513 1022 Librarc docta nil laceſli amplius,
114 1015 587 1053 Nil poſc t vltrà quam cliens vti bonus
113 1043 599 1082 Memorq; in omne tem pus approber tibi,
115 1074 578 1111 Patrone magne qud tuorum me velis
115 1103 570 1139 Cenſere cenſu, quo ono maius nihil
653 1134 760 1162 Vnquam
