888 1312
409 82 664 109 BVDIT
190 120 706 150 Vnquam ærbtrabor mente dum ſanafruar.
190 150 646 181 Sed quando non eſt artis aut opis meæ
190 180 576 203 Grates referre. tot fauoribus tuis
189 209 672 238 Sicvinctus vndequaque claudor, vt mihi
188 237 602 267 Siet neceſſe viuere ingrato & mori,
186 267 620 299 Nil aliud aut ſperare debes aut queo
187 297 718 327 Spondere quam quod morar & viuam tuus.
406 343 604 368 Benedict Tretino,
183 377 624 410 Rapacis horæ præda mortales ſumus,
181 408 596 440 Vitæq; florem ſinguli carpunt d es.
182 438 584 472 Pluit iuuentas. labitrq; de mana
183 468 611 500 Ver illud æui dein la:enibus modis
181 496 563 530 Obrepit ætas incubatq ſequior,
179 526 667 564 Dum frugis exſors, immemorq; originis
178 558 641 591 Humana gens aut aliud, aut nugas agit.
179 586 632 618 Cuncti fatigant improbe votis ouem,
179 615 603 649 Vt ad ſenectam fas ſit ætatem gradi:
179 644 611 680 Poſt vt cupitum contigere limitem,
178 674 636 705 Plorant adeptam, ſpes & incuſant ſuas.
176 705 638 740 Non præteractis temporum decurſibus
174 734 584 764 Longi nqua vita conſtat. is diu fuit,
174 763 594 795 Parumq; vixit qui voluptates malas
173 792 588 828 Sectatus, aut abſtruſus informi ſitu
172 821 606 857 Traduxit annos Neſtoris ſeclo pares:
170 852 561 879 Vetus, vietus & veternoſus ſenex.
170 880 618 914 Nil morte diſtat quiſquis in vita nihil
169 910 576 945 Molitur vnde ſe nepotibus probet
169 938 553 969 Vxiſſe. ſolus ille viuendi modos
168 969 574 1002 Ac iura callet, qui negotio lubens,
167 997 542 1030 Actuq; lætus auc upat ſibi decus
167 1028 609 1058 Aut inclyti facinoris aut artis bonæ.
166 1057 615 1090 Paucis benigno numine indulſitDeus
164 1086 520 1122 t itc norint ordinare munia
163 1114 568 1147 Euigas ui. iuâa s obſidet labos
724 1156 802 1181 r
