888 1312
342 64 609 92 BAVDII.
168 103 612 133 Miſeræq; ſpe mercedis in ferrum ruit,
168 133 621 158 Vt funus addat funeri, aut cæſus cadat,
160 163 645 191 Animamq; fundat inter immanes rogos.
169 191 588 220 Quem fata ſint datuta tot laboribus
168 220 627 250 Finem exitumq;. ſera monſtrabit dies
168 250 610 278 Miratur ingens orbis has rerum vices.
169 280 670 309 Nec fama quidquam maius in terris ſonat.
293 326 654 358 Iohanmi Vſſani lythœorum nepoti.
169 364 597 393 Præclara cunctos obligat neceſſitas,
168 394 549 422 Et liberalis atq; lonora ſt ruitus,
169 423 519 452 Vti volentes & parato pectore
169 452 565 482 Duros labores ac moleſtias ſerant
169 482 551 510 Virtutis ergo. vera libertas enim
171 511 613 541 Seruire famæ, perſequi mores probos,
170 540 597 569 Iuſſiſq; recti obtemperare nos iuber
171 570 587 601 Nec liber vllus viuit loc lber iugo,
171 600 678 629 Niſi gen neotum quos voluptas, & malus
172 628 577 658 Cupido ſeruos vſq mancupat ſibi.
171 659 619 683 Sed ante cunctos hæc honeſti lex tenet
173 687 711 719 Sobolem ttentæ cui propi iiquus, aut parens
170 718 605 747 Eempla laudum. pruioſq;; tramites
170 746 640 778 Mon ſtrauit hæc te cura tangit. hinc tibi
160 775 581 807 Metenda creſcit frug selecte ſeges.
172 806 635 836 Iquo domus tyhœa Muſarum parens,
160 833 617 863 Et artibus fœ cunia ſpem tuam vocat.
171 863 593 892 Sors dura vitæ, ſud onenda ſortibus
170 894 629 926 Torpere mentem proh bet ignauo ſitu.
171 922 594 947 Grauemt bi conititit aduerſariam
169 953 607 981 Decus tuorut perq urium manus
171 979 630 1011 Tranſcr pta vir us glri herditas,
172 1010 569 1043 Quam te l. boris cirduo niſa decet
166 1039 586 1069 Parare. non ſit abſq, vi diſeriminum
170 1067 638 1101 Certamen anceps, vnde ſurgit inelytum
168 1095 599 1123 Per ſecla nomen, ſed moleſtias lIeuat
753 1135 816 1156 LausI
