888 1312
690 69 741 90 40E
235 69 547 90 IAMBCA.
86 108 533 139 Laus alma, pulcræ ſuſcitamen indolis,
1 139 558 174 Fructuq; longo penſat ærumnas breues.
50 169 520 197 Hæc monerem mos amorq; feruidus
50 199 471 230 Coëgit, etſi vocis haud eges meæ
50 228 476 258 Satis ſuperq; pronus impulſu tuo
1 258 449 295 u Niti ſuprema laudis ad faſtigia.
87 286 520 317 Sed vt cruenti quum dedit belli tuba
49 316 501 347 Ferale ſignum, ſtatq; miles in ſtatu:
49 347 539 376 Dux haud fugaces atq; inertes, at viros
49 376 480 408 Pugnare fortes inclytoſq; adoreis
85 407 520 433 Hortatur ore verba nil enim queunt
85 435 507 466 Iuuare ſegnes, obſtat auribus pauor,
86 462 614 496 Omnemq; corde expectorat ſenſum boni.
49 494 548 524 Sic me cupido inceſsit vrgendi gradum
55 522 556 558 Currentis vltro. lætus vt quod iam facis
47 553 452 590 Feciſſe pergas, æmuluſq; ſis tui.
296 595 524 619 VVnando Euervinio.
46 637 497 664 Iuuenis beate, cuius indoles ouans
47 666 489 697 Amore pulcro laudis, ad faſtigium
29 694 519 724 irtutis altæ graditur ingenti gradu,
47 725 528 757 Longeq; curſu mentis ætatem pigram
852 754 882 779 u
1 754 546 788 Poſt terga linquis, & puer ſiras virum.
49 782 537 816 Quæro, nec inuenire procliue eſt mihii
64 813 511 843 Selecta verba, queis ſat effari queam
87 840 573 875 Qua ntus mihi quantumque fixus hæreas
47 872 447 902 In æde cordis & penetrali ſinu.
86 902 541 931 Sed vox vt abſit qua vel exprimam tuas
47 930 527 963 Laudes, vel ;ſtus magnitudinem mei:
47 959 551 987 Votis tamen non deerit aut preci locus,
47 988 508 1020 Qua dote diues eſſe quilibet poteſt.
84 1019 522 1050 Votis paciſcor igitur, & fundo preces
84 1050 499 1080 Vti perennent celſa dona qu Deus
84 1078 474 1111 In te benigna largus indulgentia
47 1105 545 1139 Congeſsit ægris ſi quod eſt mortalibus
494 1135 723 1157 C Donum
143 1143 296 1170 Tomus prius.
