888 1312
350 72 593 94 BAVDI
155 109 603 142 Ium perenne propriumq;. ſed caue
148 140 559 170 hiarybdi ne quid alteri velis
148 168 575 202 quam credidiſſe quam tibi.
157 197 591 236 ilra quo maiora poſſides bona
153 228 517 259 auore cl. tugidos eo magis
153 256 547 286 Compeſc raſtus, & modeſtiæ lita.
152 283 623 317 Cunctas lonore huneſtat ætates pudor
152 313 580 344 Humiliſq de ſe ſenſus at præ cæteris
152 344 570 375 Cmat Iuuentm. vas inane tintinat
152 372 575 405 Aureſq; tunit atnihil ſcrutantibus
154 401 615 432 Reſpondet intus cum ſonore plurimo
152 431 577 460 Torrers aquæ vis ſaxa voluit & viam
151 459 593 485 Facit ruina æd redundans commodis
152 488 535 514 Per arua ilus ane ſedato fluit.
152 517 618 550 Vt qui ſq; multum laude doctrinæ viget,
154 547 542 580 Magis verertur & ſibi ſfidit minus.
154 576 530 604 Subacta corda cote prouidentiæ
155 604 644 633 Cunctantu aſtuantque. temporum vices
154 634 560 664 Secu volutant, & ſſniſtra caſuum
155 663 635 692 Potius tremiſcunt quam ſecundos exitus
154 694 576 724 Spe præfigurent. imperita gens amat
155 722 560 751 Ri tu Sabiao smniare quod cupit.
155 751 644 781 At quos magſter vſus & rerum haud rudis
153 779 625 807 Memoria triuit. mente ſemper excubant
156 808 640 838 Quid cogitet Fortuna quid Veſper ſtruat
155 838 567 867 Putare decti, ſi quid obtingat boni,
153 866 628 895 Lucro imputant, aduerſa prouiſu leuant.
154 896 631 925 Quantilla vero, quam puſilla cuncta ſunt
156 925 596 955 Quæ ſcire gloriamur, aut ſciri queunt
156 955 609 983 Quam multa velo noctis obnubit Deus
155 983 620 1012 Quæ ſcire fruſtra tentat hiumanus labos
155 1013 578 1042 Eſt & bonis in rebus excedens amor,
155 1042 583 1071 Intemperanſq; feruor, auream modi
157 1071 648 1100 Seruare legem, neu quid vſquam ſit nimis,
155 1099 526 1128 Virtus & ipſa ſancit in cultu ſui.
750 1129 790 1152 Sed
