888 1312
238 67 553 92 IAMBICA.
695 78 741 98 4O5
94 107 518 137 Materna dona clarus Anchiſæ puer:
52 138 637 167 Non galea criſtis horrida. & flammas vomens,
52 167 516 195 Non enſis, an ex ære conſerto rigens
52 197 493 226 Lorica pectus Martiale ſic mouet,
53 226 606 256 Quam clypeus ingens, & hunc inter brachia
53 256 543 285 Manuſq; verſat hunc & obtutu ſtupet
1 286 487 316 Defixus vno præq; vaſto pondere
52 316 580 343 Miratur artis ſpecimen, ac princeps opus.
52 345 513 375 Quapropter eſto macte Corneli tua
52 375 536 403 Virtute:non te lucis indigum premet
52 403 610 433 Gens poſterorum perge qua monſtrat viam
96 433 479 461 Secunda fama, perge felici gradu
51 463 551 491 Florem inuentæ fingere ad recti decus.
72 491 575 522 Bonamq; mentem, non inertibus datur
52 522 504 550 Corona. ſolis nec Catonibus patet
51 551 519 581 Honoris æquor:ſi ſupremas obtinet
49 580 519 607 Sedes Humerus ille Musarum pater,
44 609 537 639 Non ideo nox inuiſa Pindarum vetat
49 639 494 668 Efferre cœlo glorioſum verticem.
49 668 477 698 Et in ſecundis, inq tertiis locus
1 689 551 726 Haud indecorus, quemq; conniti decet
49 727 497 756 Quantum virilis ferre portio valet
214 772 581 801 Heroicæ viagini Mariæ Gornaecnſi.
50 815 531 845 Montanus ille, cuius auguſtum viget
98 845 526 873 In ore Famænomen, haud ſuo magis
99 875 522 907 Fulgore claret, quam tuis amoribus.
48 904 584 933 Patrima nympha, ſeculi ac morum decus.
48 933 608 963 Monſtrumq purum labis, & probro carens.
101 963 471 994 Quam ſuſcitauit in rudi puertiâ
48 989 587 1021 Generoſus ardor, atq; nil trahens amor
100 1022 527 1052 A more plbis, vt virum virgo ſenem
101 1052 473 1081 Graui piaq; lege adoptares tibi,
100 1083 604 1111 Non flore formæ capta, non auceps opum,
47 1111 540 1144 Sed ſola mirans dona præſtantis viri,
675 1139 758 1163 Diam-
498 1144 576 1167 Cc ;
