888 1312
353 73 605 94 BAVDII
160 111 630 140 Diamque mentem, quæ caduci corporis
160 140 660 169 Implebat ingens hoſpes anguſtum Larem.
161 170 547 199 Hac excitatus laude virtutis tuæ,
160 199 615 228 Flagraus & ipſe amore Montani pattis
160 227 551 256 Te virginem riualis inſons ardeo
165 256 613 285 Non ante viſam, non ab ore cognitam,
164 286 642 314 Sed mentis à ſplendore, quo potiſſimum
162 315 593 336 Cenſere cenſu nobiles animas decet.
162 344 583 373 Nunc ſimanere moribus tuis amas,
161 373 594 399 OFranca Siren decima Muſæi chori,
160 402 633 424 Vel hunc vici ſſim amare cultorem tuum
161 431 600 460 Dignare. vel ſi non capit tantum boni
164 460 662 489 Sors noſtra, ſaltem, quod vetare nec potes,
162 490 579 514 Nec velle debes, te coli volens feres.
306 545 587 572 Ad Gulielmum u peyra:
159 583 556 613 Venuſte vates qui forenſibus curis
162 612 600 637 Miſces amice amœna iacra Muſarum,
162 642 527 672 Fontiſq rore proluis Caballini
163 670 645 701 Themin ſupremi quæ Tonantis aſſeſtrix
160 700 617 730 Di ſpenſat æqu lance ius ſuum cuique.
162 731 636 759 Sic vita poſcit hic decet modus cunctos
162 760 592 788 Qui ſapere ſeſe poſtulant bono more,
160 790 642 817 Ne continenter, omne acumen appellant
159 818 565 847 Rebus ſeueris ſeriiſq ſed iungant
156 847 528 876 Duro labori ſobrias voluptates.
158 877 610 905 Hoc nempe pacto liber inuerecundus
160 906 586 934 Amat domari ienitate Nympharum.
157 934 560 957 Cato ſeuerus ille cenſor interdum
160 962 538 994 Caluiſſe fertur largiore temeto.
156 994 646 1022 ex magnus olim cum choro puellorum,
156 1021 525 1052 Blandiſq; natis luſitare geſtiuit.
154 1050 620 1080 Nec ſceptri honore iudicauit indignum
154 1079 599 1111 Miſcere patrem cum graui Megiſtane.
155 1110 614 1139 Quærunt vices humana, nec diudurant
737 1144 801 1171 Quæ
