888 1312
255 72 570 97 AMBICA.
697 72 746 93 407
1 113 514 146 Quæ miſſione non fruuntur alterna.
91 142 518 171 Præſul cohortis illæ Muſicæ Phœbus
91 171 573 204 Non ſemper arcum tendit, eſt vbi plectro
91 203 502 228 Muſam taceutem ſuſcitare lætatur,
90 230 557 264 Eſt quando dulci amore pectus oblectat
92 260 576 290 Mauors, nec arma ſemper & minas ſpirat.
1 280 57 297 n
93 289 543 324 Quid alta Pallas, maxumi Iouis proles,
92 317 552 351 Patrima virgo, nonne qua manu vibrat
92 351 511 380 Diale fulmen atque territat gentes,
92 378 521 410 Hac illa peplum texit, & colos verſat:
95 406 566 440 Ergo Deorum commonemur exemplo,
94 438 540 470 Diſpu ngere interualla triſtium rerum
1 465 535 493 uNon indecoris, nec nocentibus ludis.
95 496 547 530 Quod ſi inſtitutis viueremus antiquis,
97 522 625 558 Quibus Atticorum indigena gens tenebatut,
50 556 464 584 Vt feriarum conſtituta lis eſſet,
49 585 459 616 Probe tibi conſtaret otii cauſa,
50 615 552 647 Nec tu Draconis extimeſceres carmen,
50 643 558 676 Scriptum crnore carmen horridæ legis.
2 674 506 705 Teſtes ſuperſunt tot potici fœtus,
96 703 542 737 Quà patriæ, qua omulæ venuſtatis,
1 732 543 768 Qos Fama fulgens aureo vehit curru
96 763 507 794 Virûm per ora. teſtis hic liberdias
1 792 540 825 Qui nunc in oras lucis exit eundans
95 820 510 853 Mero lepre, quem Catullus ex ſeſe
97 850 526 884 Natum fateri haud erubelcat. i felix,
100 878 557 913 QuO te fauor, geniique calcar impllit,
99 907 560 941 Anna, peranna, donec aut honos Muſis
48 941 554 968 Exſtabit, aut laboribus decens merces.
254 984 592 1010 Iohanni IVouv verio Crt7elari.
101 1027 533 1059 Humana proles haud malo cupidine
48 1059 506 1092 Cor incitatur prorogare terminos
100 1088 471 1122 Fugacis æui. poſteriſque perfrui
103 1117 507 1154 Qu iure quave iniuriâ ſeſe ſtudet.
689 1137 762 1162 Pauci
501 1147 588 1168 Ce
