<?xml version="1.0" encoding="UTF-8" standalone="no"?><PcGts xmlns="http://schema.primaresearch.org/PAGE/gts/pagecontent/2019-07-15" xmlns:xsi="http://www.w3.org/2001/XMLSchema-instance" xsi:schemaLocation="http://schema.primaresearch.org/PAGE/gts/pagecontent/2019-07-15 http://schema.primaresearch.org/PAGE/gts/pagecontent/2019-07-15/pagecontent.xsd"><Metadata><Creator/><Created>2022-04-20T13:08:39</Created><LastChange>1970-01-01T00:00:00</LastChange><Comments/></Metadata><Page imageFilename="0462.png" imageHeight="1312" imageWidth="888"><TextRegion id="r1" orientation="0.0" type="paragraph"><Coords points="1,1 886,1 886,1310 1,1310"/><TextLine id="l1"><Coords points="570,73 532,74 531,72 277,72 271,73 265,74 252,76 255,87 255,97 570,97"/><TextEquiv><Unicode/></TextEquiv><TextEquiv index="1"><Unicode>AMBICA.</Unicode></TextEquiv></TextLine><TextLine id="l2"><Coords points="260,145 286,143 371,143 407,141 514,141 514,113 78,112 77,146 183,146"/><TextEquiv><Unicode/></TextEquiv><TextEquiv index="1"><Unicode>Quæ miſſione non fruuntur alterna.</Unicode></TextEquiv></TextLine><TextLine id="l3"><Coords points="518,170 518,142 407,142 371,144 286,144 260,146 91,147 91,171 498,171"/><TextEquiv><Unicode/></TextEquiv><TextEquiv index="1"><Unicode>Præſul cohortis illæ Muſicæ Phœbus</Unicode></TextEquiv></TextLine><TextLine id="l4"><Coords points="403,202 423,200 537,200 543,203 573,203 573,171 410,172 155,177 91,176 91,204 272,204"/><TextEquiv><Unicode/></TextEquiv><TextEquiv index="1"><Unicode>Non ſemper arcum tendit, eſt vbi plectro</Unicode></TextEquiv></TextLine><TextLine id="l5"><Coords points="502,203 345,203 229,206 91,205 91,228 502,228"/><TextEquiv><Unicode/></TextEquiv><TextEquiv index="1"><Unicode>Muſam taceutem ſuſcitare lætatur,</Unicode></TextEquiv></TextLine><TextLine id="l6"><Coords points="557,258 557,230 474,230 384,233 234,234 187,236 90,234 90,264 239,264"/><TextEquiv><Unicode/></TextEquiv><TextEquiv index="1"><Unicode>Eſt quando dulci amore pectus oblectat</Unicode></TextEquiv></TextLine><TextLine id="l7"><Coords points="576,260 399,261 368,263 240,264 179,266 92,265 92,290 430,290 491,288 563,288 568,290 576,290"/><TextEquiv><Unicode/></TextEquiv><TextEquiv index="1"><Unicode>Mauors, nec arma ſemper &amp; minas ſpirat.</Unicode></TextEquiv></TextLine><TextLine id="l8"><Coords points="433,320 525,316 543,317 543,289 431,290 342,293 214,293 171,295 93,295 93,323 188,324"/><TextEquiv><Unicode/></TextEquiv><TextEquiv index="1"><Unicode>Quid alta Pallas, maxumi Iouis proles,</Unicode></TextEquiv></TextLine><TextLine id="l9"><Coords points="469,347 540,347 546,350 552,350 552,318 525,317 433,321 188,325 92,324 92,351 339,351"/><TextEquiv><Unicode/></TextEquiv><TextEquiv index="1"><Unicode>Patrima virgo, nonne qua manu vibrat</Unicode></TextEquiv></TextLine><TextLine id="l10"><Coords points="511,377 511,351 340,351 291,353 166,354 92,353 92,380 355,380"/><TextEquiv><Unicode/></TextEquiv><TextEquiv index="1"><Unicode>Diale fulmen atque territat gentes,</Unicode></TextEquiv></TextLine><TextLine id="l11"><Coords points="430,407 521,406 521,378 238,383 92,383 92,410 352,410"/><TextEquiv><Unicode/></TextEquiv><TextEquiv index="1"><Unicode>Hac illa peplum texit, &amp; colos verſat:</Unicode></TextEquiv></TextLine><TextLine id="l12"><Coords points="401,437 566,435 566,406 430,408 352,411 297,411 256,413 95,412 95,440 331,440"/><TextEquiv><Unicode/></TextEquiv><TextEquiv index="1"><Unicode>Ergo Deorum commonemur exemplo,</Unicode></TextEquiv></TextLine><TextLine id="l13"><Coords points="486,465 540,465 540,438 401,438 331,441 258,441 188,443 94,442 94,470 317,470"/><TextEquiv><Unicode/></TextEquiv><TextEquiv index="1"><Unicode>Diſpu ngere interualla triſtium rerum</Unicode></TextEquiv></TextLine><TextLine id="l14"><Coords points="535,466 486,466 317,471 135,473 86,472 86,492 535,493"/><TextEquiv><Unicode/></TextEquiv><TextEquiv index="1"><Unicode>uNon indecoris, nec nocentibus ludis.</Unicode></TextEquiv></TextLine><TextLine id="l15"><Coords points="421,527 547,523 547,496 371,498 317,501 228,500 95,501 95,530 210,530"/><TextEquiv><Unicode/></TextEquiv><TextEquiv index="1"><Unicode>Quod ſi inſtitutis viueremus antiquis,</Unicode></TextEquiv></TextLine><TextLine id="l16"><Coords points="568,555 625,555 625,522 311,530 211,530 166,532 97,531 97,558 302,558 433,555 489,556 492,558 515,558"/><TextEquiv><Unicode/></TextEquiv><TextEquiv index="1"><Unicode>Quibus Atticorum indigena gens tenebatut,</Unicode></TextEquiv></TextLine><TextLine id="l17"><Coords points="464,557 458,556 389,558 303,558 218,561 133,560 126,563 91,562 86,561 86,584 464,584"/><TextEquiv><Unicode/></TextEquiv><TextEquiv index="1"><Unicode>Vt feriarum conſtituta lis eſſet,</Unicode></TextEquiv></TextLine><TextLine id="l18"><Coords points="86,615 459,616 459,585 86,585"/><TextEquiv><Unicode/></TextEquiv><TextEquiv index="1"><Unicode>Probe tibi conſtaret otii cauſa,</Unicode></TextEquiv></TextLine><TextLine id="l19"><Coords points="407,644 450,644 507,641 552,642 552,615 371,616 268,619 86,618 86,647 334,647"/><TextEquiv><Unicode/></TextEquiv><TextEquiv index="1"><Unicode>Nec tu Draconis extimeſceres carmen,</Unicode></TextEquiv></TextLine><TextLine id="l20"><Coords points="558,643 470,643 450,645 407,645 334,648 120,649 86,647 86,676 354,676 433,673 533,673 539,675 558,676"/><TextEquiv><Unicode/></TextEquiv><TextEquiv index="1"><Unicode>Scriptum crnore carmen horridæ legis.</Unicode></TextEquiv></TextLine><TextLine id="l21"><Coords points="391,703 506,702 506,674 433,674 295,678 251,677 135,678 86,676 85,705 373,705"/><TextEquiv><Unicode/></TextEquiv><TextEquiv index="1"><Unicode>Teſtes ſuperſunt tot potici fœtus,</Unicode></TextEquiv></TextLine><TextLine id="l22"><Coords points="395,734 470,731 542,731 542,704 463,703 391,704 373,706 275,706 252,708 96,708 96,735 183,737"/><TextEquiv><Unicode/></TextEquiv><TextEquiv index="1"><Unicode>Quà patriæ, qua omulæ venuſtatis,</Unicode></TextEquiv></TextLine><TextLine id="l23"><Coords points="124,766 277,766 314,764 369,764 428,761 543,760 543,732 470,732 395,735 183,738 119,736 86,736 86,766 94,768 121,768"/><TextEquiv><Unicode/></TextEquiv><TextEquiv index="1"><Unicode>Qos Fama fulgens aureo vehit curru</Unicode></TextEquiv></TextLine><TextLine id="l24"><Coords points="507,790 507,763 398,763 369,765 314,765 277,767 124,767 121,769 96,769 96,794 313,794"/><TextEquiv><Unicode/></TextEquiv><TextEquiv index="1"><Unicode>Virûm per ora. teſtis hic liberdias</Unicode></TextEquiv></TextLine><TextLine id="l25"><Coords points="406,822 459,819 540,819 540,792 314,794 232,797 145,797 86,795 86,824 242,825"/><TextEquiv><Unicode/></TextEquiv><TextEquiv index="1"><Unicode>Qui nunc in oras lucis exit eundans</Unicode></TextEquiv></TextLine><TextLine id="l26"><Coords points="433,850 510,848 510,820 459,820 406,823 242,826 95,826 95,853 382,853"/><TextEquiv><Unicode/></TextEquiv><TextEquiv index="1"><Unicode>Mero lepre, quem Catullus ex ſeſe</Unicode></TextEquiv></TextLine><TextLine id="l27"><Coords points="526,877 526,850 462,850 382,854 308,853 277,855 175,856 97,854 98,884 267,884"/><TextEquiv><Unicode/></TextEquiv><TextEquiv index="1"><Unicode>Natum fateri haud erubelcat. i felix,</Unicode></TextEquiv></TextLine><TextLine id="l28"><Coords points="376,910 475,909 494,907 557,906 557,878 508,878 372,883 267,885 100,885 100,913 304,913"/><TextEquiv><Unicode/></TextEquiv><TextEquiv index="1"><Unicode>QuO te fauor, geniique calcar impllit,</Unicode></TextEquiv></TextLine><TextLine id="l29"><Coords points="560,935 560,907 494,908 475,910 376,911 304,914 156,914 150,915 142,919 99,919 99,941 351,941"/><TextEquiv><Unicode/></TextEquiv><TextEquiv index="1"><Unicode>Anna, peranna, donec aut honos Muſis</Unicode></TextEquiv></TextLine><TextLine id="l30"><Coords points="554,941 352,941 215,944 151,944 132,942 92,942 91,968 554,968"/><TextEquiv><Unicode/></TextEquiv><TextEquiv index="1"><Unicode>Exſtabit, aut laboribus decens merces.</Unicode></TextEquiv></TextLine><TextLine id="l31"><Coords points="592,984 346,984 344,987 254,988 254,1010 521,1010 523,1008 529,1007 567,1007 571,1010 592,1010"/><TextEquiv><Unicode/></TextEquiv><TextEquiv index="1"><Unicode>Iohanni IVouv verio Crt7elari.</Unicode></TextEquiv></TextLine><TextLine id="l32"><Coords points="468,1058 487,1056 533,1056 533,1027 363,1027 265,1030 149,1030 101,1028 101,1059 422,1059"/><TextEquiv><Unicode/></TextEquiv><TextEquiv index="1"><Unicode>Humana proles haud malo cupidine</Unicode></TextEquiv></TextLine><TextLine id="l33"><Coords points="506,1086 506,1059 423,1059 348,1063 210,1064 92,1063 92,1092 285,1092"/><TextEquiv><Unicode/></TextEquiv><TextEquiv index="1"><Unicode>Cor incitatur prorogare terminos</Unicode></TextEquiv></TextLine><TextLine id="l34"><Coords points="471,1116 471,1088 410,1089 353,1092 286,1092 256,1094 184,1095 100,1093 100,1122 299,1122"/><TextEquiv><Unicode/></TextEquiv><TextEquiv index="1"><Unicode>Fugacis æui. poſteriſque perfrui</Unicode></TextEquiv></TextLine><TextLine id="l35"><Coords points="412,1152 443,1152 448,1149 495,1148 495,1143 507,1143 515,1136 507,1117 447,1117 347,1122 252,1124 103,1124 103,1154 383,1154"/><TextEquiv><Unicode/></TextEquiv><TextEquiv index="1"><Unicode>Qu iure quave iniuriâ ſeſe ſtudet.</Unicode></TextEquiv></TextLine><TextLine id="l36"><Coords points="689,1137 689,1162 762,1162 762,1137"/><TextEquiv><Unicode/></TextEquiv><TextEquiv index="1"><Unicode>Pauci</Unicode></TextEquiv></TextLine><TextEquiv><Unicode/></TextEquiv></TextRegion></Page></PcGts>