888 1312
252 74 566 96 IAMBICA.
80 106 565 142 Felix vocari prædo, quem magnum facit
80 142 498 172 Soluta lege magnitudo criminum.
80 231 505 261 Parente tali digna proles: quippini:
80 260 483 292 Contaminatum fratricidio caput
80 289 527 319 An non & ipſe uppiter probu ſator,
80 320 508 349 Exterminato patre per vim cœlicas
80 349 495 381 Inuaſit arces & neſandis actibus
79 378 529 410 Debet deorum quod potitur imperi?
80 409 524 442 Nec à Qujrino plera pars Quiritium
80 438 562 467 Receſſit hilum, quippe ſtragibus virûm,
80 469 460 497 Orbis rapinâ vaſtitate gentium
80 496 546 525 Famam redemit aure quam ſixâ ſtupet
80 526 559 557 Gens poſterorum capta mendaci bono:
80 555 589 588 Qu dum reuoluo mente mecum ſedulus,
80 585 465 615 Labor beatâ ſo te natos vt rear,
80 615 591 646 Tranquilla quos aut ſubtrahit famæ quies,
80 644 532 673 Aut læta cultu paullulo frugalitas
80 671 566 705 Seruare in omni condocet vita modum.
80 703 568 738 Paruo beatum, nilque poſcentem ſupra
80 732 582 762 Laus ambit ltro, laus proborum ſenſibus
80 761 601 792 Probata præ quam tantus horror obſtrepit,
94 793 583 821 Tam multa poſc it competitorum manus,
80 821 558 851 Quam ſæpe cæſis imputandam præripit
80 850 538 881 Potens ſuperſtes arrogatque vnus ſibi
80 881 534 911 Partam labore plurimorum lauream.
80 911 542 940 Hac lege iniquâ viuit armitum genus,
79 937 619 971 Si quid ſecuudo Marte geſtum eſt Dux ſuum
79 969 518 998 Ducit, ſibique more vindicat malo:
80 997 526 1028 Culpæ ſed omnes & ſiniſtra caſuum
80 1028 474 1060 Soli feruntur imputanda militi.
102 1058 540 1089 Quod vnius libido peccat, aut metus,
93 1086 556 1118 Largo expiatur innocentum ſanguine.
102 1116 547 1147 Quod expatrarunt copiæ bellantium,
646 1143 760 1175 Id omne
