888 1312
252 74 566 96 IAMBICA.
694 80 743 99 409
52 106 565 142 Felix vocari prædo, quem magnum facit
52 142 498 172 Soluta lege magnitudo criminum.
1 172 537 232 .
52 231 505 261 Parente tali digna proles: quippini:
52 260 483 292 Contaminatum fratricidio caput
52 289 527 319 An non & ipſe uppiter probu ſator,
52 320 508 349 Exterminato patre per vim cœlicas
1 349 55 368 2
52 349 495 381 Inuaſit arces & neſandis actibus
34 378 529 410 Debet deorum quod potitur imperi?
52 409 524 438 Nec à Qujrino plera pars Quiritium
51 438 562 467 Receſſit hilum, quippe ſtragibus virûm,
51 469 460 497 Orbis rapinâ vaſtitate gentium
51 496 546 525 Famam redemit aure quam ſixâ ſtupet
51 526 559 557 Gens poſterorum capta mendaci bono:
50 555 589 588 Qu dum reuoluo mente mecum ſedulus,
48 578 465 615 Labor beatâ ſo te natos vt rear,
49 615 591 646 Tranquilla quos aut ſubtrahit famæ quies,
49 644 532 673 Aut læta cultu paullulo frugalitas
48 671 566 705 Seruare in omni condocet vita modum.
48 703 568 738 Paruo beatum, nilque poſcentem ſupra
49 732 582 762 Laus ambit ltro, laus proborum ſenſibus
48 761 601 792 Probata præ quam tantus horror obſtrepit,
94 793 583 821 Tam multa poſc it competitorum manus,
49 821 558 851 Quam ſæpe cæſis imputandam præripit
48 850 538 881 Potens ſuperſtes arrogatque vnus ſibi
48 881 534 911 Partam labore plurimorum lauream.
48 911 542 940 Hac lege iniquâ viuit armitum genus,
47 937 619 971 Si quid ſecuudo Marte geſtum eſt Dux ſuum
48 969 518 998 Ducit, ſibique more vindicat malo:
47 997 526 1028 Culpæ ſed omnes & ſiniſtra caſuum
47 1028 474 1061 Soli feruntur imputanda militi.
102 1058 540 1089 Quod vnius libido peccat, aut metus,
47 1086 556 1118 Largo expiatur innocentum ſanguine.
102 1116 547 1147 Quod expatrarunt copiæ bellantium,
620 1143 760 1175 Id omne
476 1149 554 1169 Cc5
