888 1312
361 71 605 93 BAVD
160 108 581 139 Id omne ad vnos mperatores redit.
158 138 656 169 Hæc ratio blandam firmat hæreſim magis,
157 167 594 196 Vti beatum ter quaterque prædicem,
157 196 577 225 Fallente quiſquis orbitâ tranſit dies
156 225 535 253 Nec exteri cupitor, & ſui potens.
158 254 619 285 Quod ſi eierare humana vanitas nequit
154 285 600 313 Hanc prurientem gloriæ dulcedinem,
157 311 641 343 Quando vel ipſos mente compotes bonâ
156 343 573 372 Vix ægro amore linquit illectos ſui
155 370 624 400 Saltem per artes appetamus haud malas
154 401 644 429 Honoris ædem, mille ad hanc ducunt viæ.
153 429 527 459 Nullum ſuperbo reſpuit faſtidio
153 459 597 490 Benigna virtus, neminem exigit foras,
155 488 561 516 A quo ſe amari credit, & coli videt.
157 518 588 549 Non illa cenſu cenſet, aut propagine,
155 547 633 579 Sed laude morum, ſed ſuo æſtimat virum.
153 577 551 607 Vel Martiali honore, vel togâ licet
152 606 558 630 Perenniclaram demereri adoream
154 637 640 667 Ne c parua laus debetur his quorum labos
154 666 572 695 Rem promouere litterariam tudet.
151 693 540 725 Nec ſi ſacri ſermonis alta dignitas
153 723 627 755 In hocce luſtro principem poſcit locum,
151 752 580 786 Fraudari honore cæteras artes decet,
152 783 571 814 Quas inter omnes æquitatis arbitra,
150 812 564 840 Legumque vindex eminet ſcientia:
150 841 564 873 Seu quem ſtyli natiua puritas capit,
150 871 546 902 Omnique cultu cultior neglectio,
151 901 644 932 Seu pondus. & mens ipſa rerum penditur,
149 928 560 963 Nil vſpiam exſtat abſolutius magis,
148 958 501 989 Ergo locatur optimo tibi loco
148 988 548 1018 Deuota magnis indoles paratibus,
147 1016 633 1051 Ardorque mentis haud ſpei paruæ capax.
148 1047 600 1078 Iuuenis beate, quem mihi recens amor
147 1077 526 1107 Tenace vinclo copulauit, & fide,
146 1106 590 1135 Quam nulla ſoluet aut volubilis dies,
749 1146 816 1166 ut
