888 1312
360 67 606 88 BAVDII
158 103 626 131 VItro aduolabo, non vt expleam famem
159 133 625 162 Luxu ciborum non vt exſtinguam ſitim
159 162 614 191 Liquore acchi: Bacchus etſi me iuuat,
160 191 587 220 Nec ſola Cypris abſque Libero patre
160 221 598 249 Hriget, ſed omnis cœna tcmeti carens
160 249 556 278 Caret iocorum partis optimæ sui.
159 279 648 302 Verum haud edendi vel bibendi me tenet
160 307 597 336 Cupido tanta , quam tuis ſermonibus
157 336 583 359 Vt intereſſe detur. hæc vita eſt mihi.
157 367 580 396 Placctne lex. an impudentiæ pudet?
157 396 570 422 Placere opinor, ſic tuus iubet fauor
159 424 622 454 Sperare. ſed ſum fronteperfricta nimis,
159 454 600 484 Quod tam licenter audeam viro graui
158 484 625 512 Dictarelegem doctor ex vmbra & ſchola
157 513 632 542 Repente factus iam Lycurgus aut Solon.
159 543 632 570 At ne parum me noris, ecce nunc recens
158 571 582 596 Iuris Profeſſor ambulo, talem decet
159 601 606 630 Dictare leges, munus exſequor meum.
158 629 542 659 Parebis ergo, ſi ſapis legi & malo
160 659 644 689 Cauebis. hoc te, ne quid imprudens ruas,
159 690 617 718 Monet volens amicus, hoc tibi expedit.
159 718 592 749 Sed ecce rurſus inſolens præteruehor
157 748 573 777 Fines pudoris. hanc mihilicentiam
156 776 529 806 Largiris ipſe ſi quid offendi, tuis
156 807 606 837 Hoc omne crimen imputato moribus.
223 848 731 879 Genio ellimontaæ lilertatis in gratiam CThriſtoph.
383 879 571 903 Harli, Achil F.
157 919 666 950 Haueto quiſquis hoſpes huc infers gradum,
157 948 573 974 Cognoſce iura Bellimontiæ domus.
156 977 565 1005 Hæc ſacra ſedes eſto ræ. iis tribus,
156 1007 642 1037 Nonemque Muſis. Phœbus ipſe Rex loci,
156 1036 578 1062 Legem iocoſi carminis nouam tulit.
155 1065 550 1090 Primum exulare iuſſit ab ſuo Lare
155 1095 611 1127 Curas edaces. Perfugarum quid cohors
