888 1312
227 70 539 93 IMBICA.
73 107 497 140 que repugnat vt grauis neceſſitas.
69 137 529 166 Victor volentes iura per populos dabat
74 167 496 198 Auguſtus heros maxima eſt inſcitia
65 198 519 227 Laborque inanis ducere inuitas canes
64 226 567 250 uuStabula ad ferarum non erit tamen nefas
75 255 476 286 Capaciores, ſi cupido fert, ſcyphos
74 285 485 313 Bona fideſiccare. ſic Bacchus pater
76 316 556 343 Mitra inuolutus, atque pampino comam
72 344 493 369 Deuicit Indos ante non domabiles
76 374 538 409 Siculis relinqui cottabi ludum placet,
76 404 494 429 Nec æmulari barbaros mores iuuat,
78 433 535 463 Quibus libido eſt dona Dium perdere
75 463 498 492 Ritu profano. clamor & proteruitas
76 493 588 522 Rixæque Thracas atque Centauros petnt.
76 522 399 546 Nos liberali more Liberalia
72 550 508 576 Tractare fas eſt. vulnera & cædes ſitit
76 580 567 608 Thrax ille Mauors: at bonus Semeles puer
76 609 507 640 Se palmitis liquore perfundi cupit,
70 639 526 671 Lætatur innocens inocentibus iocis.
78 668 511 699 Sermonibuque vin nulis venuſtulis,
78 698 535 727 Purumque cæde ſanguinem vitispibit.
70 727 454 757 Quod ſi pudoris tranſilire lineas
79 756 524 786 Contigerit vlli, quando ſub luna nihil
75 785 504 813 Immune labis adſpicit Phœbi ubar,
80 814 537 845 Vitioque prona turba mortales ſumus:
78 845 539 873 Rex hanc inuri vult reo gratiem notam,
79 874 433 902 Procacitatis vt piaculum luat,
77 902 520 931 Modeſtiæque inpoſterum ſiet memor:
74 931 497 961 Vino carebit vſque dum popoſcerit,
74 961 505 989 Mero carebit poſterum totum diem,
77 990 546 1020 Iungetque Nymphas inuerecundo Deo.
77 1020 438 1044 De cætero ſecurus eſto, nemini
80 1049 509 1074 Malum creabit, aut calumniæ dicam
79 1079 565 1108 Impinget atram, ſi quid aut caute parum
79 1108 512 1138 Aut prælicenter lingua lapſu lubrico
641 1137 732 1160 euoi-
