888 1312
250 55 561 78 IAMBICA
77 89 513 126 um ne qua mentes vrat æmulatio
77 123 520 156 Super obtinendo iure primoris loci
77 154 526 185 Herus ipſe legen ſanxit, & ratam ſuo
76 182 523 212 Vult eſſe damno. potior vt ſit & prior
77 212 571 241 ICui ſenior ætas, dirimat annorum fauor
77 242 527 276 Litem iocoſam. Conſul & dies erunt
77 271 502 304 Pacis ſequeſtri, plura qui ſemeſtria
77 302 495 333 Poſt ſe reliquit, ſæpiuſq, muttcum
77 331 480 365 Bibit hiquorem prima ſeſſimon
76 359 541 395 Iura otineto. mos & æquitas iubent
77 392 501 419 oli ſenectam: factiones atq; opes
77 419 612 453 IuGenriſve ſplen dor nil in hoc lutro valent.
77 450 500 482 Tum faſtuoſa dignitatum nomina,
77 480 511 513 umQuibus tumeſcitgens egena gloriæ,
77 511 530 541 Veriq; honoris atq; virtutum carens:
77 540 585 572 Hæc iſa ſegregantor. æquuu Mars amat.
77 569 522 602 Hqualitate gaudet excellens amor;
77 596 502 632 Pareſq; cunctos aut ſodalitas facit,
77 625 581 655 Aut ſumit. omne ab impari fluit malum.
77 655 523 690 In hoc receſſu priſca Libertas habet
77 686 494 722 Qualis igebat rege Saturno prius
77 714 570 749 Quam patre pul ſo ſceptra uppiter tulit.
77 744 586 778 Tunc fas bonumque non ſeueris legibus,
94 773 522 806 Sed vt ſua pollebat & ſanctam fidem
77 805 549 834 Colebat omnis abſq; pœnarum metu.
77 832 542 864 Non tempore illo diſparabat ordines,
77 861 535 894 sProfunda quæ ſucceiſit imperi fames,
77 889 626 924 Ambitio quenquam perpeti parem fremens.
77 921 559 954 Tunc nulla mundo nora maieſtas erat
77 950 496 985 Horrendr viſu; cuins ante limi na
77 980 568 1013 Curæ atq; diri ſemperexcubant metus:
77 1009 584 1043 Tranquillitatis Scylla. turbarum vadum,
77 1040 492 1073 ACqui boniq; ſæua peſt:s ac lues.
77 1070 538 1102 sOQuid curat aita nente præditus Cato
97 1099 625 1139 Qua ile ſcdeat. quam thi partem premat?
696 1129 749 1153 Non
