888 1312
383 61 639 88 BAVD
176 98 649 128 Non eſt honestus aut ſuo cenſu potens,
176 129 639 157 Honeſtiorem quem locus ſcamni facit.
179 158 602 182 Nihil coloſſo demit aut addit baſis,
176 187 627 216 Nihil cothurnus adiuuat nani ſtatum.
179 215 671 246 Prætura mcret orba cum Strumæ ſedert
179 245 587 273 Sella in curuli. Conſularis dignitas
179 274 652 304 Patitur repulſam cm repellitur Cato.
178 304 583 331 Id plebis eſt curare, quæ ſiuo malo.
180 333 628 362 Secliq; probro tranſit inſignes viros,
178 362 571 391 Vatinijſq; dat gubernaculum ſui.
177 391 627 420 Non hæc prius fuere, cum ſimplex ſuo
178 420 581 442 Decore virtus obtinebat ius ſuum
179 450 636 479 Fama atq; factis, non loco & ſubſellijs.
179 479 658 506 Tum ſtulta lex Othonis aut cenſu viros,
178 508 643 537 Aut genere cenſet, extulitq; honoribus,
178 537 606 566 At nos hoeſtus ardor vrget aureos
178 567 566 591 Mores, & inſtaurare ſeculi decus.
181 596 643 626 Probitate qui præſtabit, & pleno gradu
181 626 682 655 Contenderad Virtutis auguſtum Larem;
179 655 585 684 Auguſtus eſto rege Perſarum prior
181 684 649 708 Hunc noſter vna voce confentit chorua
180 714 598 743 Dignum videri principatu, rex loci,
180 743 615 773 Flos Gallicani nominis, magno patre
180 773 637 801 Condigna proles, patriæ clarum iubar,
178 801 599 831 Legem iocoſi qui rogauit carminis,
176 830 649 860 Huic ipſe faſces ſponte ſubmittet ſuos.
277 873 726 903 Familiaris inuitatio ad Quint. Septim. Flsa
394 904 612 929 rentem Chriſtianum,
176 939 604 964 Adduxit æſtus, ac ſirim mortalibus
177 969 546 999 Caniculare ſrdus. ipſa ardet ſiti
177 999 664 1029 Tellus, & imbres poſcit vuidum Iouem.
176 1029 664 1057 Cur non adimus nemora Ronſard patri
175 1056 670 1088 Luſtrata quondam, dulce Florenti caput?
171 1087 563 1117 lic venuſtis ſegregabimus iocis
740 1104 835 1152 Cuae
