888 1312
360 79 608 107 BAVDII
168 118 550 158 Dicam Maronis incitatus alite:
170 144 678 190 Nec eneris auctor Dardanus, nec eſt tibi
171 175 602 216 Dea mater: at te genuit in ſolis locis
173 206 550 251 Leæna. tigres præbuerunt vbera
171 233 650 276 Neſcis miſelle quanta circumſtant mala
173 264 581 303 Siccos, ſed olim forſan vſus, & dies
173 296 593 332 Hanc te doceoit optime ſcientiam.
174 323 561 363 Htate peccas at poëta, me vide,
176 355 660 391 Ni vina pocs,nullus eſſe vnquam potes.
176 383 639 426 Hoc tC nemus, hoc tibi dictum puta
176 414 602 455 Deipis a ipſo fata qui canit Deo.
337 469 672 506 Alloquium moribit n.i ad amicos.
181 528 618 575 Qualem paludis ſtagna propter Aſiæ
182 559 656 601 Ferunt olorem, cum ſii ltimum diem
183 589 590 628 Iſtare ſentit. præ ficam metis ſiæ
184 624 599 656 Mſtum c: ere flebili carmeu tono:
185 648 620 685 Sic tortus acri febre ter quins dies,
187 679 601 728 Quam mortualem natio Galn ica
186 707 631 744 Conſentit & mensipfa præagit mhi.
186 736 676 778 Fato propinquus ordior ſumum melos,
187 768 659 803 Erecta dum mens corpore aſilicto veget
189 797 573 834 Dulces amici. baudius vobis abit
188 827 597 862 Lbens & vltro patriamq; cogitat
190 852 679 892 Perfunctus hoc errore, iam portum ſubit,
191 888 636 928 Sacrcq, morſu figere anchoram parat
192 912 700 954 Vos ii quid in me dignum amari quod foret
192 947 669 982 Amaſtis vnquam præter hoc iners onus,
191 974 639 1016 Quod palpitat nunc ſpiritu pauxillulo
192 1003 643 1045 Donante vires. & vetante adhuc mori
193 1033 613 1070 Mox funus atq; fumus. t deceſſerit
192 1063 653 1098 Animæ ſalillum, ventuli flabrum leuis:
178 1090 673 1133 Ne quæſo,ne vos error in fraudem trahat
192 1123 624 1157 Fallace fuco humanitatis blandiens,
765 1141 828 1169 Vt hs
