<?xml version="1.0" encoding="UTF-8" standalone="no"?><PcGts xmlns="http://schema.primaresearch.org/PAGE/gts/pagecontent/2019-07-15" xmlns:xsi="http://www.w3.org/2001/XMLSchema-instance" xsi:schemaLocation="http://schema.primaresearch.org/PAGE/gts/pagecontent/2019-07-15 http://schema.primaresearch.org/PAGE/gts/pagecontent/2019-07-15/pagecontent.xsd"><Metadata><Creator/><Created>2022-04-20T13:15:04</Created><LastChange>1970-01-01T00:00:00</LastChange><Comments/></Metadata><Page imageFilename="0476.png" imageHeight="1312" imageWidth="888"><TextRegion id="r1" orientation="0.0" type="paragraph"><Coords points="1,1 886,1 886,1310 1,1310"/><TextLine id="l1"><Coords points="272,65 272,96 544,96 544,65"/><TextEquiv><Unicode/></TextEquiv><TextEquiv index="1"><Unicode>EVNERA.</Unicode></TextEquiv></TextLine><TextLine id="l2"><Coords points="78,101 78,133 513,133 513,101"/><TextEquiv><Unicode/></TextEquiv><TextEquiv index="1"><Unicode>Vt his ſolutum corporis compagibus</Unicode></TextEquiv></TextLine><TextLine id="l3"><Coords points="77,134 77,165 412,165 412,134"/><TextEquiv><Unicode/></TextEquiv><TextEquiv index="1"><Unicode>Me funerali lugeatis nænia,</Unicode></TextEquiv></TextLine><TextLine id="l4"><Coords points="255,194 481,190 510,190 516,193 610,192 610,159 460,159 449,163 232,166 156,169 77,168 77,196 212,196"/><TextEquiv><Unicode/></TextEquiv><TextEquiv index="1"><Unicode>Turpique planctu: quippe tum demum fruar</Unicode></TextEquiv></TextLine><TextLine id="l5"><Coords points="77,197 77,225 467,225 467,197"/><TextEquiv><Unicode/></TextEquiv><TextEquiv index="1"><Unicode>Vita vocari vi ta quæ vero meret,</Unicode></TextEquiv></TextLine><TextLine id="l6"><Coords points="542,225 239,225 211,227 79,228 79,253 328,253 380,252 402,250 481,249 506,249 513,252 542,253"/><TextEquiv><Unicode/></TextEquiv><TextEquiv index="1"><Unicode>Non hæc mali taberna, curarum mare,</Unicode></TextEquiv></TextLine><TextLine id="l7"><Coords points="511,252 381,252 328,254 217,255 179,257 80,257 80,279 511,279"/><TextEquiv><Unicode/></TextEquiv><TextEquiv index="1"><Unicode>Palæſtra luctus. officina cladium,</Unicode></TextEquiv></TextLine><TextLine id="l8"><Coords points="525,307 590,307 590,280 381,281 257,285 197,285 142,288 78,287 78,309 492,309"/><TextEquiv><Unicode/></TextEquiv><TextEquiv index="1"><Unicode>Fomes dolorum mors vt abſoluam mera.</Unicode></TextEquiv></TextLine><TextLine id="l9"><Coords points="240,343 376,341 423,338 505,339 520,342 587,340 587,308 337,312 177,317 80,317 80,345 196,345"/><TextEquiv><Unicode/></TextEquiv><TextEquiv index="1"><Unicode>Quam morte nunc telinquo non ingratij,</Unicode></TextEquiv></TextLine><TextLine id="l10"><Coords points="466,369 492,367 510,368 510,341 377,341 158,347 102,347 99,349 80,349 80,373 261,373"/><TextEquiv><Unicode/></TextEquiv><TextEquiv index="1"><Unicode>Parere promptus imperatori Deo,</Unicode></TextEquiv></TextLine><TextLine id="l11"><Coords points="473,397 554,397 557,399 561,399 561,368 492,368 466,370 213,374 126,377 82,376 82,401 337,401"/><TextEquiv><Unicode/></TextEquiv><TextEquiv index="1"><Unicode>Cui militat gens omnis hæc mortalium.</Unicode></TextEquiv></TextLine><TextLine id="l12"><Coords points="505,426 505,398 395,401 281,402 256,404 171,405 134,407 82,407 82,428 472,428"/><TextEquiv><Unicode/></TextEquiv><TextEquiv index="1"><Unicode>Is nos in orbe, ſicut in ſpeculâ, ſitos</Unicode></TextEquiv></TextLine><TextLine id="l13"><Coords points="534,427 84,436 84,458 534,458"/><TextEquiv><Unicode/></TextEquiv><TextEquiv index="1"><Unicode>Vitam tueri &amp; ordinem ſtatum iubet.</Unicode></TextEquiv></TextLine><TextLine id="l14"><Coords points="237,491 458,487 458,459 293,461 184,465 85,465 85,493 201,493"/><TextEquiv><Unicode/></TextEquiv><TextEquiv index="1"><Unicode>Vetatq; ne mortalis iniuſſu ſuo</Unicode></TextEquiv></TextLine><TextLine id="l15"><Coords points="215,521 283,521 496,515 543,515 549,518 562,518 562,487 476,487 345,491 237,492 177,495 84,494 84,524 157,524"/><TextEquiv><Unicode/></TextEquiv><TextEquiv index="1"><Unicode>Migrare ſumat: cum vocat. ſequi decet,</Unicode></TextEquiv></TextLine><TextLine id="l16"><Coords points="338,548 455,547 501,545 504,544 504,517 445,517 414,519 363,519 283,522 215,522 157,525 85,525 85,552 226,552"/><TextEquiv><Unicode/></TextEquiv><TextEquiv index="1"><Unicode>Citiuſq; dicto complicare ſarcinas.</Unicode></TextEquiv></TextLine><TextLine id="l17"><Coords points="464,575 537,576 537,545 502,545 455,548 338,549 278,552 86,555 86,581 220,581"/><TextEquiv><Unicode/></TextEquiv><TextEquiv index="1"><Unicode>Hac lege iam nunc Baudius vobis abit,</Unicode></TextEquiv></TextLine><TextLine id="l18"><Coords points="357,606 499,605 499,577 413,577 283,581 221,581 153,585 87,584 87,611 233,611"/><TextEquiv><Unicode/></TextEquiv><TextEquiv index="1"><Unicode>Suoq; reddit pondus hoc ſoli ſol.</Unicode></TextEquiv></TextLine><TextLine id="l19"><Coords points="354,636 481,634 481,607 357,607 233,612 87,613 87,640 250,640"/><TextEquiv><Unicode/></TextEquiv><TextEquiv index="1"><Unicode>Perit perire quod iubet fataitas,</Unicode></TextEquiv></TextLine><TextLine id="l20"><Coords points="390,665 462,665 511,662 545,662 564,664 564,633 505,633 487,635 354,637 250,641 88,643 88,667 345,667"/><TextEquiv><Unicode/></TextEquiv><TextEquiv index="1"><Unicode>Mortale corpus: menti hoc ergaſtulum</Unicode></TextEquiv></TextLine><TextLine id="l21"><Coords points="319,696 352,696 363,698 408,698 450,696 454,694 472,692 545,692 545,663 511,663 428,667 390,666 345,668 248,669 217,671 173,671 145,673 85,673 85,699 213,699"/><TextEquiv><Unicode/></TextEquiv><TextEquiv index="1"><Unicode>Quod ventilantenunc fouetur atrula,</Unicode></TextEquiv></TextLine><TextLine id="l22"><Coords points="434,723 523,721 523,693 472,693 454,695 450,697 408,699 363,699 352,697 319,697 174,700 146,702 92,702 92,725 408,725"/><TextEquiv><Unicode/></TextEquiv><TextEquiv index="1"><Unicode>Mox triſte iſu erit cadaue naribus</Unicode></TextEquiv></TextLine><TextLine id="l23"><Coords points="425,753 434,751 539,750 539,726 355,726 252,728 189,731 91,732 91,755 355,755"/><TextEquiv><Unicode/></TextEquiv><TextEquiv index="1"><Unicode>Abominandum, putris eſa erm ium.</Unicode></TextEquiv></TextLine><TextLine id="l24"><Coords points="403,782 408,780 517,780 517,753 426,753 393,755 271,757 247,759 161,761 85,760 85,784 387,784"/><TextEquiv><Unicode/></TextEquiv><TextEquiv index="1"><Unicode>Manet manebit vſq; perperi ſvuens</Unicode></TextEquiv></TextLine><TextLine id="l25"><Coords points="287,814 447,812 485,809 566,809 566,781 408,781 403,783 387,785 290,786 258,788 183,789 157,791 85,790 85,816 267,816"/><TextEquiv><Unicode/></TextEquiv><TextEquiv index="1"><Unicode>uo, ſupernæ quam vetant leges mori,</Unicode></TextEquiv></TextLine><TextLine id="l26"><Coords points="473,839 559,840 559,811 468,811 447,813 384,813 363,815 287,815 267,817 205,819 94,820 94,844 354,844"/><TextEquiv><Unicode/></TextEquiv><TextEquiv index="1"><Unicode>Mens orta cœlo, fla men auræ numinis,</Unicode></TextEquiv></TextLine><TextLine id="l27"><Coords points="397,871 532,869 532,842 416,842 389,844 243,846 182,849 93,849 93,875 299,875"/><TextEquiv><Unicode/></TextEquiv><TextEquiv index="1"><Unicode>Pars illa noſtri perſpicax. intelligens,</Unicode></TextEquiv></TextLine><TextLine id="l28"><Coords points="274,903 346,903 455,899 541,898 541,870 397,872 251,877 186,877 162,879 97,879 97,906 224,906"/><TextEquiv><Unicode/></TextEquiv><TextEquiv index="1"><Unicode>Quæ nil caducis imputatparentibus.</Unicode></TextEquiv></TextLine><TextLine id="l29"><Coords points="528,927 528,900 455,900 346,904 274,904 224,907 96,910 96,930 454,930"/><TextEquiv><Unicode/></TextEquiv><TextEquiv index="1"><Unicode>Dulces amici, fortè vos tanget dolor,</Unicode></TextEquiv></TextLine><TextLine id="l30"><Coords points="574,956 574,930 455,930 422,932 194,936 175,938 96,937 96,962 337,962"/><TextEquiv><Unicode/></TextEquiv><TextEquiv index="1"><Unicode>Florem ſub ipſum quod iuuentutis meæ</Unicode></TextEquiv></TextLine><TextLine id="l31"><Coords points="499,987 550,987 556,990 603,989 603,957 338,962 277,965 206,965 174,967 98,966 98,992 327,992"/><TextEquiv><Unicode/></TextEquiv><TextEquiv index="1"><Unicode>Terras relinquo. ponite hanc curam boni,</Unicode></TextEquiv></TextLine><TextLine id="l32"><Coords points="348,1021 412,1018 504,1017 504,990 410,990 327,993 217,994 151,997 97,996 97,1024 205,1024"/><TextEquiv><Unicode/></TextEquiv><TextEquiv index="1"><Unicode>Vanaſq; corde imagines ſecludite,</Unicode></TextEquiv></TextLine><TextLine id="l33"><Coords points="290,1051 381,1050 403,1048 505,1046 505,1020 375,1020 313,1023 98,1026 98,1053 266,1053"/><TextEquiv><Unicode/></TextEquiv><TextEquiv index="1"><Unicode>Vixi &amp; peregi limitem fati ratum,</Unicode></TextEquiv></TextLine><TextLine id="l34"><Coords points="232,1082 354,1080 377,1078 477,1077 505,1075 591,1074 599,1078 678,1075 678,1045 541,1045 535,1047 403,1049 381,1051 326,1051 227,1055 101,1055 101,1084 200,1084"/><TextEquiv><Unicode/></TextEquiv><TextEquiv index="1"><Unicode>Quem promouet vis nulla, nec fraus ſummouet.</Unicode></TextEquiv></TextLine><TextLine id="l35"><Coords points="234,1112 296,1112 440,1106 544,1105 544,1076 377,1079 354,1081 232,1083 200,1085 125,1085 101,1087 101,1114 180,1114"/><TextEquiv><Unicode/></TextEquiv><TextEquiv index="1"><Unicode>Quid porro longum de die dies habet</Unicode></TextEquiv></TextLine><TextLine id="l36"><Coords points="379,1136 395,1135 511,1135 511,1108 407,1108 296,1113 102,1115 102,1140 373,1140"/><TextEquiv><Unicode/></TextEquiv><TextEquiv index="1"><Unicode>Alternitati comparatum, ſeu puer</Unicode></TextEquiv></TextLine><TextLine id="l37"><Coords points="685,1128 685,1150 758,1150 758,1128"/><TextEquiv><Unicode/></TextEquiv><TextEquiv index="1"><Unicode>itale</Unicode></TextEquiv></TextLine><TextEquiv><Unicode/></TextEquiv></TextRegion></Page></PcGts>