888 1312
687 63 728 82 421
272 65 544 96 EVNERA.
78 101 513 133 Vt his ſolutum corporis compagibus
77 134 412 165 Me funerali lugeatis nænia,
77 159 610 196 Turpique planctu: quippe tum demum fruar
77 197 467 225 Vita vocari vi ta quæ vero meret,
79 225 542 253 Non hæc mali taberna, curarum mare,
80 252 511 279 Palæſtra luctus. officina cladium,
78 280 590 309 Fomes dolorum mors vt abſoluam mera.
80 308 587 345 Quam morte nunc telinquo non ingratij,
80 341 510 373 Parere promptus imperatori Deo,
82 368 561 401 Cui militat gens omnis hæc mortalium.
82 398 505 428 Is nos in orbe, ſicut in ſpeculâ, ſitos
84 427 534 458 Vitam tueri & ordinem ſtatum iubet.
85 459 458 493 Vetatq; ne mortalis iniuſſu ſuo
84 487 562 524 Migrare ſumat: cum vocat. ſequi decet,
85 517 504 552 Citiuſq; dicto complicare ſarcinas.
86 545 537 581 Hac lege iam nunc Baudius vobis abit,
87 577 499 611 Suoq; reddit pondus hoc ſoli ſol.
87 607 481 640 Perit perire quod iubet fataitas,
88 633 564 667 Mortale corpus: menti hoc ergaſtulum
40 663 545 699 Quod ventilantenunc fouetur atrula,
92 693 523 725 Mox triſte iſu erit cadaue naribus
91 726 539 755 Abominandum, putris eſa erm ium.
40 753 517 784 Manet manebit vſq; perperi ſvuens
40 781 566 816 uo, ſupernæ quam vetant leges mori,
94 811 559 844 Mens orta cœlo, fla men auræ numinis,
93 842 532 875 Pars illa noſtri perſpicax. intelligens,
97 870 541 906 Quæ nil caducis imputatparentibus.
96 900 528 930 Dulces amici, fortè vos tanget dolor,
96 930 574 962 Florem ſub ipſum quod iuuentutis meæ
98 957 603 992 Terras relinquo. ponite hanc curam boni,
97 990 504 1024 Vanaſq; corde imagines ſecludite,
98 1020 505 1053 Vixi & peregi limitem fati ratum,
101 1045 678 1084 Quem promouet vis nulla, nec fraus ſummouet.
101 1076 544 1114 Quid porro longum de die dies habet
102 1108 511 1140 Alternitati comparatum, ſeu puer
685 1128 758 1150 itale
423 1136 489 1160 Dd3
