888 1312
342 71 586 93 BAVDII
134 110 539 140 Vitale lumen ortu in ipſo deſerat,
139 140 630 172 Seu quis triſeclum Neſtorem viuat ſenex?
139 170 571 197 Mors certa tandem ſerius vel ocyus
136 199 711 230 Idomne tempus quantulum quantum eſt, trahit.
135 228 531 256 Tacente curſu labitur nobis dies,
136 258 577 286 Labuntur anni, nec refunditur rapax
134 286 658 319 Quod hora carpſit, nec quid Heſperus vehat
135 316 616 345 Homini liquere prouidum Numen ſinit,
133 345 561 376 Ne quis creatus ſtirpe mortali ſupra
138 375 528 402 Mortalitatis iura ſuſtollat caput.
136 406 515 433 Incerta vi tæ portio certas vetat
133 433 616 464 Spes ordinare mente. longinquas breuis.
136 464 531 493 Quod ſi decente res inibimus via,
134 492 646 521 Non temporum tenore, ſed Iaudum modo
136 522 558 545 Determinanda eſt vita. ſat vixit diu
134 550 616 582 Quem non pudet vixiſſe, nec piget mori,
140 581 629 609 Sed magna pars mortalium viuunt parum
138 609 630 640 Quamuis vetuſtate horridi & ſeclo putres
137 640 591 668 Mortem morentur Aggerontis pabula.
139 670 607 698 Graues veterno, quos ad ætatem exitam
137 699 546 727 Perducit actum obliuione ingloria
135 728 557 757 Volumen æui fluminum ritu fugax.
132 757 553 786 Nos nec malignus ipſe liuor arguet
128 786 502 812 Vitam obruiſſe deſidi ſilentio,
127 816 503 845 Reconditaq; torpuiſſe inertia:
133 845 524 869 Nec forte, ſi fiducia eſt ſui bonis,
129 875 596 904 Deerunt nepotes nomen hocſuperſtiti
133 904 581 933 Signare fama. teſtor antiquam Fidem
127 932 504 962 Nihil fuiſſe antiquius fide mihi
127 963 544 993 Prudens doloq; neminis læſi decus
126 992 523 1020 Seu littera ſeu voce, parſi ſedul,
130 1022 653 1051 Vnum id ſtudens probatus vt forem probis
131 1051 592 1078 Qualis Donellus Anteceſſorum iubar,
122 1080 607 1107 Vir examuſſim factus ad Gallam niuem,
693 1113 776 1141 Expers
