888 1312
284 89 557 111 FVNERA.
88 115 527 153 Prauos ſodales, ſuſcitabulum probri,
95 154 531 186 Morumq; peſtes angue peius horrui,
95 184 544 218 Dam noſa ne quid affricaret hæc lues.
88 214 545 246 Suſpectionum occulta tela nec nimis
88 243 537 277 Spreui, nec æquo plus refugi ſat ratus
97 275 509 303 Præſtare culpam futiles & impetus
100 304 523 330 Calum nierum eludere innocent a.
88 332 554 366 Qid quiſq; dicat ſiue muſſet in manu
88 361 536 395 Non eſt ſed illud vera dicat an ſecus.
88 391 580 426 Eſt inuidorum ſemper vt culpent bonos.
102 422 492 449 Virtus decore ſatnitet ſuo, neq;
103 451 535 483 Vulgus moratur pluriumq; gratiam
101 480 511 515 Contenta ſemet atq; paucioribus.
103 508 555 541 Laudem profectam ab ore laudati viri
101 539 517 572 Benigna ſumit, non acerba flagitat.
101 567 546 597 Dum me vel vni conſcientiæ probem
100 595 654 629 Externa quid laus addet aut demet probrnml
101 629 475 660 Iuitegritate fretus vnica nigrum
101 656 574 688 Dentem retudam. murus hic aheneus
101 685 542 719 Vacare nox ſummus hic apex boni.
100 717 599 745 IHis moribus me inſieuit oprimus pater,
101 745 506 778 Probiq; cultus indoleſq; fimplici
109 773 559 806 Popenſa recto non martua me s ethis
109 804 515 837 Tulit ſub auras Pele partu ſatum,
101 834 576 863 Vere illud vſurpabo Achilleum tamen,
111 863 482 888 Odi inferorum ia nuis atrocius
100 891 574 924 Qui corde condit verſipellis, ac duplex
112 921 527 951 Diuerſa ab iſtis ore quæ promit ſsuo.
101 950 607 982 Fraudum inuolucra & tortuoſos tramites
100 979 578 1011 Cauens pauenſque, regiam inſtiti viam.
114 1008 606 1036 Sed me malum ſolenne magnis mentibus
112 1037 636 1069 Tenello ab vngui ſemper vſq; in hunc diem
111 1069 500 1099 Vexauit ingens appetitus gloriæ,
113 1100 516 1128 Et ardor inter cminere compares.
708 1123 769 1149 Qui
