<?xml version="1.0" encoding="UTF-8" standalone="no"?><PcGts xmlns="http://schema.primaresearch.org/PAGE/gts/pagecontent/2019-07-15" xmlns:xsi="http://www.w3.org/2001/XMLSchema-instance" xsi:schemaLocation="http://schema.primaresearch.org/PAGE/gts/pagecontent/2019-07-15 http://schema.primaresearch.org/PAGE/gts/pagecontent/2019-07-15/pagecontent.xsd"><Metadata><Creator/><Created>2022-04-20T13:17:28</Created><LastChange>1970-01-01T00:00:00</LastChange><Comments/></Metadata><Page imageFilename="0481.png" imageHeight="1312" imageWidth="888"><TextRegion id="r1" orientation="0.0" type="paragraph"><Coords points="1,1 886,1 886,1310 1,1310"/><TextLine id="l1"><Coords points="338,62 338,84 594,84 594,62"/><TextEquiv><Unicode/></TextEquiv><TextEquiv index="1"><Unicode>BAVDII</Unicode></TextEquiv></TextLine><TextLine id="l2"><Coords points="675,100 136,100 136,130 675,130"/><TextEquiv><Unicode/></TextEquiv><TextEquiv index="1"><Unicode>Quin peſtilens hic morbus &amp; nunc me tenet,</Unicode></TextEquiv></TextLine><TextLine id="l3"><Coords points="133,130 133,160 514,160 514,130"/><TextEquiv><Unicode/></TextEquiv><TextEquiv index="1"><Unicode>Inſanientem laude poſtera frui</Unicode></TextEquiv></TextLine><TextLine id="l4"><Coords points="615,160 135,160 136,186 165,188 615,188"/><TextEquiv><Unicode/></TextEquiv><TextEquiv index="1"><Unicode>Nec mentis æger mitius quàm corporis</Unicode></TextEquiv></TextLine><TextLine id="l5"><Coords points="614,191 553,191 493,189 135,188 135,217 614,218"/><TextEquiv><Unicode/></TextEquiv><TextEquiv index="1"><Unicode>Mortem ſub ipſam paſcor eſca inanium.</Unicode></TextEquiv></TextLine><TextLine id="l6"><Coords points="632,221 480,218 133,218 133,247 632,247"/><TextEquiv><Unicode/></TextEquiv><TextEquiv index="1"><Unicode>Quid potro amores dicere inſequar vagos,</Unicode></TextEquiv></TextLine><TextLine id="l7"><Coords points="573,250 571,249 447,247 311,247 140,250 140,275 573,275"/><TextEquiv><Unicode/></TextEquiv><TextEquiv index="1"><Unicode>Secuſq; molle quod periui perditus,</Unicode></TextEquiv></TextLine><TextLine id="l8"><Coords points="542,278 435,276 139,276 139,303 144,304 542,304"/><TextEquiv><Unicode/></TextEquiv><TextEquiv index="1"><Unicode>Vires virumq; deſtruens ibidine?</Unicode></TextEquiv></TextLine><TextLine id="l9"><Coords points="563,306 129,306 129,334 348,333 563,335"/><TextEquiv><Unicode/></TextEquiv><TextEquiv index="1"><Unicode>Hæc comiratis voce adultera vocat</Unicode></TextEquiv></TextLine><TextLine id="l10"><Coords points="535,336 132,335 132,363 535,364"/><TextEquiv><Unicode/></TextEquiv><TextEquiv index="1"><Unicode>Mos, incitamen prauitatis inſitæ</Unicode></TextEquiv></TextLine><TextLine id="l11"><Coords points="615,364 570,364 564,366 392,364 132,364 132,391 615,391"/><TextEquiv><Unicode/></TextEquiv><TextEquiv index="1"><Unicode>Sed regna cœli non patere his comibus</Unicode></TextEquiv></TextLine><TextLine id="l12"><Coords points="603,396 523,396 466,394 137,394 137,422 323,421 448,423 603,423"/><TextEquiv><Unicode/></TextEquiv><TextEquiv index="1"><Unicode>Diuina vox proclamat. O clemens pater</Unicode></TextEquiv></TextLine><TextLine id="l13"><Coords points="601,426 489,425 447,423 132,423 132,452 270,450 342,450 412,452 601,452"/><TextEquiv><Unicode/></TextEquiv><TextEquiv index="1"><Unicode>Si pœnitentes æquus audis,te precor,</Unicode></TextEquiv></TextLine><TextLine id="l14"><Coords points="555,455 550,454 477,454 411,452 130,453 130,481 387,480 431,482 555,482"/><TextEquiv><Unicode/></TextEquiv><TextEquiv index="1"><Unicode>Ignoſce, crimen &amp; remitte ſupplici:</Unicode></TextEquiv></TextLine><TextLine id="l15"><Coords points="632,481 600,481 591,484 495,484 387,481 138,482 138,508 149,509 172,508 207,510 289,509 418,510 468,512 632,512"/><TextEquiv><Unicode/></TextEquiv><TextEquiv index="1"><Unicode>Non iſtud vnum crimen, O clemens pater,</Unicode></TextEquiv></TextLine><TextLine id="l16"><Coords points="133,510 133,540 551,540 551,510"/><TextEquiv><Unicode/></TextEquiv><TextEquiv index="1"><Unicode>Culpas ſed omnes gratioſus expia</Unicode></TextEquiv></TextLine><TextLine id="l17"><Coords points="137,541 137,569 571,569 571,541"/><TextEquiv><Unicode/></TextEquiv><TextEquiv index="1"><Unicode>Cruore nati, queis &amp; errans &amp; ſciens</Unicode></TextEquiv></TextLine><TextLine id="l18"><Coords points="137,569 137,598 588,598 588,569"/><TextEquiv><Unicode/></TextEquiv><TextEquiv index="1"><Unicode>Conceptu abipſo numen exciui tuum</Unicode></TextEquiv></TextLine><TextLine id="l19"><Coords points="137,599 137,628 570,628 570,599"/><TextEquiv><Unicode/></TextEquiv><TextEquiv index="1"><Unicode>Triſtes ad iras, dignus æternum mori</Unicode></TextEquiv></TextLine><TextLine id="l20"><Coords points="527,631 524,630 139,629 139,655 151,656 244,658 527,658"/><TextEquiv><Unicode/></TextEquiv><TextEquiv index="1"><Unicode>Si noxias appendis ad iuſti modi,</Unicode></TextEquiv></TextLine><TextLine id="l21"><Coords points="609,658 580,658 572,661 383,658 137,658 137,686 609,687"/><TextEquiv><Unicode/></TextEquiv><TextEquiv index="1"><Unicode>Vindexq; pœnam ſumis oftenſæ parem.</Unicode></TextEquiv></TextLine><TextLine id="l22"><Coords points="594,690 517,690 444,688 133,687 133,714 594,714"/><TextEquiv><Unicode/></TextEquiv><TextEquiv index="1"><Unicode>At tu profuſi amoris immenſum mare,</Unicode></TextEquiv></TextLine><TextLine id="l23"><Coords points="128,717 128,746 525,746 525,717"/><TextEquiv><Unicode/></TextEquiv><TextEquiv index="1"><Unicode>Gnato pater non ipſe parſiſti tuo,</Unicode></TextEquiv></TextLine><TextLine id="l24"><Coords points="612,747 571,747 565,749 409,747 136,747 136,773 270,775 612,775"/><TextEquiv><Unicode/></TextEquiv><TextEquiv index="1"><Unicode>Quem mittere es dignatus vt mortalium</Unicode></TextEquiv></TextLine><TextLine id="l25"><Coords points="511,779 509,778 429,776 133,775 133,803 251,803 299,805 511,805"/><TextEquiv><Unicode/></TextEquiv><TextEquiv index="1"><Unicode>Labes atroci morte luſtraret ſua,</Unicode></TextEquiv></TextLine><TextLine id="l26"><Coords points="505,808 496,807 135,804 135,832 296,834 505,834"/><TextEquiv><Unicode/></TextEquiv><TextEquiv index="1"><Unicode>Piacularis innocenſq; victima,</Unicode></TextEquiv></TextLine><TextLine id="l27"><Coords points="567,832 558,832 554,835 546,837 134,833 134,861 268,862 326,864 567,864"/><TextEquiv><Unicode/></TextEquiv><TextEquiv index="1"><Unicode>Fœniſq; ſuccidaneum noſtris caput.</Unicode></TextEquiv></TextLine><TextLine id="l28"><Coords points="570,867 325,864 134,864 134,889 138,890 237,892 570,892"/><TextEquiv><Unicode/></TextEquiv><TextEquiv index="1"><Unicode>Huic acquieſcens porriceà vultu tuo</Unicode></TextEquiv></TextLine><TextLine id="l29"><Coords points="550,896 476,896 440,894 130,893 130,918 176,918 187,920 221,921 550,921"/><TextEquiv><Unicode/></TextEquiv><TextEquiv index="1"><Unicode>Meos reatus, quantum ab Eoo mari</Unicode></TextEquiv></TextLine><TextLine id="l30"><Coords points="513,925 474,925 449,923 304,924 220,921 130,921 130,947 159,947 189,950 221,951 296,952 513,952"/><TextEquiv><Unicode/></TextEquiv><TextEquiv index="1"><Unicode>Cubile ſolis occidenſq; diſſidet:</Unicode></TextEquiv></TextLine><TextLine id="l31"><Coords points="540,955 371,954 134,950 134,977 336,982 540,982"/><TextEquiv><Unicode/></TextEquiv><TextEquiv index="1"><Unicode>Vt labe purus integerq; criminum</Unicode></TextEquiv></TextLine><TextLine id="l32"><Coords points="545,984 407,984 239,980 129,980 129,1005 545,1005"/><TextEquiv><Unicode/></TextEquiv><TextEquiv index="1"><Unicode>Summi tribunal ſiſtar ante iudicis</Unicode></TextEquiv></TextLine><TextLine id="l33"><Coords points="125,1009 125,1036 570,1036 570,1009"/><TextEquiv><Unicode/></TextEquiv><TextEquiv index="1"><Unicode>Mixtus beato cœlitum cœles choro.</Unicode></TextEquiv></TextLine><TextLine id="l34"><Coords points="668,1131 668,1161 779,1161 779,1131"/><TextEquiv><Unicode/></TextEquiv><TextEquiv index="1"><Unicode>Ad Rober-</Unicode></TextEquiv></TextLine><TextEquiv><Unicode/></TextEquiv></TextRegion></Page></PcGts>