888 1312
363 63 612 87 BAVDII
160 101 563 131 Fato ſuperſtes vſq; ſuppetam meo,
159 131 577 161 Lentiſq, me perire ſentiam modis.
160 161 585 189 Hei ſi tyrannos, helluones funerum,
157 190 605 219 Portenta terræ. generis humani luem,
159 220 634 249 Sacerrumaſque hirudinum propagines,
158 248 559 277 Tam longa itæ pauſa felicis beat:
156 278 565 302 Cur oſeuera, ſæua Parca ſic manu
157 308 568 337 Tagace carpis, & diurnare inuides
157 337 561 366 Vt quidq; vita eſt dignius diu frui?
157 366 586 395 Sed ſallor, atq; more vulgi rem puto,
156 395 629 423 Rerum æſtimator improbus cœleſtium,
156 426 564 453 Rerumq; curuus mirio terreſtium.
155 455 701 484 Verboq; vt uno cuncta comprehendam, homo.
157 484 618 514 Non tu querelis, mollibuſque lacrymis
156 513 571 542 Vrgendus heros mortur fleant ſuos
156 542 542 570 Virtute caſſos, ipſa te cœlo beans
156 573 584 596 Vetat mori mors & noua vita induit
157 602 547 632 Mortalitatis ex ſolutum nexibus.
157 632 576 660 Humana quod ſi nos iuuant ſolatia,
156 661 564 684 Vixti beatus, omnium rerum ſatur
158 689 590 720 Quas aut benignæ ſortis indulgentia
154 719 570 748 Cargitur aut induſtrius parit labos.
156 748 595 779 Ideerat vnum fauſtitati temporum,
154 777 537 805 Mundique volis, intereſſe vti diu
153 805 542 831 Poſſes caduco cœtui mottalium.
153 835 585 868 Sed nec ſuo carere depoſito amplius
152 864 621 897 Iam ſuſtinebat cœlitum fulgens domus:
153 896 571 926 Nec terra tanti muneris capax erat.
152 924 600 955 rgo oppetiſti mortelpræclara cadens.
152 953 630 986 Felix ter Oquaterque, nos miſeri quibus
151 982 555 1014 Iui carendo morte quauis triſtior
152 1012 628 1045 Ducenda vita eſt: aſt ego in primis miſer
153 1040 706 1075 Quem præſidi orbum, conſili omnis impotem
149 1069 589 1103 In hoc iuuentæ flore cum ſpes arduas
732 1107 824 1129 MnsM
