888 1312
376 48 664 80 BAVDII
162 95 630 124 Lex dura, ſed perſcripta, cuius impetum
163 125 651 154 Hac arte flectes, Marte nam frangi nequit.
165 154 624 184 Se ſiqueris vltro qua reluctantes trahit,
161 184 645 214 Vtimpetret ius ſponte vis quod imperat,
162 212 537 241 Hoc ſi dolores ooner afatu tuos
164 242 501 269 Sedare, tas eſt ire publicâ viâ.
163 271 601 300 Sed meque tequt fortiora condecent
160 300 524 330 E xpectorando luctui ſolamina.
162 330 588 360 Mulcere mentes iſla plebeias ſolent,
164 360 636 389 Quarum ſe pulta ſpes iacet cum corpore,
164 390 630 418 Nihilque præter funeris curam bre uem
163 418 641 448 Tangit propnquos & nepotibus manet.
164 448 549 478 Me liuor ipſe confitebitur palam
164 478 567 506 Vixiſſe dignum laude poſterâa frui.
163 507 522 537 Felicitats prima ſors fuit meæ
163 537 661 565 Prognaſci honeſto genere. nobili ab domo.
166 566 566 595 Soli fracis planta naturam refert,
165 596 651 626 Patrumque virtus tranſit in propaginem.
165 625 590 655 Doctrina ſed vim roborauit inſitam,
165 655 591 684 Boniſque creuit indoles ſub artibus.
166 685 644 714 Vtcunque rector mentibus teneris abeſt.
164 714 665 743 Mores. vt herba irrigua. ſuccreſcunt mali.
163 743 617 773 Permenſus orbem lit terrutm protinus
166 774 545 802 Ad alta iuris ſacra pecus appuli,
164 804 593 832 Res ad gerendas expeditus t forem.
165 832 598 862 Nam qui ſeuera lege progredi ſtudet,
164 862 617 892 Curam & labores huc oportet dirigat,
165 892 547 922 Vt pro virili parte patram iuuet
165 920 598 949 Odi ſophiſtm qui ſibi ipſe non ſapit,
163 952 605 980 Et qui repertis ſolus incubat bons,
163 981 552 1011 Suique nullam diuit partem ſuis.
163 1008 531 1040 Aſt actuoſa vita, virtutum ſeges,
161 1040 637 1068 Famæque campus pauit indolem meam.
164 1068 609 1098 ſummi ſenatus haud pigenda pars fui,
164 1097 568 1128 Qua dignitate nil reor præſtantius,
731 1129 816 1161 S quis
