888 1312
264 78 539 101 EVNERA.
77 117 524 151 Siquis parem ſe muneri tanto gerat-
91 150 464 181 Hoc ſuſtinetur ciuitas tiicine
89 179 510 211 Legum ſub vmbra publi cæ rei ſalus
77 209 512 239 Secura conquieſcit occaſu graui
90 238 523 270 Lapſura ſi mens ſubtrahatur imperi.
90 270 527 301 Reges ſacrati proximum Deo genus,
77 297 516 327 Hac fine primo ſunt creati gentibus
77 327 511 356 Vt iura dicat, arceantque iniurias.
91 352 563 389 Hunc nos honorem pacenam tua mii
89 387 455 417 Licet libetq gloriari geſlimus
77 415 511 448 on imparati mente doctrina, fide.
77 446 489 478 Qu ſitor adſit ipſe Minos, & ferat
77 477 476 505 De me tabellam, rite ſingulos eat
77 505 464 538 Vitæ per actus nil erit Cenſorio
77 532 605 571 tQuod ſignet albo teſtor auguſtam Themin
89 564 487 590 Cu militauit noſter in vitâ labos,
88 594 484 626 Nil mi fuiſe regulâ recti prius
77 622 522 653 Non me reorum ſquallor à ſententia
91 654 527 681 Graui retorſit non clientium preces
77 681 512 711 Flexere, non vis aut cupido depulit.
77 712 552 741 Conſtans ſecutor optimarum partium,
89 740 559 773 Nec degener Senator vſque hæſi comes
77 770 528 803 MBagno Catoni:perditorum cum lues
77 800 528 833 Lmtata traxit proh nefasl in vincula
77 829 576 863 Sanctum Senatum publicæ mentis caput.
77 860 578 892 Quid ſtinentes inter hæc iactem manus,
77 887 555 921 Puruſque ab omni munerum contagios
77 918 500 948 Laus iſta noſtro rara ſeculo quidem
88 948 468 977 Virtutis inſtar obtinet primariæ
77 977 501 1008 Vitare culpas, & vacare ſordibus.
87 1006 512 1039 Verum quod hac à labe ſemotus fui,
77 1035 563 1069 Non lex magiſtra ſuaſit, aut famæ timor,
88 1066 492 1091 Sed mos inaffectatus inſeuit mihi.
77 1094 587 1127 Candorque ſimplex,atque natiuus pudor.
77 1124 548 1155 Nil eſſt ab omii parte ſincerum poteſt.
654 1150 730 1181 Ee Quod
