888 1312
405 84 584 106 BAVDII
164 123 597 159 Quod non ab ipſo fonte naturæ fluit.
161 154 636 184 Perennis ergo manſit hic miorum enr,
161 182 551 211 Hæc ſecta vitæ. liberaffectu ſimul
161 211 609 249 Rigidi tuendum iudicis munus foret,
162 242 592 275 Poit id reuerſus à tribunal domum,
161 271 578 301 Velut ſolutus onere perſonæ grauis
160 299 671 331 Frontem expiicabam cum ſodalium choro
162 330 626 365 Quos inter, vt ol inter aſtrorum faces,
160 360 634 389 Duo eminebant fos virûm Thumerius,
162 390 575 421 Nec degener huanus à claro patre
170 419 621 448 Senator idem paricer, & varum decus.
161 448 542 483 His aggregabar hoſpitali teſera,
160 478 545 506 Dometicuſuse ſeriabar, aut libris
158 508 536 542 Impartiebar quod dabatur oci.
161 537 557 568 ITe ſuauis vxor & tuo aſpectu frui
160 568 543 600 Prægeſtiebam:ſorte tali lætior,
160 596 619 628 Quam ſi quod aruiſulcat ingenti alueo
161 626 654 654 Rhenus tricornis dote complexus forem,
164 656 583 688 Opum ſititior inter immenſas opes.
163 687 536 718 O quid iugali copulâ dici queat
163 715 600 747 Magis venuſtum ſeſſa cum laboribus
163 745 605 776 Cnriſq; mens onus reponit, ac procul
163 776 619 805 Omni querelâ viſimus priuum Lareml
161 805 566 835 Deſideratoq; acquieſcimus thorol
160 835 535 863 Ritu ferino degit vxoris carens,
164 864 623 894 Nec gentis vllam poſteræ curam meret
162 893 610 916 Cui cura non eſt tollere hæredem ſibi,
160 922 644 952 Dulceſq natos ſpem futuram poſterûm,
161 952 575 983 Vitæq lenimenta. nobis, cum Deo,
162 981 662 1010 Sunt nata pignora octo. fundamen domus
160 1011 605 1041 Duim fata, dum Deus ſinebat, viximus
162 1040 552 1070 nâ gemelii mente lis ſolum fuit
160 1071 487 1092 trius ardos æſtuoſior foret
161 1098 602 1129 Nun me priorem poſcit ordo,deſie
161 1129 525 1160 Mœroris ægrimoiiæq;. deſeror
720 1146 801 1179 an
