888 1312
699 62 740 81 4î
259 64 542 88 NERA
87 100 504 130 Non deſero te, morior vt vita fruar.
55 129 585 163 Nam vita, quam vos dicitis vitam. mera eſt
83 161 515 218 ara
54 217 598 251 Tum languor ærumnæq; tranſuerſo impets
86 248 568 276 Perenne circum incurſitant mortalium.
3 278 491 314 Gubit ſenectus, & labos. & horridæ
85 306 573 342 Tandem ingraueſcit mortis inclementia.
86 338 535 365 Veſtro ſiniſtro more mortales loquor.
52 366 519 400 Nam tantus error auias mentes agit,
52 398 550 427 Vti tremenda perſequantur, & tremant
84 425 588 460 Quæ perſequenda pelle vanam imaginen
88 454 537 489 Rebuſq; circumfuſum inane. lancibus
89 482 553 518 Perpende iuſtis cuncta non enim facul
92 513 543 544 Obnubilata erroremens verum videt.
90 543 505 576 Patente tanta deprehenſus in mari
88 573 456 604 Nil acriore flagitat voto, niſi vt
2 600 551 634 Portum capeſſat quam poteſt ocyſſime.
1 635 464 661 Laſſus viator otium deos rogat,
89 662 515 692 Videre auitas optat extorris domos.
90 692 444 724 At vos egena ſanitatis pectora
90 721 471 748 Veſtro lubentes eſtis infortunio,
90 748 538 784 Mortemq;formidatis, uſpicem boni,
93 779 499 810 uietis aram,ſubleuamen à malis.
95 808 489 842 Quod ſi medendo leniora vulneri
92 836 551 870 Fomenta quæris. cum caduca ſis homo:
95 867 530 894 Non in videndûâ ſorte felix, ſed tamen
93 897 484 929 Felix peregi limitem ſato datum.
95 923 531 957 Nunc me prire non perire lex iubet
1 945 53 962 I
96 956 476 985 Mortalitatis. obſequi Deo decet.
98 983 559 1014 Non morior cinnis atmei pars optima
98 1013 506 1046 Manet ſupeſtes te mih ſuperſtite,
98 1042 507 1077 Chariſq ntis inquibusiuit mei
99 1075 527 1106 Spirans iago. aulis ornamen tuæ
106 1100 564 1136 Valetc pulchia ſpes nepotum nominis
666 1128 749 1148 Mom
498 1132 573 1151 e
