888 1312
374 86 622 110 BAVDII
161 124 654 154 Radboldus ore broncus, vt frendens aper
162 154 595 185 Qui te profatu vocis horrendo queat
163 184 556 209 Terrere, vaſtos ni molares excutis
164 212 599 241 Claua trinodi. nec peractus hic labos
163 241 615 272 Finem duello, vel triumphi ſpes dabit:
166 271 633 302 Quin protinus ſequentur inuicti duces,
164 300 552 330 Bato Batauæ ſcilicet gentis ſator,
162 330 587 359 Engiſtus. Horſa Martiale par virûm.
164 359 567 389 Engiſtus heros de Promethei luto.
166 389 597 417 Gratare ſeclo, temporumq; gloriæ
163 418 644 448 R ex magne ditem qui tenes Britanniam,
163 448 685 475 Factum bonum, repertus eſt flos Principum
166 477 620 507 Cui nomen Engiſterra debet, Angliam
168 506 638 537 Poſthac vocari clarus author haud ſinit.
168 536 658 565 Iam vero Lemum Iœmiumue non vides
168 565 608 594 Cuius vel ipſum nomen intentat tibi,
167 596 662 619 Ni robur omne conuoces, malam crucem.
167 624 564 649 Hunc edomare ſi valebis, attamen
166 655 598 683 Caue triumphos ante lauream canas.
169 684 633 712 Sufflaminandus es parumper Hercules,
166 712 611 741 Nec tam breui redempta miſſio manu
169 742 598 772 Continget aliud inſtat examen mali
165 772 639 802 Iunctiſq; tecum beſla frontibus gerent
164 802 661 831 Bertaldus & Gondboldus, & Gillo vetus,
164 831 545 860 Alterq, Gillo nuperus nouitius,
167 860 555 890 Solo pauenda vel ſono vocabula
165 890 586 918 Iam me tui miſereſcit lcide pater,
167 920 590 948 Quem nulla laxat à laboribus quies.
164 948 597 978 Poſt tot patrata bella vereor vt queas
164 978 527 1007 Falconis iras ac minacias pati,
167 1007 564 1037 Qui te furit ferire, qui roſtro ferox
165 1037 570 1063 Et vngue vultus inuolabit intuos.
164 1067 550 1095 Iuuenta dia ſub veni precor viro,
163 1095 569 1127 Fœdabit iſte furcifer formæ decus,
163 1124 590 1157 tos, & illudimperi dignum capus.
751 1155 802 1176 Nen
