888 1312
358 64 612 86 BAVDII
149 103 614 133 Claudi gemebat atque originis memor
148 132 527 159 Diuina ſeris dona tot nepotibus
149 161 583 190 Tranſmiſit: illa Lipſium nobis refert
150 190 605 214 VTiuum videntem, marmore efficacius
147 220 516 250 Mollique cera. fas ibi intuerier
149 249 631 278 Expre ſſa ad vnguem ſigna præſtantis viri.
150 278 662 308 Nos interim qui ſummus eſt functis hono,
148 309 561 331 Illum efferemus haud inani nænia.
150 338 543 367 Segnique luctu. ſed recordatu pio
149 368 703 397 Laudum ac laborum, queis peren nem gloriam
129 396 588 427 Sibi parauit, litteriſque ingens decus.
294 440 651 464 Maximiliano de Hornes, Barani de
424 472 526 499 Loqueren.
151 512 709 542 Macte vir cenſu domoque, ſed magis virtutibus,
151 543 673 572 Propriaque luce fulgens inter illuſtres viros:
150 572 604 599 Maior hoc inſanientis ſeculi contagio.
150 601 672 631 Non enim te purpuratus error in partes ſuas
151 632 740 660 Traxit, vt probrum putares. nec decere principem
152 661 609 691 Scire litteras, & artes imbibiſſe liberas,
151 691 727 720 Vnde corda manſueſcunt, & probo cultu nitent.
153 720 673 743 Nam velut tellus aratro non ſubacta. vel ſitu
151 750 703 780 Torpet aut fœtus agreſtes atque inutiles creat:
152 780 687 809 Sic, vbi doctrina defit, pectus humanum nihil
151 809 729 839 Gignit. arte perpolitum quod ſit, atque induſtrit:
152 840 663 869 Sed ruit quocunque raptat efferæ cupidinis
150 869 691 899 Ardor, & libido præceps quæregi frenis gemit
150 899 679 928 Nil eget maiore cura, quam pueritiæ chorus,
150 928 700 956 Hic rota tornandus acri, molle ceu fingi lutum.
151 958 727 988 Mos & indoles parentum tranſit in propaginem.
151 988 705 1017 Matris vt telluris almam planta naturam refest.
149 1017 607 1046 Vim ſed inſitam fidelis auget educatio,
151 1042 684 1076 Mentis & bonæ magiſter cicurat mores fercs,
149 1076 675 1106 Lenit aſperos, agreſtes format expolit rudes.
150 1107 661 1137 Tu vetuſta gente clarus, & ſciendigloria,
687 1135 806 1164 Coniugas
