888 1312
302 74 505 98 VNERA.
687 77 739 95 44
80 114 574 149 Coniugas felice nexu militarem lauream,
80 137 695 180 Vique graſſantem Gradiuum cum choro ouenſili
81 173 594 204 Pectore in tuo patrimaPallas elegit Larem
83 199 668 239 Vigo maſque diua Pallas, quæque bello præſidet,
84 230 674 262 Et cruenta tractas atma, quæque doctrinam colit.
1 261 570 302 Martis a labore duro quidquid otii datur,
84 291 563 324 Id ſacrare diſciplinis atque litteris amas.
88 316 688 358 Qua manu timendus hoſti findis obſtantes globos,
1 348 688 392 Hac libros verſare gaudes, temporumque origines
85 378 574 416 Curioſa mente voluis, non vt ignauo ſitu
88 404 719 440 Conſe neſcas, ceu minutus doctor, atque vmbraticus.
3 436 631 470 Sed cor vt munire poſſis robore, ac prudentia.
87 465 635 502 Lubricoſque ferre caſus, quos vehit vitæ labor.
43 495 683 533 Nulla te præclara fallunt geſta magnorum ducum.
1 519 686 562 Inde poſtquam cœpit orbis hoc ad vſque ſeculum.
42 554 611 590 Pacis artres atque belli, res profanas & ſacras
88 584 642 619 Rite calles, vt quæ tela semper in mundo tenes.
36 612 679 652 Quæ loco deprompta poſſint perdere aduerſatios,
35 644 673 675 Ferre ciuibus ſalutem, demere imbellem metum,
91 673 558 706 Rebus obuenire feſſis. & ruinam ſiſtere.
1 702 607 739 i Sæpenam maiora facta præſtat vnius viri
2 730 686 766 Pectus acre, qam phalanges conglobatæ militum.
93 762 628 795 Non enim ſagax magiſter viribus regit ratem,
1 789 716 827 iQuum procellis feruet æquor. ſed leui inflexa manus
1 818 687 859 iiTorquet iſtud corpus ingens ſtagna per Neptunia.
93 848 631 887 Si quid æuo conſequenti noſter oferet labos,
1 877 661 914 ti Quod fauore proſequatur grata cura poſterûm,
1 908 580 941 uTu vir inter Martiales eruditorum iubar,
1 940 540 969 Primus inter eruditos Martiali gloria,
1 966 690 1007 i Mente conſultiſque præſtans, & ſimul fortismanu.
1 998 576 1030 Laude ſublimi fereris inſtar Attici ducis,
97 1025 697 1057 Tollit ambidextra virtus quem ſupra cœli domos,
1 1057 587 1093 Hoc vt ore nuncupauit Baudius voti reus,
96 1084 638 1117 Sic erit. ſic me benigno cernat adſpectu fides,
97 1114 642 1151 Sic tibi pulchro æmulatu ſurgat ad recti decus
711 1140 760 1164 Ille
