888 1312
351 76 597 101 BAVDII
143 112 801 145 Nomen haud malum tuetur noſtra virtus, cui duplex q
145 142 654 172 Ceſſit exornanda Sparta iuris & facundiæ.
148 170 695 206 Magna cum labore magno gloriæ creſcit ſeges,
150 200 713 235 Si queant ſuſferre vires pondus iniuſtum, neque
148 230 663 263 Mole ſub graui labaſcat feſſus indolis vigor.
150 258 740 294 Sed quid auguror ſiniſtra quum ſecundæ ſint aues?
147 290 718 319 Dulce fortibus periculum eſt inchoare cum Deo
150 317 801 353 Grande munus atque honeſtam ſumere arrogantiam.bi
146 347 719 382 Ingruat Neptunus atrox ſæua tempeſtas fremat.
148 379 683 411 Non ego tali recuſem frangere in vado ratem,
149 408 715 441 Dum nec imparem labori nec metu deterritum
149 435 708 467 Vis atrocior prehendat. dumque inoffenſa fide
151 465 712 500 Sitmihi tenere clauum ſemper, & rectum ſequi.
373 502 554 526 Iroo Eadoueri.
149 545 700 577 Abſit. princeps amice, fratris in morem mihi
152 576 712 607 Cuite ſemper & colende, nomen t ſinam tuum
152 605 658 635 Luce debita carere, ſi quid hi verſus valent
152 634 700 664 Poſtero mandare ſeclo, quod vetuſtatem ferat:
150 664 729 694 Vate me noſcent nepotes, quam tibi ſit integrum
153 693 738 723 Pectus omni labe ſraudis, quaique pertinax fides
151 724 692 752 In colendo amore, virtus rara noſtro rempore.
156 752 703 786 Quid loquar miranda dona perſpicacis ingen?
157 783 705 819 Quid ſenile mentis altæ lumen ac prudentiam
152 813 652 843 In Iuuentutis vigore? quas ad artes re rapit
154 842 646 871 Indoles, & acer ardor, haſce protelo capis.
153 871 700 902 Adde ſermonum lepores. atque fandi gratiam,
155 899 727 933 Quæ refers nobis Vlyſſen, aut triſeclum Neſtora.
153 931 650 962 Te nec erigit ſecunda, ec ſiiſtra deiicit
155 958 693 991 Sors, vtramque ſed tenore temperas æquabili.
154 989 675 1021 Non geris viro minora corda rebus in malis,
156 1018 679 1050 Nec ſupra mortalitatem tolleris ſucceſſibus.
155 1048 667 1080 Quippe fallax aura verſat, & reciprocæ vices
157 1076 722 1108 Punctulo fugacis horæ, quidquid aut votis hians
160 1107 686 1140 Vulgus optat, aut paue lcit anxiusformidine.
742 1121 830 1169 Faxits
