888 1312
221 78 541 101 TROCHAICA.
679 81 729 103 447
68 118 596 149 Faxit illequi bonorum ſolus eſt dator Deus,
63 149 588 178 Vt diu fſorere poſſint tanta mentis munera,
70 178 588 211 Si quid in telluris orbe foret, aut dnrat diu.
70 205 674 240 Cuncta, quæ magno paratu condit humanus labos,
70 237 549 270 Longa demolitur ætas, obruunt obliuia.
1 250 49 276 i
66 266 578 297 Caſus atterit ſiniſter. quæ ſtupemus inuidi
2 286 34 306 Ml
69 297 550 325 Plena ſunt inanitatis, ipſa ſunt inanitas,
2 316 44 344 i
66 324 614 353 Vmbra fumi, fumus vmbræ. ſola recti conſcia
72 355 613 384 Mens, & in Deo recumbens viribus totis fides
1 383 658 427 Sempiterno exſultat æuo, morte nec ſolui poteſt.
222 431 570 460 Ad cCliam Bigotium Aduocatum.
1 436 30 458 le
1 466 43 497 i
76 468 610 506 Qui fit, optime virorum, nullus vt viuat ſua
70 499 620 533 Sorte lætus, aut fauentem rite fortunam ferat?
75 529 653 565 An quod in ſuo malignus quiſque iudex eſt soro,
76 559 617 594 Quodque rebus a ſecundis. ſicut a dulci mero,
1 583 41 603 t
74 589 675 619 Mens inebriata languet, vimque neſcit propriam?
74 619 685 653 An quod humanus cupido ſemper imrinet nouis,
1 641 29 663 a
77 648 583 683 Copiæque e xuberanti iuncta ſunt faſtidia?
1 678 35 703 u
78 676 689 712 Seu quod aſſuetudo ſenſum demit, & guſtum boni,
820 674 867 712 A
1 703 37 725 iui:
79 708 696 744 Seu quod in pleraſque gentes crimen ingrati cadit?
79 737 703 772 Quidqui in culpa eſt, fruendi quam facultas euenit,
78 767 674 800 Nemo vel cpit, vel æqua mente fert ſortem ſuam
1 796 44 826 n
77 796 632 827 Et domi teſtis profeiſus, ne petendus ſit foris.
79 827 544 855 Dum frui ſodalitate contigit mihi tua,
78 855 657 885 Nullus æſtimare noram qualiabundarem bono.
80 885 617 914 Nunc carendo diſcit æger quid valetudo ſiet.
1 887 44 909 ns
1 915 33 940 .
79 914 737 948 Siue quum Phœbus recondit, ſiue quum promit diem.
78 945 587 973 Plurimus recurſat abſens Baudio Bigotius,
79 974 618 1003 Ille Gratiarum ocellus, & venuſtatum lepos.
78 1004 611 1033 Nunc nihil reſtat miſello præter hoc deſideri
79 1034 639 1062 Vulnus imo corde fixum, cui mederi non valet
79 1063 678 1096 Vlla graminum poteſtas, aut Machaonum manus.
81 1093 561 1124 Ni vel optato ſodali reddar ipſe, velmihi
1 1121 681 1173 eddat optatumſodalem caſi, aut ventus ferens.
667 1150 739 1175 Solus
