888 1312
375 76 625 97 BADII
166 114 711 146 Solus eſt enim medendo cauſa qui morbi fuit,
165 146 699 176 Vt malum & mali leuamen hiaſta Pelias tulit.
166 175 709 203 Vna ſes ta men parumper ſedat ægritudinem,
167 204 701 234 Qud pari te febte tangi pectus augurat mihi.
165 234 732 263 Naique ſi mens dia atum qutppiam veri canit,
165 263 781 301 Certa perfecti eſt amoris norma velle nolle idem,e
164 291 664 321 Vtcor vnicum duobus eſſe diuiſum putes.
376 338 548 359 Frederico Sandio.
165 378 742 409 Sæpe gata mente mecum rumino fauſtum diem
165 409 677 438 Qui iugo timente ſo ui nos coëgit inuicem,
164 440 697 468 O vir omni laude felix qui iuuentæ in limine
164 468 698 499 Conſecutus es ſenilem Neſtoris prudentiam,
163 498 696 527 Nec lepore dictionis imparem famam meres.
165 528 655 557 Scilicet dotata magnis indoles irtutibus
165 558 691 588 Nil moratur tarda pigt temporis volumina:
164 588 655 616 Sed velut ſuopte niſu ſe mper ignis emicat
165 617 701 647 Ad ſupernæ lucis oras. atque ſublimem Iouis;
165 647 690 677 Sic nihil vulgare voluit igneus mentis vigor
165 676 730 706 Qem nmaiſter arte docta finxit & cultu probo.
164 706 723 735 Diſciplina vineit ipſum quippe naturæ bonum,
163 736 648 766 Moſque ſanctione legum ducit efficacius
163 765 703 795 Cordalaudatos ad actus & reflectit a probris.
163 796 732 825 Te ſimul natura præſans ornat, inſitamque vim
162 825 677 854 Roborauit inſtitutor & bonæ mentis faber.
162 855 662 885 Nec ſinis torpere tanta dona deformi ſitu,
163 885 699 915 Sed labore, induſtriaque continenter excolis.
163 914 681 944 Hinc tibi ſecunda fama. patriæque fauſtitas,
161 944 746 975 Voxque conſpirans bonorum dignitatem detulit
162 973 769 1003 Non redemptam lege cœca ſortis, aut turpi ambitu,
162 1004 710 1033 Sed mera virtute partam: pluſque gloriæ capit
163 1032 746 1064 Te gerente conſulatus, quam quod expenſo ferat.
162 1064 669 1092 Non enim viros poteſtas, at poteſtatem viri
161 1091 731 1123 Laude ſublimes honeſtant: quum Vatinius ſedet
161 1122 727 1151 n curuli ſede, moeum crimen & ſecli eſt pudor.
762 1152 826 1181 Fer
