888 1312
215 77 523 101 TROCHACA
67 117 664 147 Fert magiſtratus repulſam quum repulſus it Cato.
65 147 690 175 Nec Catoni honos negatur. ſed Catoe hons caret
173 187 566 213 Achlli Harliæo, Principi enatu-.
63 226 641 258 Magne Præſes qui reducis auream ſeclo Themin,
66 257 630 286 Quæ fugata liquit olim ferreu irpeirûm,
64 285 558 317 Eqne terris euolauit ad domos Olymptus,
64 316 548 347 Ac diu conſedit illic pro tribunali uis,
65 345 541 378 Vſq; donec alta virtus, atq; ſanctitas tua
64 375 578 405 Fulſit orbi tot ruinis horrido, tot cladibus
65 405 559 435 Obſoleto: nunc penates illa dl git tuos.
65 434 601 465 Gentis & miſerta noſtræ prætulit terras uolo,
64 464 569 492 Et virum Ioui ſupremo. te licet poſcat ibi
64 494 629 523 Cœ litum beatus ordo terra nec tantum decus
64 522 574 552 Suſtinere poſſit vltra, tu tamen mortalibus
62 552 524 583 Intereſſe ne graueris, atq; fulcias, velut
61 580 605 611 Alter Atlas, Chriſtiana regna, Præq; cæteris
63 610 596 643 Spesopeſq; Gallicanas proipera præſens ope.
62 640 642 672 Sic piorum vota flagrant ſic amicum eſt umini,
62 669 583 705 Sicdecus ſaluſq; regni, lex ſupreima, lagitat.
349 722 421 742 Eidem.
60 760 558 792 Lumen orbis atq; ſidus aureæ propaginis,
63 790 562 829 Q graui virtute fulges inter æui nubila.
64 820 571 856 ailicamiq; teim tueris inſtar tlantis nui.
59 848 580 885 Baudiana te ſalutat Muſa turbidum fluens,
60 877 604 913 Non lepore tranſmarino tincta, nec bono ſale
62 907 636 943 Sparſa, ſcd rudi profeſſa ſimplicem cultum ſono.
59 937 635 971 Non quod exæquare ſperet verſibus laudes tuas,
60 966 591 998 Vix onus tam grande tollat ipſe Muſæi gregis
58 996 624 1029 Dux Apollo, cumq; uſis, cumq; Gratijs tribus.
60 1025 622 1054 Tu Dei æmulando munus conſulas quæſo boni,
62 1054 652 1090 Quod tibi votum ſacramus mente pur ſraudibus.
63 1085 637 1116 Sicut ante ligna diuûm, cum nequit tangi caput,
60 1114 554 1145 Ponitur pedes ad imos plectilis coula:
640 1145 713 1167 No
