888 1312
378 67 629 89 BAVDI
180 106 704 135 Non ſecus nos imparati digna ſenſibus tuis
180 136 732 166 Nuncupare, vili adimus thure puluinar tuum.
394 173 630 201 Pero becio amico,
181 214 662 244 Iuris indefeſſe cultor & ſatelles impiger
181 245 676 274 Eruditionis altæ, cernis vt vernus tepor
178 274 708 304 Frigus hibernum fugarit, cernis vt Fauonij
180 303 767 331 Dulcè ſpirat aura? iam nunc prata floribus nitent,
179 333 783 363 Frondet arbos, ridet annus, grexq; blandus alitum u
181 362 729 391 Perſonat virgulta cantu. iam ſerenus ſuppiter
179 391 667 420 Euocat foras, & vrbis repere è nidoiubet.
181 420 743 450 Crimen eſt hærere libris hoc amœno tempore.
179 451 726 474 Pone terminum decentem feruidis laboribus
180 480 703 508 Et enim virtute in ipſa non inutilis modus,
181 509 704 538 Admoietq; nos vetuſta dictio prudentium
180 538 715 569 Auream ſeruare legem, ne quidin vita nimis.
182 568 751 597 Cuncta Dij labore vendunt, ſed laboribus quies
181 597 739 626 Eſt iuganda, ne fatiſcat feſſa mens fub pondere.
180 627 755 656 Nil viget virtute tanta ſub globo Lunæ, vt queat
183 656 712 684 Semper intendi, nec vllo reprimi ſufflamine.
182 685 758 715 Sic vices humana poſcunt, gaudet altenis labos.
180 715 680 745 Nox quieti deſtinatur dictus eſt curis dies.
180 745 649 774 Cclicus rotatur orbis perpeti vertigine
181 774 733 804 Sol & aſtrorum choreæ miſſionem non habeat
181 803 753 832 Sed miſelli nos homulli, vita queis curſu breuis
181 832 741 862 Obtigit, luctuq; mœſta, non potimur hocbono,
178 863 739 892 Nec ſupra mortalitatem ſapere mortales ecer,
180 892 719 920 Sortis ergo tu caducæ ſemper, & lethi memor
178 920 682 950 Iunge ludicris ſeuera, iunge tiſtibus iocos,
177 950 749 979 Nec mero fugare curas ſperne, dum currit dies,
178 980 655 1009 Cras paratiore niſu penſa derexet iabos.
236 1027 774 1057 AdD. Io. Pichardotum Arehiducum Legatum, dc,
178 1066 711 1098 Vir famâ meritiſq; ingens, qui lumine mentis
204 1097 619 1121 ATdua curarum munia dexter obis.
706 1121 825 1155 Ouamuis
