<?xml version="1.0" encoding="UTF-8" standalone="no"?><PcGts xmlns="http://schema.primaresearch.org/PAGE/gts/pagecontent/2019-07-15" xmlns:xsi="http://www.w3.org/2001/XMLSchema-instance" xsi:schemaLocation="http://schema.primaresearch.org/PAGE/gts/pagecontent/2019-07-15 http://schema.primaresearch.org/PAGE/gts/pagecontent/2019-07-15/pagecontent.xsd"><Metadata><Creator/><Created>2022-04-20T13:28:51</Created><LastChange>1970-01-01T00:00:00</LastChange><Comments/></Metadata><Page imageFilename="0508.png" imageHeight="1312" imageWidth="888"><TextRegion id="r1" orientation="0.0" type="paragraph"><Coords points="1,1 886,1 886,1310 1,1310"/><TextLine id="l1"><Coords points="247,79 247,103 562,103 562,79"/><TextEquiv><Unicode/></TextEquiv><TextEquiv index="1"><Unicode>MISCELLANEA.</Unicode></TextEquiv></TextLine><TextLine id="l2"><Coords points="70,151 616,148 616,118 71,118"/><TextEquiv><Unicode/></TextEquiv><TextEquiv index="1"><Unicode>Hæe nos in medijs armorum horroribus auſi</Unicode></TextEquiv></TextLine><TextLine id="l3"><Coords points="491,177 607,177 607,150 374,150 111,153 111,180 277,180"/><TextEquiv><Unicode/></TextEquiv><TextEquiv index="1"><Unicode>Pangere, tranqnillæ carmina mentis opus.</Unicode></TextEquiv></TextLine><TextLine id="l4"><Coords points="344,208 589,208 589,178 278,180 186,183 115,183 78,182 71,181 71,211 139,212"/><TextEquiv><Unicode/></TextEquiv><TextEquiv index="1"><Unicode>Qua ſacer antiſtes recubat Dionyſius vrbe,</Unicode></TextEquiv></TextLine><TextLine id="l5"><Coords points="384,237 444,238 475,236 578,236 578,209 460,208 194,211 111,213 103,217 71,217 71,239 342,239"/><TextEquiv><Unicode/></TextEquiv><TextEquiv index="1"><Unicode>Oſtentatq; tuos ſculptile marmor auos,</Unicode></TextEquiv></TextLine><TextLine id="l6"><Coords points="278,268 392,268 437,266 570,265 570,238 384,238 342,240 279,239 211,242 97,242 71,241 71,270 228,270"/><TextEquiv><Unicode/></TextEquiv><TextEquiv index="1"><Unicode>Inſignes meritis Heroas &amp; acribus armis.</Unicode></TextEquiv></TextLine><TextLine id="l7"><Coords points="405,296 503,296 568,293 626,294 626,268 393,268 109,272 109,299 263,299"/><TextEquiv><Unicode/></TextEquiv><TextEquiv index="1"><Unicode>Qui fama implerunt ſolis vtramq omum:</Unicode></TextEquiv></TextLine><TextLine id="l8"><Coords points="326,328 355,326 457,325 567,325 585,327 585,297 405,297 142,302 89,302 74,301 71,299 71,329"/><TextEquiv><Unicode/></TextEquiv><TextEquiv index="1"><Unicode>Hectoridæ magni, ſeries longiſſima regum</Unicode></TextEquiv></TextLine><TextLine id="l9"><Coords points="109,327 109,352 542,352 542,327"/><TextEquiv><Unicode/></TextEquiv><TextEquiv index="1"><Unicode>Per tot inoffenſo ducta tenore viros.</Unicode></TextEquiv></TextLine><TextLine id="l10"><Coords points="71,388 181,389 240,387 574,383 585,383 591,386 645,385 645,356 417,356 385,358 298,358 229,360 71,360"/><TextEquiv><Unicode/></TextEquiv><TextEquiv index="1"><Unicode>uAt tu tantorum genus haud mentite parentum</Unicode></TextEquiv></TextLine><TextLine id="l11"><Coords points="359,415 461,415 545,413 545,387 320,387 181,390 110,389 110,417 329,417"/><TextEquiv><Unicode/></TextEquiv><TextEquiv index="1"><Unicode>Purpureos inter gloria prima patres:</Unicode></TextEquiv></TextLine><TextLine id="l12"><Coords points="487,443 531,443 539,447 571,447 574,446 574,416 359,416 329,418 241,417 146,420 75,419 71,418 71,448 215,448"/><TextEquiv><Unicode/></TextEquiv><TextEquiv index="1"><Unicode>Si vacat ingentes paulum ſeponere curas,</Unicode></TextEquiv></TextLine><TextLine id="l13"><Coords points="495,473 495,445 349,446 215,449 112,449 112,476 319,476"/><TextEquiv><Unicode/></TextEquiv><TextEquiv index="1"><Unicode>Seriaq; alternis exhilarare iocis:</Unicode></TextEquiv></TextLine><TextLine id="l14"><Coords points="79,507 318,506 343,504 429,504 462,502 648,500 648,471 534,471 528,473 414,476 229,477 193,479 75,478 71,476 71,510 74,510"/><TextEquiv><Unicode/></TextEquiv><TextEquiv index="1"><Unicode>Huc precor, huc pla cidas aures aduerte canenti,</Unicode></TextEquiv></TextLine><TextLine id="l15"><Coords points="452,533 474,531 569,530 607,530 613,533 631,533 631,502 462,503 429,505 343,505 318,507 112,508 112,535 341,535"/><TextEquiv><Unicode/></TextEquiv><TextEquiv index="1"><Unicode>Porrectaque hum iles inſpice fronte modos.</Unicode></TextEquiv></TextLine><TextLine id="l16"><Coords points="414,562 559,560 560,532 474,532 452,534 341,536 211,536 161,537 140,539 83,537 83,564 383,564"/><TextEquiv><Unicode/></TextEquiv><TextEquiv index="1"><Unicode>Non hic bella leges hero condia verſu</Unicode></TextEquiv></TextLine><TextLine id="l17"><Coords points="530,589 583,589 612,587 644,587 650,590 656,590 656,558 606,558 596,560 414,563 383,565 281,565 229,567 98,566 98,592 457,592"/><TextEquiv><Unicode/></TextEquiv><TextEquiv index="1"><Unicode>Fancicus Alcides queis fera monſtra domati</Unicode></TextEquiv></TextLine><TextLine id="l18"><Coords points="445,622 465,620 508,619 594,620 594,591 492,591 457,593 415,592 371,594 353,593 340,595 172,596 123,598 71,596 70,623 342,623"/><TextEquiv><Unicode/></TextEquiv><TextEquiv index="1"><Unicode>Rex virtute ingens, qui fulminis ocyus alis</Unicode></TextEquiv></TextLine><TextLine id="l19"><Coords points="350,651 475,651 496,649 550,648 550,621 343,623 266,626 156,625 117,627 117,653 307,653"/><TextEquiv><Unicode/></TextEquiv><TextEquiv index="1"><Unicode>Hoſtiles rapido demeti enſe globos.</Unicode></TextEquiv></TextLine><TextLine id="l20"><Coords points="469,678 519,679 565,678 584,676 618,677 618,648 496,650 475,652 350,652 272,655 71,655 71,683 297,683"/><TextEquiv><Unicode/></TextEquiv><TextEquiv index="1"><Unicode>Sæuior atq; leo cûm feruidus intonat armis,</Unicode></TextEquiv></TextLine><TextLine id="l21"><Coords points="327,711 420,711 434,710 444,707 465,707 472,703 504,704 527,707 566,706 604,709 604,680 427,680 364,683 115,686 115,713 252,713"/><TextEquiv><Unicode/></TextEquiv><TextEquiv index="1"><Unicode>Mitior atq; pater poſt graueMartis opls.</Unicode></TextEquiv></TextLine><TextLine id="l22"><Coords points="308,740 368,741 469,739 528,736 578,736 578,709 441,709 420,712 87,715 80,720 71,715 71,743 219,743"/><TextEquiv><Unicode/></TextEquiv><TextEquiv index="1"><Unicode>Cuius nemo feros impune laceſiit ictus,</Unicode></TextEquiv></TextLine><TextLine id="l23"><Coords points="339,769 451,769 583,765 583,742 265,742 219,744 118,745 118,771 306,771"/><TextEquiv><Unicode/></TextEquiv><TextEquiv index="1"><Unicode>Nemo piam fruſtrâ voc rogauit opem.</Unicode></TextEquiv></TextLine><TextLine id="l24"><Coords points="193,801 285,801 306,799 403,799 423,798 432,796 531,796 637,792 637,765 590,765 451,770 339,770 306,772 170,774 78,773 71,770 71,803 137,803"/><TextEquiv><Unicode/></TextEquiv><TextEquiv index="1"><Unicode>Non noſri ingenij eſt tantas euoluere laudes.</Unicode></TextEquiv></TextLine><TextLine id="l25"><Coords points="175,831 184,830 341,830 395,827 491,826 515,824 571,824 595,822 690,823 694,825 694,792 638,792 602,795 559,795 531,797 432,797 423,799 403,800 306,800 285,802 193,802 137,804 119,803 119,835 170,835"/><TextEquiv><Unicode/></TextEquiv><TextEquiv index="1"><Unicode>Quinetiam, haud verear dicere, vix hominum eſt.</Unicode></TextEquiv></TextLine><TextLine id="l26"><Coords points="435,855 464,856 642,852 642,825 515,825 491,827 395,828 341,831 184,831 175,832 170,836 156,837 116,836 100,833 87,833 74,830 71,827 71,858 370,858"/><TextEquiv><Unicode/></TextEquiv><TextEquiv index="1"><Unicode>Sed veſut obſequium, velut oficioſa voluntas</Unicode></TextEquiv></TextLine><TextLine id="l27"><Coords points="565,883 620,883 629,885 651,885 651,854 556,854 531,856 464,857 435,856 329,860 119,861 119,887 402,887"/><TextEquiv><Unicode/></TextEquiv><TextEquiv index="1"><Unicode>Cœleſtem mage quam victima pacat herum:</Unicode></TextEquiv></TextLine><TextLine id="l28"><Coords points="630,912 630,887 403,887 164,892 83,890 72,892 71,890 71,918 244,919"/><TextEquiv><Unicode/></TextEquiv><TextEquiv index="1"><Unicode>Sic ego nnc impar victtices dicere puguass</Unicode></TextEquiv></TextLine><TextLine id="l29"><Coords points="473,943 557,944 596,941 639,941 639,913 575,913 551,915 433,916 341,919 119,921 119,946 417,946"/><TextEquiv><Unicode/></TextEquiv><TextEquiv index="1"><Unicode>Eorbonidumq; domo carmina digna loqui</Unicode></TextEquiv></TextLine><TextLine id="l30"><Coords points="144,978 320,978 353,977 368,975 460,975 509,972 582,972 588,975 639,974 642,973 642,942 596,942 557,945 473,944 417,947 318,947 205,950 160,949 133,950 126,954 94,954 91,952 91,980 126,980"/><TextEquiv><Unicode/></TextEquiv><TextEquiv index="1"><Unicode>Quâ licet, hos magnis præludia rebus aibos.</Unicode></TextEquiv></TextLine><TextLine id="l31"><Coords points="333,1005 540,1002 540,976 368,976 353,978 320,979 266,978 182,980 144,979 121,981 121,1007 295,1007"/><TextEquiv><Unicode/></TextEquiv><TextEquiv index="1"><Unicode>OPrinceps genio do no dicoq; tuo.</Unicode></TextEquiv></TextLine><TextLine id="l32"><Coords points="449,1032 482,1033 534,1030 634,1030 640,1033 743,1031 743,999 587,999 578,1002 562,1003 333,1006 253,1009 92,1009 92,1035 372,1035"/><TextEquiv><Unicode/></TextEquiv><TextEquiv index="1"><Unicode>Sume volens, ſimul hunc animum, quo pignore maius</Unicode></TextEquiv></TextLine><TextLine id="l33"><Coords points="596,1032 534,1031 482,1034 449,1033 372,1036 262,1037 226,1039 104,1038 104,1060 596,1060"/><TextEquiv><Unicode/></TextEquiv><TextEquiv index="1"><Unicode>Nec mortalis habet, nec Deus ipſe petit.</Unicode></TextEquiv></TextLine><TextLine id="l34"><Coords points="291,1066 291,1087 546,1087 546,1066"/><TextEquiv><Unicode/></TextEquiv><TextEquiv index="1"><Unicode>Ad Achillem arlæum.</Unicode></TextEquiv></TextLine><TextLine id="l35"><Coords points="366,1123 440,1123 533,1120 621,1120 628,1123 687,1122 687,1090 531,1090 467,1093 399,1093 336,1096 259,1096 250,1093 129,1094 92,1092 92,1127 196,1127"/><TextEquiv><Unicode/></TextEquiv><TextEquiv index="1"><Unicode>Carmine quod tenui te magnum Heroa ſalutem.</Unicode></TextEquiv></TextLine><TextLine id="l36"><Coords points="440,1151 459,1151 475,1149 581,1151 581,1121 533,1121 440,1124 366,1124 269,1127 122,1128 122,1155 434,1155"/><TextEquiv><Unicode/></TextEquiv><TextEquiv index="1"><Unicode>Forſan erit qui me fronte carere ferat.</Unicode></TextEquiv></TextLine><TextLine id="l37"><Coords points="694,1150 694,1170 746,1170 746,1150"/><TextEquiv><Unicode/></TextEquiv><TextEquiv index="1"><Unicode>Non</Unicode></TextEquiv></TextLine><TextEquiv><Unicode/></TextEquiv></TextRegion></Page></PcGts>