888 1312
247 79 562 103 MISCELLANEA.
693 77 732 100 4S3
1 118 616 158 Hæe nos in medijs armorum horroribus auſi
111 150 607 180 Pangere, tranqnillæ carmina mentis opus.
40 176 589 212 Qua ſacer antiſtes recubat Dionyſius vrbe,
1 208 578 239 Oſtentatq; tuos ſculptile marmor auos,
40 238 570 270 Inſignes meritis Heroas & acribus armis.
109 268 626 299 Qui fama implerunt ſolis vtramq omum:
39 297 585 330 Hectoridæ magni, ſeries longiſſima regum
109 327 542 352 Per tot inoffenſo ducta tenore viros.
1 356 645 391 uAt tu tantorum genus haud mentite parentum
110 387 545 417 Purpureos inter gloria prima patres:
38 416 574 448 Si vacat ingentes paulum ſeponere curas,
112 445 495 476 Seriaq; alternis exhilarare iocis:
37 471 648 510 Huc precor, huc pla cidas aures aduerte canenti,
112 502 631 535 Porrectaque hum iles inſpice fronte modos.
1 513 38 538 i
83 532 560 564 Non hic bella leges hero condia verſu
98 558 656 592 Fancicus Alcides queis fera monſtra domati
34 591 594 623 Rex virtute ingens, qui fulminis ocyus alis
117 621 550 653 Hoſtiles rapido demeti enſe globos.
2 635 35 657 a
34 648 618 683 Sæuior atq; leo cûm feruidus intonat armis,
115 680 604 713 Mitior atq; pater poſt graueMartis opls.
34 709 578 743 Cuius nemo feros impune laceſiit ictus,
118 742 583 771 Nemo piam fruſtrâ voc rogauit opem.
35 765 637 803 Non noſri ingenij eſt tantas euoluere laudes.
119 792 694 835 Quinetiam, haud verear dicere, vix hominum eſt.
35 825 642 858 Sed veſut obſequium, velut oficioſa voluntas
119 854 651 887 Cœleſtem mage quam victima pacat herum:
37 887 630 919 Sic ego nnc impar victtices dicere puguass
119 913 639 946 Eorbonidumq; domo carmina digna loqui
91 942 642 980 Quâ licet, hos magnis præludia rebus aibos.
121 976 540 1007 OPrinceps genio do no dicoq; tuo.
92 999 743 1035 Sume volens, ſimul hunc animum, quo pignore maius
104 1031 596 1060 Nec mortalis habet, nec Deus ipſe petit.
291 1066 546 1087 Ad Achillem arlæum.
92 1090 687 1127 Carmine quod tenui te magnum Heroa ſalutem.
122 1121 581 1155 Forſan erit qui me fronte carere ferat.
694 1150 746 1170 Non
487 1150 547 1176 Ef 3
