888 1312
332 98 579 132 BAVDII
128 136 663 173 Non etenim tali venerandum munere talem
166 166 637 199 Dicat, & hæc apinas quiſquiliaſq; vocet.
126 194 666 232 Sunt apinæ, fateor: ſed enim ſi dona requiris
136 224 637 265 Digna tuo genio. nemo ea, nemo dabit.
127 253 678 287 Nobis non alium fors ſuggerit inuida cenſum,
166 281 658 314 Nec munes ſplendor nos tuus eſſe ſinit.
125 311 680 348 Omnia quum ſuperi dederit tibi dextera regis
157 340 666 378 Quis quod non habeas ſuppeditare queat?
263 383 654 410 Ad Ludouicum à Flandria, dominum
402 415 507 434 de Traet.
128 453 642 489 Ergo iterad patrios moliris amice Penates,
165 483 521 518 Nataliſq; paras viſcre rura ioii:
129 510 665 545 Maternoſq; petis longo poſt tempore vultus,
169 541 596 574 Solans præteritæ tædia lenta moræ
132 568 682 603 Penè etenim ſtudijs deuotum, ac laudis amori
163 598 612 627 Tertius externâ detinet aunus humo.
131 626 682 664 Dum generis decus, & laudes contendis auitas
169 657 594 686 Prouehcre in maius dotibus ingenij
137 688 680 722 Te quondam laſila ſuum iactauit alumnum,
168 715 629 744 Nunc fouet in dulcia dia Gebenna ſinu.
138 744 643 774 Florentes ambæ ſtudiorum cultibus vrbes,
143 774 651 809 Vnde iuuenta queat ſumere mentis opes.
136 803 637 836 Luxu ac delicijs poteras, & inertibus horis
166 836 622 868 Tranſigere ætatis prima elementa tæ.
125 863 626 897 Turpiter amplxus fallacis præmia vitæ,
168 893 585 927 Et quæ ſectatur gaudia vulgus iners.
130 921 613 950 Sed te laudati ſtimulatri Fama laboris
167 954 505 985 AIcidæ tritas iuſſit inire vias.
136 981 642 1014 Macte animo iuuenis felix natalibus idem,
166 1011 542 1042 Felix ingenio corporeiſq; bonis.
136 1038 656 1071 Immenſum pariture decus paitriæque, tuiſq;
168 1070 582 1099 Seu tractanda togæ munia, ſiue sagi.
127 1098 597 1134 Non te pœniteat nctem iunxiſſe diei,
157 1131 615 1161 Dum colis Aonias captas amere Deas.
705 1158 777 1179 Narro
