888 1312
356 61 600 89 BAVDII
186 96 688 128 Nunc ſapere & curas ſpernere corde leues,
156 128 725 157 Hortatur breue quod mortales currimus æuum,
187 157 572 183 IDiaq; cœleſti mens ſata ſeminio.
144 179 656 215 Me digeſta iuuet Romanaq; diſcere iura,
189 215 616 244 uititiæ q ſacrâ figere in æde pedem.
156 243 758 276 Hinc ſolidus nihi ſurget honos, nec inutile nomen,
184 273 636 307 Plurimus & noſtræ ſentiet artis opem.
156 301 743 332 Scilicet vt ſterilis mea tempora laurus inumbret
186 331 701 365 Turbao; me indigitans obuia dicat: Hic eſt
156 361 686 397 Ringar & inſontes capiar diſperdere chattas,
187 391 642 424 Scalpere & inſeſto ſæpius vngue caput.
155 419 701 448 Forte quod in medio carmen, vel fine laboret.
187 448 724 482 Nec ſolidum quidquam lua mamilla crepet.
156 478 728 513 Hæc faciant quibus aut per opes licet eſſe poëtis,
187 510 661 542 Aut quorum llebori iugere pectus eget.
156 538 725 569 Hos inter pete uſ aliquem cui ſriuola vendas,
188 568 672 596 Non placer hoc prctio futile nomen emi.
156 597 589 626 Talia iactabam vitæpertæſus inertis,
188 626 645 661 Totq; peiſe dosensmi ſine fruge dies.
157 656 664 686 Hæc inter pharecrâ t&ito ſpectabilis arcu
188 685 616 710 Ales Amor vultus ſi titur ante meos.
157 714 690 746 Non ille indomito qui ſauciat igne medullas,
187 744 655 773 Cuius & anguineo ſpicula felle madent
158 773 683 806 Quo ſſtimulante Deum poſuit Satuinius, & ſe
186 804 589 835 Contini claro lumine ſæpe tulit.
155 830 702 861 Ah valeat dirum ltud & illætabile monſtrum.
186 862 712 895 Qul e vnquam Srgio protulit amne caput.
152 892 714 924 urc loquor àprimâ qui fertur origine mundi
184 920 614 953 Cofuſumſtabili pace ligaſſe chaos.
156 950 686 983 uem Natura parens in luminis edidit auras
185 979 611 1013 lorem orbis terræ, deliciumq; poli.
156 1008 672 1040 Qu ſine ſ:aternas agitat diſcordia mentes,
185 1039 616 1071 Q duce didactas gratia conciliat.
157 1068 700 1099 Qutyladen Agamennonio coniunxit Oreſti,
183 1099 572 1127 Euryalum Niſo, Theſea Pirithoo.
709 1136 794 1165 Totque
