888 1312
251 71 564 92 MISCELLANEA.
82 107 661 138 Totque alios famæ quibus immortalis honorem
113 137 533 167 Sacrat inoſfenſo culita tenore fides
84 166 574 198 Iſq; vbi me charis ſcnſit valediccrt Muſis,
114 197 467 222 Irato tales fudit ab ore ſonos:
84 227 639 257 Nam quæ te iuuenum vaniine cauſa ſubegit
115 257 613 286 Caſtalidum dulccs linquere velle choros?
85 286 641 316 An tibi quod teneris fauerunt ſenper ab annis
116 317 552 345 Contemptus ideo promeruere tuos?
88 345 637 374 Hoc verum fuit, vt quod c œlo æquar ſolebas,
118 374 583 397 Futile nunc verſo nomen anore voces?
88 405 745 435 Non ſtomachor noſtro quod ab ordine transfugæ cedis.
119 435 617 465 Quando alias curas annianimuſq; ferunt.
90 465 663 494 IIlud cordolio eſst tantum, damnare quod audes
120 494 512 517 Olm culta tibi numina ieridas.
92 523 582 553 Si tibi decretum eſt oras euoluere legum,
122 554 545 583 Et vaſtum tetrici diſcere iuris opus.
92 583 643 612 Non equidem cœptis ſublimibus æmulor, imo
122 613 656 642 Perge agedum, & ſtudio ſit hemis æqua tuo.
91 642 630 671 Fas tamen interdum usæos promere fœtus,
123 672 483 702 Otiaq alternis failere delicijs.
92 701 653 734 Fas inquam ingenuos interdum ludere luſus,
125 731 581 759 Promptior vt repetat ſeria penſa labos.
93 760 582 790 Ne depreſſa graui curarum mole fatiſcat
122 789 647 820 Mens animi, & nequeat ſuppeditare operi.
92 820 601 849 Iamq; adeo, ne vana queri me forte rearis,
124 849 556 871 Huc adſum veſtros iuſſus adire lares.
94 879 567 908 Sacratas Genio Fidei, Sancoq; tabellas,
124 908 629 938 Sturmiacæq; vides ſymbola amica manus.
94 938 622 967 Ille tibi auſpicibus Muſis proponit amorem,
122 967 545 990 Poſtulat & contra ſe redamare velis.
94 996 564 1021 Inunc & ſteriles aude iam dicere Muſas
86 1028 478 1050 Conciliatrices talis amicitiæ.
95 1055 659 1087 Non impune feres, fruſtrà olim in vota vocabis,
125 1085 615 1112 Fruſtrà olim Aonidum ſollicitabis opem.
99 1115 608 1146 Tunc tibi ſera tui veniet querimonia faſtus,
683 1147 751 1166 Tunc
