888 1312
326 81 576 102 BAVDII
161 118 628 150 Tunc mihi ſupplicij ſatq; ſuperq; dabis.
132 148 747 177 Intereà hoc noſtri monumentum auferre memento,
161 177 571 201 Numinis & vires diſce tiniere mei.
121 207 692 234 Dixit & in tenuem cum dicto euanuit vmbram,
133 235 604 269 Nec caruere tamen ltima verba fide.
124 264 680 293 Fallor enim, aut tacito illapſu non noxius ales
164 294 591 324 Se penitus noſtris oſſibus implicuit.
132 324 630 352 Exinde inſolitos aflante Cupidine motus
162 354 581 376 Mox inflammari corda calorenouo
124 382 745 414 Senſimus, & confeſtim hæc paucula Amore magiſtro
157 412 635 442 Scripſimus incultis qualiacunq; modis.
132 442 652 471 Vile quidem munus, fateor. ſi cætera ſpectes,
163 472 652 505 Sin animum; maius nil do, nec ipſe petis.
332 519 561 549 Ad Iuſtum Lipium.
125 559 601 589 Lipſi, deliciæ Muſarum, ac Belgij ocelle,
164 589 591 617 Cui ſatur Arpino ſuada iepore fluit.
130 619 602 648 Tu nunc ingenij prædiuitis alite vectus,
165 648 608 676 Quà rara alterius ſemita facta ſolo eſt,
133 678 683 708 Tendis iter, longumq; prius damnata tenebris
162 707 625 735 Scripta ve tuſta nouæ lucis honore beas.
135 737 690 766 Quæq; olim annorum mutarant perpete lapſu,
163 766 584 796 Aſſeris, in priſcum reſtituiſq; decus.
127 796 716 826 Progenies Superûm, tam vaſtam enincere molem
162 825 645 854 Non etenim huanâ ſit potis arte labos.
132 854 775 885 O id cum denſam inter iuuenumq; virûmq; coronam
162 882 557 915 Diſſeris eloquij mellea dona tui?
130 914 666 944 M irata applaudi iuuenumq; virûmq; corona,
161 942 622 972 Suſpenſiſq; haurit ſingula dicta animis.
133 972 707 1002 Quid quando ſteriles cupidus proſcribere curas,
164 1002 582 1030 eriaq; alternis concelebrare iocis:
133 1031 682 1062 Qæ præſens legat, & mirentur ſecla nepotum
161 1060 644 1091 angis inexſtincæ carmina laudis opus?
131 1090 732 1119 Carmina queis non longa dies ſubducet honorem,
159 1117 638 1152 Nec Phlegetontææ luridus horror aquæ.
700 1153 782 1174 Fortu-
