888 1312
364 74 611 98 BAVDII
185 115 572 141 Et vitæ ſtudio viuere deſinimus.
156 144 758 176 Pendit ad exemplum hoc temeratæ crimina linguæ
187 175 681 207 Tantalus omnigenas inter egenus opes.
156 203 724 233 Quid loquar exhauſtas vario medicamine vires.
186 232 641 259 Pharmaca ſumpta ipſo deteriora malo?
156 262 710 292 Quid loquar ex actam vigili formidine noctem,
185 292 728 321 Dum metus extremum iam fore iamq; diem
158 321 692 348 Sic mihi per longos producitur hora dolores,
187 349 626 379 Vitaq; continui funeris inſtar habet.
156 379 685 409 Nonne foret ſatius ſuper altæ ſtragis aceruos
157 408 629 437 ternum ſubita morte parare decus?
156 439 741 467 Dum numero armituum bellator inundat lberus,
185 467 618 495 Imminet & fatis selgica mœſta tuis?
155 496 701 526 Nonne fort ſatius præſenti occumbere letho,
186 526 674 556 Quam miſere toties non moriendo mori?
160 557 722 586 Sed licet omne Erebo pœnarum ſuſcrtet agmen
187 586 640 616 Vnius in miſeri Parca malgna caput:
158 617 701 645 Nulla tamen Lipsl memores exſtinx rit ignes
189 645 656 675 Donec in hoc aliqui pectore viuet amor
160 675 689 703 Ante per intorſos ibit ratis hoſpita montes,
189 705 648 733 Etrota veliuolum per nmare finder iter,
160 734 682 764 Aut lupus in pecudes odium fatale remittet,
188 763 665 792 Qiam tuus è noſtro corde fugetur amor.
158 793 710 820 Quod te per dulces, communia numina. Muſas,
182 822 698 852 Per Sancum obteſtor. per Philiumq; Iouem:
155 850 636 880 Me tibi ſit noſtri teſtem deponere curam,
178 880 652 912 Neu fluat immemori Baudius ex animo.
155 909 600 939 Sic te felicis ſpatia ad ſuprema ſenecta
182 939 615 962 Ducat in offenſo tracta tenore Salus.
157 969 697 1003 Non ego ſum tanti, quod ſi perpendis amorem
186 997 631 1029 Eſt quoq; non meriti gratia nulla mei.
157 1027 818 1066 Sed tuus ille animus meritis quando omnibus anteiu
187 1057 548 1085 Sit meriti pietas officioſa loco.
156 1085 733 1118 Nunc ſeu porro erimus, ſeu vitam fata negabunt
186 1115 588 1145 Claudatur ſolito littera fine, ale.
701 1147 806 1169 Mauricie
