888 1312
395 59 644 81 BAVDII
175 96 710 126 Non opus humanæ eſt miracula dicere tanta,
205 125 702 157 Quippe opus humanæ non fuit illud pus.
177 153 801 187 Quod ſupereſt generoſe Heros, t bi namq fauentes Ci
207 184 723 207 Inſtitimus ſcrum liunc cocelebrare diem.
176 214 715 243 Lætus ini pa ruos tibi quos molimur honores,
207 243 664 271 Et frnere imperi munere noſter herus
175 272 704 302 Iure otcs. virtute meres, idem ſimnl omnes
207 301 700 330 Ardor habet certam poſſe probare fidem.
180 331 753 362 Si quantum ſtudiis animorum, ac pectore pronæ
206 361 681 390 Concipimus tantas Para dediiſet opes
180 391 760 420 Non nos muneribus Herſarum opulentia Regum
203 420 690 448 Vinceret aut auro decolor vnda Tagi.
176 450 707 480 Sed neq; noſltrarum paupercula factio regum
204 479 685 510 Dona. quibus talem te veneretur habet.
178 509 676 539 Et tuus ille animus. patriæ virtutis imago.
208 539 692 570 Fortius hæc ſpernit quàm ſitienter auet.
177 568 807 597 Munus amore probas, non munere pendis amorem,
209 599 638 628 Sinceroq; nihil pectore maius amas.
179 628 708 657 Sincerum ergo tibi pectus ſincera vouemus
206 657 648 686 Templa animi, iuſſis bſequioſa tuis.
176 688 712 710 Hæc ſacer vnanimi conclamat voce Senatus,
206 714 752 747 Plauſibus hæc eadem plebs fremituq probat
366 768 618 797 Iacobo Auguſto Thuana.
176 801 819 829 Flos hominum. cui iura Themis, cui carmina Phœbus
205 835 668 864 Dictat & ambroſium Calliopea melos.
179 865 737 894 Dum tu magnarum grauia inter munia rerum
206 894 679 920 Condis inexhauſtæ nobile mentis opus.
177 922 720 953 Et nunc perpetuis Annalibus inclyta pangis
206 953 695 982 Facta virûm, ſacris nune operare modis:
178 981 719 1013 Nos humiles Eegos Regis ſacramus honori,
209 1013 616 1041 Saturnalitias offerimuſque nuces.
178 1040 746 1072 Ne contemne graui leuia hæc, & ludicra vultu,
208 1071 665 1100 Non aliter conſtat connubiale ſacrum,
177 1098 721 1130 Forſitan haud ipſi venient ingrata Monarchæ,
794 1125 822 1147 1
