888 1312
198 72 579 96 MISCELLANEA.
680 72 724 95 465
154 126 604 156 Petroa Beringen Pimicerio Cubiculariorum
364 157 421 184 Fgis.
3 211 569 245 Si qua pios noſtri continget cura nepotes,
99 239 568 263 Non te nulla manet carmine fama meo.
36 267 673 303 Seu quia communis tecum mihi patria tellus,
96 299 561 330 Seu quia noſtra tuo digna fauore putas.
35 326 638 366 Præcipue quod te famulis magis omnibus vnum
97 360 538 387 Rex amat ob fidei pignora certa tuæ.
10 382 714 426 Magnum opus ac decus eſt tanto placuiſſe Monarchæ,
100 417 562 447 ix datur id paucis principibuſq; viris.
9 441 508 479 Me fortuna grauis, deſolatiq; Penates
95 476 600 507 Sperm nimis excelſam corde fouere vetant.
34 502 597 543 Eſt tamen eſt animi vis viuida pectore in iſto,
96 533 600 566 Nec non digni aliquo lucis honore ſumus.
6 561 626 601 Eripe ab ngratis caput hioc vir amice tenebris,
97 594 572 626 Quodq; potes ciui da precor hocce tuo,
33 623 552 659 Gratus vt indultas cœleſti munere dotes
96 653 492 684 Vſibus ingenuis aſſeruiſſe queam.
34 677 597 716 Poſtulat id patriæ genius iubet inſita virtus,
96 711 543 744 ſt quoq; non meriti gratia nulla mei.
6 738 642 770 Nam licet immenſo ferar æquore naufrages ales,
96 770 544 803 Iegia dum leuibus molior acta modis:
4 797 643 830 Attamen in magnis laudem meret alta voluntas,
94 829 547 862 Et pius ingenij damna rependit amor.
37 857 611 887 Forſitan hæc, animum ni gloria lactat inanem,
39 886 544 918 Publicus excipiet poſt mea fata fauor.
123 928 556 963 .ompono Bellevræo, Galliæ ancella-
358 967 391 980 i.
5 1002 604 1039 Sanctæ ſenex, ſanctiq; decus ſublime Senatus,
95 1033 502 1065 Imperii columen, relligionis apex.
62 1059 617 1095 Auſpice quo Pietas hominum miſerata labores
95 1092 508 1124 Contingi noſtro lumine ſe patitur.
1 1118 521 1159 Si potes ingenti curarum mole ſolutus
653 1147 707 1169 Non
503 1152 544 1178 G g
149 1156 301 1185 Tomus primus.
