<?xml version="1.0" encoding="utf-8"?>
<PcGts xmlns="http://schema.primaresearch.org/PAGE/gts/pagecontent/2017-07-15" xmlns:xsi="http://www.w3.org/2001/XMLSchema-instance" xsi:schemaLocation="http://schema.primaresearch.org/PAGE/gts/pagecontent/2017-07-15 http://schema.primaresearch.org/PAGE/gts/pagecontent/2017-07-15/pagecontent.xsd">
  <Metadata>
    <Creator>User123</Creator>
    <Created>2020-04-14T13:52:50</Created>
    <LastChange>2020-04-14T13:52:50</LastChange>
  </Metadata>
  <Page imageFilename="0526.png" imageHeight="1312" imageWidth="888">
    <TextRegion id="r0" type="paragraph">
      <Coords points="1,1 886,1 886,1310 1,1310"/>
      <TextLine id="r0_l001">
        <Coords points="572,84 572,51 540,50 534,48 529,43 495,43 463,46 428,47 422,50 419,56 413,49 399,48 252,55 201,56 201,87 474,87"/>
        <TextEquiv index="1">
          <Unicode>MISCELANEA.</Unicode>
        </TextEquiv>
      </TextLine>
      <TextLine id="r0_l002">
        <Coords points="686,51 686,77 725,77 725,51"/>
        <TextEquiv index="1">
          <Unicode>A</Unicode>
        </TextEquiv>
      </TextLine>
      <TextLine id="r0_l003">
        <Coords points="490,120 551,119 587,116 637,116 640,118 654,118 654,86 491,87 354,95 283,96 263,98 149,102 75,102 75,130 281,130"/>
        <TextEquiv index="1">
          <Unicode>on tamen inuictum poterit perrumpere pectu</Unicode>
        </TextEquiv>
      </TextLine>
      <TextLine id="r0_l004">
        <Coords points="328,156 379,156 418,153 482,152 540,148 598,147 598,121 490,121 420,125 370,126 316,130 250,131 166,136 94,135 46,136 41,134 35,128 32,127 1,126 1,159 291,159"/>
        <TextEquiv index="1">
          <Unicode>lTantus in horrenda virgine regnat honor.</Unicode>
        </TextEquiv>
      </TextLine>
      <TextLine id="r0_l005">
        <Coords points="393,183 421,183 527,178 588,177 594,180 600,180 600,149 540,149 504,152 418,154 379,157 328,157 169,166 112,166 85,164 73,171 60,171 52,179 48,181 37,181 37,190 274,190"/>
        <TextEquiv index="1">
          <Unicode>Illa dolos, arteſque vafras virtute retundene,</Unicode>
        </TextEquiv>
      </TextLine>
      <TextLine id="r0_l006">
        <Coords points="466,209 571,207 571,179 465,181 421,184 373,185 355,187 330,187 254,192 213,192 168,195 108,196 108,218 307,218"/>
        <TextEquiv index="1">
          <Unicode>Arma triumphato de oue opima fcret.</Unicode>
        </TextEquiv>
      </TextLine>
      <TextLine id="r0_l007">
        <Coords points="241,249 306,248 325,247 334,245 392,242 433,242 442,240 457,240 471,238 576,236 576,209 466,210 447,212 399,213 340,218 308,218 204,224 155,225 69,224 61,222 55,218 47,218 32,214 1,214 1,248 28,248 36,252 45,253 183,253"/>
        <TextEquiv index="1">
          <Unicode>Peruia ſuntauro quæuis loca, nivigil intus</Unicode>
        </TextEquiv>
      </TextLine>
      <TextLine id="r0_l008">
        <Coords points="197,281 244,280 303,276 393,274 405,272 456,270 496,266 540,266 578,264 582,263 582,236 471,239 457,241 442,241 433,243 392,243 334,246 325,248 217,251 167,255 106,255 106,283 180,283"/>
        <TextEquiv index="1">
          <Unicode>Mens habitet, nullum certa ſubireneſas.</Unicode>
        </TextEquiv>
      </TextLine>
      <TextLine id="r0_l009">
        <Coords points="1,256 1,275 38,275 38,256"/>
        <TextEquiv index="1">
          <Unicode/>
        </TextEquiv>
      </TextLine>
      <TextLine id="r0_l010">
        <Coords points="243,308 325,307 360,303 409,302 549,293 585,293 593,298 640,297 640,264 579,264 540,267 496,267 456,271 405,273 393,275 303,277 159,285 78,285 74,287 71,291 58,291 51,299 46,302 40,303 40,312 197,312"/>
        <TextEquiv index="1">
          <Unicode>Limina ſponte patet pretii quà vector aſellus,</Unicode>
        </TextEquiv>
      </TextLine>
      <TextLine id="r0_l011">
        <Coords points="1,283 1,306 40,306 40,283"/>
        <TextEquiv index="1">
          <Unicode>u</Unicode>
        </TextEquiv>
      </TextLine>
      <TextLine id="r0_l012">
        <Coords points="241,338 312,337 361,333 394,333 471,327 541,325 552,320 552,296 514,296 409,303 360,304 325,308 243,309 197,313 163,314 39,315 33,312 1,312 1,344 24,344 32,340 60,340 69,343 87,344 139,344"/>
        <TextEquiv index="1">
          <Unicode>Membra licet ſenio debilis, ire poteſt</Unicode>
        </TextEquiv>
      </TextLine>
      <TextLine id="r0_l013">
        <Coords points="226,370 282,366 334,365 381,361 442,360 526,354 593,352 630,355 630,323 548,323 541,326 528,327 471,328 394,334 361,334 312,338 241,339 139,345 106,344 87,345 69,344 60,341 35,341 36,373 140,373"/>
        <TextEquiv index="1">
          <Unicode>Non canis cxcubitor. non turris ahenea munt</Unicode>
        </TextEquiv>
      </TextLine>
      <TextLine id="r0_l014">
        <Coords points="391,392 418,389 487,387 505,384 577,382 577,356 509,356 461,360 381,362 352,365 259,368 205,372 111,374 111,395 327,395"/>
        <TextEquiv index="1">
          <Unicode>Matronale decus, ſed pudsr atque fides.</Unicode>
        </TextEquiv>
      </TextLine>
      <TextLine id="r0_l015">
        <Coords points="2,374 2,398 38,398 38,374"/>
        <TextEquiv index="1">
          <Unicode/>
        </TextEquiv>
      </TextLine>
      <TextLine id="r0_l016">
        <Coords points="132,432 185,431 234,427 329,425 387,420 527,415 573,411 641,410 641,382 505,385 487,388 418,390 375,394 178,401 147,404 82,404 82,434 130,434"/>
        <TextEquiv index="1">
          <Unicode>Quæ dare cunctatur. dedit: &amp; mox oſferet vltro,</Unicode>
        </TextEquiv>
      </TextLine>
      <TextLine id="r0_l017">
        <Coords points="315,454 337,454 347,452 378,452 410,449 453,448 504,443 569,443 585,441 614,441 614,413 556,413 506,417 387,421 329,426 234,428 185,432 132,433 127,438 112,439 112,456 296,456"/>
        <TextEquiv index="1">
          <Unicode>Sifore clam fpere, qucd male fonte tegit-</Unicode>
        </TextEquiv>
      </TextLine>
      <TextLine id="r0_l018">
        <Coords points="1,434 1,460 37,460 37,434"/>
        <TextEquiv index="1">
          <Unicode>u</Unicode>
        </TextEquiv>
      </TextLine>
      <TextLine id="r0_l019">
        <Coords points="190,490 278,484 328,484 438,478 456,479 472,478 487,473 535,473 596,469 623,469 624,442 585,442 569,444 504,444 453,449 410,450 378,453 347,453 337,455 272,457 259,459 182,460 142,463 66,463 46,465 1,465 1,493 90,493"/>
        <TextEquiv index="1">
          <Unicode>ut Fruſtratur populum tituloque exſuita inani,</Unicode>
        </TextEquiv>
      </TextLine>
      <TextLine id="r0_l020">
        <Coords points="214,518 238,518 288,514 368,512 470,505 501,505 527,502 563,502 598,500 604,503 631,503 631,475 482,475 472,479 456,480 438,479 328,485 278,485 190,491 116,493 116,522 149,522"/>
        <TextEquiv index="1">
          <Unicode>Quam lex eſſe malama, vel mala sorma vetat.</Unicode>
        </TextEquiv>
      </TextLine>
      <TextLine id="r0_l021">
        <Coords points="1,496 1,526 36,526 36,496"/>
        <TextEquiv index="1">
          <Unicode/>
        </TextEquiv>
      </TextLine>
      <TextLine id="r0_l022">
        <Coords points="149,551 169,549 257,547 286,544 367,542 465,534 561,531 561,506 470,506 368,513 268,516 238,519 117,524 89,524 75,522 71,524 38,524 35,526 35,553 86,553"/>
        <TextEquiv index="1">
          <Unicode>Interiora animi ſeruat penetralia virtus,</Unicode>
        </TextEquiv>
      </TextLine>
      <TextLine id="r0_l023">
        <Coords points="360,571 374,568 444,568 452,564 475,563 536,561 579,561 595,563 595,533 484,534 405,539 367,543 286,545 257,548 169,550 117,553 117,573 314,573"/>
        <TextEquiv index="1">
          <Unicode>Hinc radians veronomine fulget honos.</Unicode>
        </TextEquiv>
      </TextLine>
      <TextLine id="r0_l024">
        <Coords points="2,554 2,582 36,582 36,554"/>
        <TextEquiv index="1">
          <Unicode>l</Unicode>
        </TextEquiv>
      </TextLine>
      <TextLine id="r0_l025">
        <Coords points="861,555 861,616 884,616 884,555"/>
        <TextEquiv index="1">
          <Unicode>I</Unicode>
        </TextEquiv>
      </TextLine>
      <TextLine id="r0_l026">
        <Coords points="237,605 294,604 338,600 383,600 434,596 465,596 502,592 562,591 562,563 475,564 452,565 444,569 411,568 374,569 360,572 345,573 284,574 153,582 74,582 70,584 56,585 51,587 3,587 3,608 200,608"/>
        <TextEquiv index="1">
          <Unicode>Attua quæ noſtro nubit Diaa sradiu</Unicode>
        </TextEquiv>
      </TextLine>
      <TextLine id="r0_l027">
        <Coords points="272,631 382,629 417,625 528,622 530,621 530,596 434,597 404,600 338,601 294,605 237,606 182,610 116,611 116,633 267,633"/>
        <TextEquiv index="1">
          <Unicode>Ducit ab ingeii ſtirpe pudiciam.</Unicode>
        </TextEquiv>
      </TextLine>
      <TextLine id="r0_l028">
        <Coords points="266,664 297,661 378,659 402,657 441,657 458,656 478,652 504,652 556,648 610,646 610,617 569,617 559,621 528,623 417,626 382,630 272,632 265,635 247,637 211,637 88,643 88,667 201,667"/>
        <TextEquiv index="1">
          <Unicode>Acceptumque refert ſibi,natinoque pudori,</Unicode>
        </TextEquiv>
      </TextLine>
      <TextLine id="r0_l029">
        <Coords points="48,698 155,699 186,697 191,695 203,694 325,692 350,688 378,688 448,683 528,681 569,677 665,678 669,677 669,648 556,649 524,652 478,653 458,657 441,658 402,658 378,660 297,662 230,667 178,668 144,671 104,671 81,676 42,676 34,672 1,672 1,701 42,701"/>
        <TextEquiv index="1">
          <Unicode>Mente quod integrua reſpuit omne probrum.</Unicode>
        </TextEquiv>
      </TextLine>
      <TextLine id="r0_l030">
        <Coords points="61,736 65,734 68,729 70,731 77,733 83,730 92,729 166,728 182,726 360,719 370,717 399,717 468,712 495,712 518,710 557,710 560,712 568,712 568,681 529,681 507,683 425,685 378,689 350,689 325,693 203,695 191,696 186,698 155,700 48,699 41,702 39,706 1,706 1,738 49,738"/>
        <TextEquiv index="1">
          <Unicode>irtus ub fauſtis nuttita Penatibus iſtos</Unicode>
        </TextEquiv>
      </TextLine>
      <TextLine id="r0_l031">
        <Coords points="387,746 444,744 462,741 515,740 515,716 414,716 399,718 370,718 360,720 122,730 122,750 341,750"/>
        <TextEquiv index="1">
          <Unicode>Inſeuit mores, nec ſmit eſi ream</Unicode>
        </TextEquiv>
      </TextLine>
      <TextLine id="r0_l032">
        <Coords points="95,790 126,790 139,788 192,786 214,783 408,776 486,770 540,768 627,768 627,735 560,735 554,739 545,740 462,742 444,745 387,747 341,751 237,754 145,760 94,759 87,762 85,765 78,765 67,769 45,771 2,771 2,792 92,792"/>
        <TextEquiv index="1">
          <Unicode>Legibus, atque minis terrentur inertia corda,</Unicode>
        </TextEquiv>
      </TextLine>
      <TextLine id="r0_l033">
        <Coords points="2,740 2,763 35,763 35,740"/>
        <TextEquiv index="1">
          <Unicode>o</Unicode>
        </TextEquiv>
      </TextLine>
      <TextLine id="r0_l034">
        <Coords points="370,808 405,804 437,804 473,800 564,796 570,795 570,769 509,770 408,777 214,784 192,787 121,791 121,810 303,810"/>
        <TextEquiv index="1">
          <Unicode>Lex eſt officii mens generoſa bonis.</Unicode>
        </TextEquiv>
      </TextLine>
      <TextLine id="r0_l035">
        <Coords points="231,842 277,841 329,837 382,836 445,831 520,829 541,827 599,828 673,822 707,822 711,821 711,795 571,795 553,798 473,801 437,805 405,805 370,809 252,812 227,815 135,819 93,818 93,845 190,845"/>
        <TextEquiv index="1">
          <Unicode>Huic genus, &amp; veterum ſors inclyta præſtat auorum:</Unicode>
        </TextEquiv>
      </TextLine>
      <TextLine id="r0_l036">
        <Coords points="1,800 1,831 38,831 38,800"/>
        <TextEquiv index="1">
          <Unicode>s</Unicode>
        </TextEquiv>
      </TextLine>
      <TextLine id="r0_l037">
        <Coords points="546,856 546,831 469,831 363,838 329,838 277,842 191,845 169,848 125,848 125,874 202,874"/>
        <TextEquiv index="1">
          <Unicode>Ne prohior poſſit iudicis eſſe metu.</Unicode>
        </TextEquiv>
      </TextLine>
      <TextLine id="r0_l038">
        <Coords points="70,913 76,913 83,907 231,903 279,899 330,898 388,894 416,894 448,891 503,889 530,886 576,885 576,857 527,857 467,862 438,862 406,865 363,866 351,868 203,874 162,877 93,877 79,875 73,870 62,870 59,873 58,886 56,890 52,893 2,893 2,915 67,915"/>
        <TextEquiv index="1">
          <Unicode>Fortunata domo, nullius &amp; indiga dotis,</Unicode>
        </TextEquiv>
      </TextLine>
      <TextLine id="r0_l039">
        <Coords points="459,919 486,919 537,915 590,913 596,912 596,886 530,887 503,890 448,892 416,895 388,895 330,899 279,900 231,904 129,907 129,927 341,927"/>
        <TextEquiv index="1">
          <Unicode>Maius ab indigena lumen honore capit</Unicode>
        </TextEquiv>
      </TextLine>
      <TextLine id="r0_l040">
        <Coords points="334,956 387,955 406,952 450,951 583,942 619,942 622,944 629,944 629,919 487,919 324,929 255,931 189,935 97,934 97,959 293,959"/>
        <TextEquiv index="1">
          <Unicode>Talia dona probant cœleſti è ſemine cretam,</Unicode>
        </TextEquiv>
      </TextLine>
      <TextLine id="r0_l041">
        <Coords points="1,924 1,952 37,952 37,924"/>
        <TextEquiv index="1">
          <Unicode>i</Unicode>
        </TextEquiv>
      </TextLine>
      <TextLine id="r0_l042">
        <Coords points="265,989 328,987 356,984 417,983 476,978 595,972 595,950 466,950 450,952 406,953 368,957 334,957 232,963 129,965 129,995 168,995"/>
        <TextEquiv index="1">
          <Unicode>Nil ſibi mortalis vindicat inde parens.</Unicode>
        </TextEquiv>
      </TextLine>
      <TextLine id="r0_l043">
        <Coords points="2,957 2,976 38,976 38,957"/>
        <TextEquiv index="1">
          <Unicode>vt</Unicode>
        </TextEquiv>
      </TextLine>
      <TextLine id="r0_l044">
        <Coords points="224,1021 365,1015 394,1012 511,1007 557,1003 584,1003 604,1001 625,1001 628,1003 656,1002 664,1001 664,969 618,969 615,971 599,973 476,979 435,983 356,985 328,988 265,990 168,996 86,995 77,990 62,988 53,983 1,983 1,1017 44,1017 46,1023 208,1023"/>
        <TextEquiv index="1">
          <Unicode>Non igitur mirum eſt. ſi tantæ ob munera laudis</Unicode>
        </TextEquiv>
      </TextLine>
      <TextLine id="r0_l045">
        <Coords points="261,1049 331,1047 384,1043 421,1042 544,1033 586,1032 586,1004 557,1004 511,1008 394,1013 365,1016 224,1022 208,1024 135,1026 132,1025 132,1051 243,1051"/>
        <TextEquiv index="1">
          <Unicode>Coniugium meruit bellipotentis heri.</Unicode>
        </TextEquiv>
      </TextLine>
      <TextLine id="r0_l046">
        <Coords points="148,1087 151,1084 165,1083 238,1081 264,1078 310,1076 348,1076 408,1071 486,1068 529,1064 590,1062 602,1060 679,1061 679,1034 544,1034 353,1047 261,1050 243,1052 214,1052 172,1055 104,1055 104,1088 144,1088"/>
        <TextEquiv index="1">
          <Unicode>Quam ſtudio ingenti petierunt vndique gentes</Unicode>
        </TextEquiv>
      </TextLine>
      <TextLine id="r0_l047">
        <Coords points="241,1109 340,1106 400,1101 453,1101 502,1096 587,1091 592,1090 592,1068 487,1068 408,1072 348,1077 310,1077 264,1079 238,1082 165,1084 151,1085 148,1088 144,1089 134,1089 134,1111 140,1111 145,1106 174,1105 181,1105 188,1111 229,1111"/>
        <TextEquiv index="1">
          <Unicode>Oua procul Europæ ditia regna patent</Unicode>
        </TextEquiv>
      </TextLine>
      <TextLine id="r0_l048">
        <Coords points="382,1137 411,1137 462,1134 472,1133 478,1128 501,1127 504,1125 514,1123 645,1122 645,1089 617,1089 612,1091 588,1091 561,1094 544,1094 453,1102 400,1102 340,1107 190,1113 180,1118 146,1118 138,1114 103,1114 103,1141 328,1141"/>
        <TextEquiv index="1">
          <Unicode>Te magis eſt mirum ceſſare in honore ſororis,</Unicode>
        </TextEquiv>
      </TextLine>
      <TextLine id="r0_l049">
        <Coords points="1,1111 1,1136 43,1136 43,1111"/>
        <TextEquiv index="1">
          <Unicode/>
        </TextEquiv>
      </TextLine>
      <TextLine id="r0_l050">
        <Coords points="718,1114 718,1137 771,1137 771,1114"/>
        <TextEquiv index="1">
          <Unicode>Cui.</Unicode>
        </TextEquiv>
      </TextLine>
      <TextLine id="r0_l051">
        <Coords points="527,1127 527,1153 613,1153 613,1127"/>
        <TextEquiv index="1">
          <Unicode>Gg 4</Unicode>
        </TextEquiv>
      </TextLine>
      <TextLine id="r0_l052">
        <Coords points="29,1153 29,1181 54,1181 54,1153"/>
        <TextEquiv index="1">
          <Unicode/>
        </TextEquiv>
      </TextLine>
    </TextRegion>
  </Page>
</PcGts>
