888 1312
201 43 572 87 MISCELANEA.
73 86 654 130 on tamen inuictum poterit perrumpere pectu
98 121 598 159 lTantus in horrenda virgine regnat honor.
71 149 600 191 Illa dolos, arteſque vafras virtute retundene,
108 179 571 218 Arma triumphato de oue opima fcret.
77 209 576 253 Peruia ſuntauro quæuis loca, nivigil intus
106 236 582 283 Mens habitet, nullum certa ſubireneſas.
76 264 640 312 Limina ſponte patet pretii quà vector aſellus,
99 296 552 344 Membra licet ſenio debilis, ire poteſt
77 323 630 373 Non canis cxcubitor. non turris ahenea munt
111 356 577 395 Matronale decus, ſed pudsr atque fides.
82 382 641 434 Quæ dare cunctatur. dedit: & mox oſferet vltro,
112 413 614 456 Sifore clam fpere, qucd male fonte tegit-
77 442 624 493 ut Fruſtratur populum tituloque exſuita inani,
116 475 631 522 Quam lex eſſe malama, vel mala sorma vetat.
76 506 561 553 Interiora animi ſeruat penetralia virtus,
117 533 595 573 Hinc radians veronomine fulget honos.
76 563 562 608 Attua quæ noſtro nubit Diaa sradiu
116 596 530 633 Ducit ab ingeii ſtirpe pudiciam.
88 617 610 667 Acceptumque refert ſibi,natinoque pudori,
116 648 669 699 Mente quod integrua reſpuit omne probrum.
77 681 568 733 irtus ub fauſtis nuttita Penatibus iſtos
122 716 515 750 Inſeuit mores, nec ſmit eſi ream
77 735 627 792 Legibus, atque minis terrentur inertia corda,
121 769 570 810 Lex eſt officii mens generoſa bonis.
93 795 711 845 Huic genus, & veterum ſors inclyta præſtat auorum:
125 831 546 874 Ne prohior poſſit iudicis eſſe metu.
77 857 576 912 Fortunata domo, nullius & indiga dotis,
129 886 596 927 Maius ab indigena lumen honore capit
97 919 629 959 Talia dona probant cœleſti è ſemine cretam,
129 950 595 995 Nil ſibi mortalis vindicat inde parens.
76 969 664 1023 Non igitur mirum eſt. ſi tantæ ob munera laudis
132 1004 586 1051 Coniugium meruit bellipotentis heri.
104 1034 679 1088 Quam ſtudio ingenti petierunt vndique gentes
134 1068 592 1116 Oua procul Europæ ditia regna patent
103 1089 645 1141 Te magis eſt mirum ceſſare in honore ſororis,
718 1114 771 1137 Cui.
