888 1312
357 65 567 89 BAVDI
188 106 743 136 Cur cœlum omne vacat, cui fauet ipſa Venus:
161 136 700 168 Numine quem ſtabili ſatalis comprobat ordo,
192 166 648 192 Vellere Parca fauens candidiore notat
160 195 757 229 Exquo terrigenas, moribundaque membra reliquit
192 224 709 254 Ordinibus ſuperûm iunctus vterque parens:
160 254 658 281 Felices animas nunquam meliora bearunt
190 283 605 314 Tempora, nec fulſit lætior vlla dies.
159 311 676 345 Latgius ipſe pater diffundit nectare vultum,
187 342 668 371 Mater ab immodicis liq uitur ægra bonis:
159 371 705 400 Nec ſua iam potis eſt moderari gaudia matrum
188 401 674 429 More Bonamque feruntluxuriare eam.
158 431 735 460 Cœlica templa ſonant gratantum vocibus, omnis
187 460 668 490 Turba fremit feſtum concelebrare diem.
157 489 691 518 Tu frater tarduſque venis ſubituſque recedis,
189 519 604 548 Abſceſſuque refers nubila fæue tuo.
157 547 721 582 Quorſum adeo feſtinus abis pulcherrime rerum,
187 577 653 609 Qujſve tibi eſſe poteſt ludus in Oceano?
156 607 701 634 Num vereres iras memori ſub pectore ſeruans,
185 637 693 666 Fers graue quod Marti nupſerit alma ſoror?
155 666 655 697 Frater es iſecta t pietas fraterna riorem,
186 696 634 726 ermanæque ſacro ſidat amore dolor
154 726 668 753 Conditio haud potuit melior ceiiſſe ſorori,
181 756 663 786 Regna licet triplicis temperet vna plagæ,
153 786 695 814 Delia apud Superos, recate, tellure ſtb ima,
182 815 589 838 Cœleſtes inter lucida una choros
150 844 685 873 Non te nulla manent placatæ præmia mentis,
179 873 616 904 Gratia nec Phœbo proderit iſta nihil.
149 904 664 933 Nam tibi pro tali merito Mars cedere geſtit,
177 933 688 964 Quidquid in omniuola Cypride iuris habet.
147 962 683 990 Principis eſt animi placidos abdicere amores,
176 991 644 1021 Hic labor, hoc titulo Iuppiter ipſe caret.
146 1021 699 1053 Tu ;ioque das ſpecimen. qui libertate Deoque
177 1051 637 1080 Dirutus auoſti quam ſit amarus amor.
145 1080 660 1109 Ers nge luciſeros inhibe ſufflamine currus,
169 1109 630 1138 Plnis t pſſis paſcerc amre oculos.
746 1143 785 1166 Sed
