888 1312
367 66 619 88 BAVDII
186 100 635 131 Iudice nec Phrvgio dirxerit eſſe parem.
158 131 643 159 Tota licet ſoli contingat propria Pliœbo,
162 160 672 189 Dedecorumque pigens eſſe pudica velit.
157 189 710 218 Adde quod ille tuos Mars ampleatur honores,
189 219 633 246 Cui ſe connubio iungit honora ſoror.
156 248 694 278 Fulget enim duplici radiantia tempora lauro,
188 278 658 306 Palladis & geminonumine plenus ouat.
155 306 712 336 Terribilis denſos cum turbine fulminat hoſtes,
187 336 685 367 Tranquillus rapidi poſt graue Martis opus.
156 366 720 394 Ergo agedum veteres hinc iam obliuiſcere rixas,
187 394 591 425 Offenſam officiis, & reparare velis.
155 425 692 452 Germanæ thalamo cur frater. & vnicus abſtas,
148 455 688 484 Præproperoque gradu vergis in Oceanum?
144 484 672 514 Forte quod inceſto metuiſti fuimine tangi,
187 513 660 543 Tempeſtiuus abis, tardigraduſque venis.
156 543 619 568 Fallor an affini maturior occicdis. & nox
186 573 620 603 Immenſo ſpatiis æquore laſat equas:
158 601 710 633 Immenſæ quia noctis eget quod nobile pignua
147 631 639 661 Tuſca dabit Gallo Marte Diana grauis
158 661 666 692 Ergo tibi vigilant noctes, Auroraq; dormit,
151 691 620 720 Marſpiter. & linquit ſera cubile ſenis:
157 721 650 750 Alter vt Alcides toto Ioue dignus ad auras
188 750 605 779 Ætherias Italo ſanguine miſtus eat.
158 780 727 810 Qui maria ac terras famâ arduus impleatomnea,
186 809 635 840 Quas obit exoriens, occiduuſque dies.
158 839 747 870 Cuius ad occurſum iam nunc Marrana tremiſcunt
185 870 702 897 Regna, pauorque ipſos ad Garamantas abit.
153 896 758 928 Thrax dominus, genteſque timent ventura ſuperbæ,
184 928 741 957 Summittuntque animos, & fera corda domant
154 957 678 988 Tot late imperitans populis regnator lberus
184 986 597 1017 Mollior in leges occupat ire bonas.
154 1015 691 1046 Fœderibuſque manet non relligionis honore,
186 1045 639 1076 Sed timer experti naufraga ſaxa maris.
156 1074 680 1102 Qui modo ſublatus cœca ambitione furebet
182 1105 579 1133 Iungere velleribus lilia trina ſuis.
755 1139 797 1159 Iam
