888 1312
208 74 580 100 MISCELLANEA.
689 79 733 100 477
82 111 605 144 Alme Deus, ſub quo ſeries longiſſima regum,
112 143 528 171 Per tot inofrenſo ſecla tenore viget:
84 170 636 205 Si genus Hectoreum placido pater aſpicit aſtro,
113 202 616 230 Nec dum fata manent vltima rancigenas.
83 230 621 261 Si duce, & auſpice te Priami de clade ſuperſtes
112 260 546 290 Dardanius regit littora noſt. nepos.
84 290 646 322 Henricum tutare patrem quo ſoſpite nunquam
115 319 571 344 Celtarum ooolem deſeret aima Slus.
85 349 583 382 Nam quæ dementes poterat vis vlla rinas
115 378 597 406 Siſtere & extremis ſpes uperare malis:
89 407 547 434 Tale iubar Gaſlis ni cœlitus adſulſiſſet
118 439 563 471 Qui poſitis fatin limin ferretopem
86 467 635 501 Quas etenim ſcelerum facies non vidimus ætas
88 495 602 529 Impia? cu monſtro iam locus eſſe poteſt?
87 525 570 559 Sed quid ab exorſo digreſus ſtamine texo
117 555 588 585 Pro luſu leſſum, pro thalamo tumulum?
1 561 42 591 us
84 583 649 614 Ira meret veniam, verum importuna querela eſt,
116 614 553 643 Conuenit & ſacris nil Hmenæe tuis.
1 623 48 655 :
86 644 613 674 Attamen hinc oritur præluſtris adorea Regi,
115 675 574 704 Mentis & excelſæ pignora certa patent:
1 688 45 714 t
88 707 624 735 Quod aluit tantos rerum componere motus,
118 733 543 759 Non ſuit humani roboris illud opus.
87 760 707 795 Macte pater, magni genus Hectoiis, optime Princeps,
117 791 594 822 Delicium populi, pub s rbis honos.
89 819 629 854 Mens tua nil ſecum tacit ſinc tmine voluit,
119 850 602 879 Inde tibi ex voto proſpera c ancta cadunt.
88 879 604 911 Nil defit regnique bono liiſque tuorum,
2 890 45 928 l
120 911 642 940 Quam genus vt clara proie propaget Hymen:
88 937 611 973 Atque Henriciades magna tibi paruulus aula
118 968 647 1003 Ludat, & olim ingens vinca honore patrem,
87 997 605 1031 Auguſtæque domus fortunam fulciat hæres,
118 1026 615 1056 Haud abecit votis hæc quoque ſumma piis.
86 1056 650 1086 Sic tibi Muſarum ſponderchorus auur Apollo,
118 1086 589 1117 Trina Charis, triplices ſic ſtatuere colus,
700 1113 738 1136 Sic
