888 1312
336 99 586 120 BAVDII
159 134 631 165 Sic proba nobilitas, ſic relligioſior ordo,
190 165 647 195 Sic populus poſcit, ſic rata fata volunt.
302 205 662 233 Super anni tempore quo nupi cele-
447 234 508 254 bratæ.
160 273 745 302 Quid tantum accelerat volucres abiungere Veſper
189 302 653 332 Solis equos. luci quæ mora ſegnis obeſt?
157 331 607 359 Extimuit frater. ni tempeſtiuus abiret,
185 362 571 391 Flagrare in terris igne Diana tuo.
342 404 609 431 Aliud eiaſdem argumenti.
126 442 733 472 Phœbe quid Heſperio properas te mergere luctu
189 472 609 502 Curriculoque rotas interiore diem?
162 500 677 530 auſa pia eſt?timuit ſi ſerius iſſet ad vndas,
190 530 632 559 Ignibus amburi Cynthia pulchra tuis.
305 579 650 602 Ad Reem Henricum IV. humili
441 610 496 638 lo.
158 647 611 674 Fertur Alexander ſcito ſanxiſſe ſeuero,
192 678 629 708 Ne quis Apellealius pingeret ora ſua:
158 708 674 736 Neu ſimilom vultum ſpiranti excuderet ære,
189 736 628 766 Præter Lyſippum. ſcilicet hoſce duos,
161 766 665 795 Artificum florem, delegerat optimus armis
188 795 572 824 Rex, & ſubtili non rudis ingenio:
160 825 624 854 Ne regalis ape apud omnes vilior eſſet,
190 854 597 877 Si ius hocce foret cuilibet è triuiis.
158 884 674 914 Idem Sigæo cum in littore marmor Achillis
190 913 664 942 Adſpiceret, proauo ſtructa ſepulchra ſuo:
160 943 650 972 O te, inquit, iuuenem felici ſidere natum,
190 973 607 1001 Cui tam præclaro contigit ore canil
162 1001 744 1035 Quin grauium quoties curarum munera, & ingen
191 1031 599 1058 Abiunge bat onus, conditor Iliados
162 1061 751 1091 Semper erat comes, hunc manibus verſare diurnis,
191 1089 585 1120 Nocte ſolet capiti ſuppoſuiſſe suo.
162 1117 805 1143 Cum tamen huic Phœbo ſummum deferret honorem, ll
753 1151 798 1171 No
