888 1312
201 80 579 100 MCANE A
98 117 612 143 Non humiles Muſas nullo in amore habuit.
65 146 658 175 Chœrilus exemplum præbet grave futilis author,
100 176 579 207 Qui male tornatis verſibus, atque apinis
64 205 610 235 Rettulit acceptos, regale numiſina, Philippos
101 235 579 262 Haud bonus, at fauſta ſorte poëta malus.
67 265 601 293 Non emit tanti carmen leue prodigus heros,
105 295 534 325 Sed pretium dono conciliauit amor.
73 323 612 353 Nec vero decuit tali ub principe quemquam
105 353 537 378 Cultorem vacuas ære referre maus.
74 383 594 416 Degeneres animas rutilo perſtringit ab auro
105 413 600 444 Fulgor at affectum mens generoſa probat.
75 442 624 473 Non pretio uperi pacantur, ſed prece blanda;
106 472 644 501 Nec meditata magis carmina pondus habent,
77 501 613 534 Quàm pia meus vitæ ſibi conſcia puriter actæ:
106 532 563 560 Præſentcs habet hæc vitina rite Deos.
77 560 612 592 Tu quoquenii claris virtutibus, indole, factis
108 589 625 620 Magno rege minor Rex bone irancigenûm,
78 619 688 647 mulus æte. næ mentis quando ab Ioue ſummum
107 648 548 679 Ius apud humanos regius ordo tenet
80 677 647 711 Spero equidem, exiles non dedignabere cenſus,
110 707 586 738 Larga aliunde licet munera ſuppeditent.
80 736 643 765 Omnia ſunt domini proprie ouis. lle tamen ſe
109 766 609 797 Fert placidus modico thure meroque coli.
65 795 561 822 Sed tua Tellæam vicerunt ſecula ſortem,
112 824 584 853 Proueniunt plures quod tibi Mœonidæ.
80 853 632 886 Scaliger immenſum decus orbis, certaque cœli
110 883 517 913 Proles, auſpiciis militat vſque tuis.
81 911 644 945 Auguſtus Themidis pariter Phœbique ſacerdos,
110 943 540 970 Diſcendum Muſis intonat acer epos.
79 971 599 1004 Is tua per memores ſacrabit tempora faſtos,
110 1001 570 1032 ternæque dabit laudis, & artis opus.
81 1031 567 1058 Scæuola Pindarico victrices alite pugnas,
111 1061 548 1092 Felicique canet parta trophæa manu.
82 1089 613 1122 His ſuper adiunget patrios Portæus honores,
102 1119 527 1158 u Alter Hyantei procul Apollo chori
688 1149 743 1179 Ipe
