888 1312
374 79 620 104 BAVDII
206 117 724 152 Cui mera pro ſummo munere vita datur?
176 144 787 186 Qui veniam abſumpſit cœptis immanibus omnem,Sis
206 176 711 208 Cui nulla in reliquum ſpes ſuperare poteſt:
178 205 751 245 Ergo haud immeritas expendit ſanguine pœnas?
208 234 714 269 Cuncta ſupergreſſus crimine monſtra Biro.
176 264 641 302 Donec inoffenſo proceſſit fama tenore,
206 294 575 326 Vjiſus erat ſorti dicere iura ſuæ
177 322 704 361 Vir præſtans animi, nulliſq; paratibus impar,
206 352 669 388 Siregere immenſas condidiciſſet opes.
178 382 710 416 Sed mens continuis ſucceſſibus ægra, boniſq;
208 411 645 442 Teſſa. velut dulci concidit icta mero.
179 440 749 475 Non facile aduerſos potis eſt expendere caſus,
208 470 733 507 Frigore quem nunquam ſors malefida ferit.
180 500 746 533 Hinc animi increſcunt. nec fine modoq; rerenta
179 530 665 568 Spes ruit effuſo per ſcelus omne gradu.
180 559 690 592 Dot vbi laxatis furor eſt ba cchatus habenis
211 589 673 619 Formidanda graui fœnore pœna venit.
182 618 690 655 hC prrs rnvrdra forebat ivdiCe fei,
210 647 740 690 hoſtibvsat diris nvnC taChryMandvs obit.
336 686 664 717 Manibus Pubj ouidi Naſnu.
182 729 689 759 Naſo tener, ſi voce loqui Romanus Apollo
213 758 661 788 Geſtiat, ille tuo promet ab ore ſonos.
180 788 724 819 Carminis obſequio poteras inflectere manes,
212 817 604 845 Si cum Dite tibi res ratioq; foret.
180 841 725 877 Res fuit immiti cum Principe, cuius atrocem
212 877 681 905 Incuruare animum non valuere preces.
181 906 690 938 Nec lepor ingenij, nec Suadæ gratia fregit
210 936 750 963 FeIle iecur tumidum. corq; adamante rigens.
182 966 713 995 O vatum ſublime decus, quo largius vnquam
211 995 658 1024 Nemo Caballinis labra rigauit aquis.
183 1022 762 1057 Quam tuame triſti cruciant incommoda morſu?
213 1054 646 1085 Quos animo fluctus Cæſaris ira ciet?
180 1081 748 1114 Nulla poteſt tantam feritatem obuoluere cauſa,
209 1113 632 1144 Nullus patricia fictus abarte color.
759 1140 813 1164 Se,
