888 1312
229 71 545 93 MISCELLANEA.
71 104 720 141 Seu, quod amare doces, ſummotus ab vrbe Quirini es,
71 139 556 170 uSiue quod arcanum videris horribile.
71 164 704 201 Nam quod te memorant ſobolem temeraſſe tyranni,
71 198 550 229 p Suſpicio in mores non cadit iſta tuos.
71 227 603 261 Nec reor: eſto tamen, fuerit tibi Iulia cordi,
110 258 520 287 Iulia tam multis nobilitata procis.
71 286 578 314 An ſcelus eſt tam triſte ſitim ſedare parati
110 315 632 347 Fontis aqua. & populus quam terit ire viam?
71 346 604 378 Idcircone Tomos tranſmitti Romula Siren
111 375 518 402 Debuit, & Latios deſeruiſſe Lares?
81 405 596 435 Nec venia dignus fuit inter probra tot vnus
111 434 564 463 Et vates, & amans, & generoſus eques?
71 462 657 495 i Nec potuit precibus perrumperc pectus ahenum
116 493 595 525 Quæ potuit rigidos ſlectere Muſa Getas?
70 523 599 555 Romulidæ tantum ſiuiſtis abire Quiritem,
116 552 582 580 Cuius ob exilium Sarmatis ora tumet?
70 580 595 614 Saltem ſi patria fuit exturbandus, haberet
116 609 592 641 Mi tius hoſpitium commodiuſq; ſolum.
71 641 620 673 Ahnimis ex vero generis primordia Martem,
119 671 591 701 Nutricemq; reſers impia oma lupam.
71 695 681 727 Nec tamen aſſidue Mars ſanguine gaudet & armis,
118 728 578 758 Eſt vbi cum molli Cypride bella gerit.
71 758 578 792 IIlc etiam patrijs vatem protexit inoris,
120 786 599 820 Cui Venus exſtiterat cauia colorve mali.
71 814 600 850 Tuq; nimis faiſo Patriæ Pater omne Cæſar
120 846 552 874 Diceris, & vana laude uperbus ouas.
71 874 597 915 Impius in Superos vixiſti. Phœbus Apollo
123 904 552 935 Totus enim ſpirat pectore Naſo tuo.
71 989 746 1026 Trahſtulit inq; Getas cunctam ex Helicone cohortem,
124 1023 553 1056 Nec puduit ſocias exulis eſſe deas.
71 1051 570 1087 Omihi ſi tantos adipiſci detur honores,
127 1083 532 1113 Et liceat tali cum grege fata ſequi:
71 1107 596 1152 Fertilibus campis Italæ telluris, & vrbi
670 1141 754 1161 Prtu-
