<?xml version="1.0" encoding="UTF-8" standalone="no"?><PcGts xmlns="http://schema.primaresearch.org/PAGE/gts/pagecontent/2019-07-15" xmlns:xsi="http://www.w3.org/2001/XMLSchema-instance" xsi:schemaLocation="http://schema.primaresearch.org/PAGE/gts/pagecontent/2019-07-15 http://schema.primaresearch.org/PAGE/gts/pagecontent/2019-07-15/pagecontent.xsd"><Metadata><Creator/><Created>2022-04-20T13:44:18</Created><LastChange>1970-01-01T00:00:00</LastChange><Comments/></Metadata><Page imageFilename="0541.png" imageHeight="1312" imageWidth="888"><TextRegion id="r1" orientation="0.0" type="paragraph"><Coords points="1,1 886,1 886,1310 1,1310"/><TextLine id="l1"><Coords points="336,84 336,112 609,112 609,84"/><TextEquiv><Unicode/></TextEquiv><TextEquiv index="1"><Unicode>BAVDII</Unicode></TextEquiv></TextLine><TextLine id="l2"><Coords points="293,163 355,162 415,159 681,156 681,127 353,127 255,132 185,131 185,165 273,165"/><TextEquiv><Unicode/></TextEquiv><TextEquiv index="1"><Unicode>Prætulerim Scythiam Sarmaticaſq; niues.</Unicode></TextEquiv></TextLine><TextLine id="l3"><Coords points="720,158 513,158 469,160 380,161 234,167 153,166 153,189 416,189 526,186 611,186 651,189 720,189"/><TextEquiv><Unicode/></TextEquiv><TextEquiv index="1"><Unicode>Sor tua, ſi noris fortunam expendere magnam.</Unicode></TextEquiv></TextLine><TextLine id="l4"><Coords points="259,222 332,221 349,219 423,218 447,216 549,216 605,214 605,187 454,188 344,191 291,194 188,196 188,223 231,224"/><TextEquiv><Unicode/></TextEquiv><TextEquiv index="1"><Unicode>Ipſius Auguſti vincit honore decus.</Unicode></TextEquiv></TextLine><TextLine id="l5"><Coords points="288,250 329,250 436,246 607,244 607,216 447,217 423,219 349,220 332,222 259,223 231,225 193,225 151,222 151,252 266,252"/><TextEquiv><Unicode/></TextEquiv><TextEquiv index="1"><Unicode>Ille per infandas cædes, &amp; atrocia facta</Unicode></TextEquiv></TextLine><TextLine id="l6"><Coords points="632,273 632,246 484,246 329,251 288,251 266,253 216,253 191,255 191,277 403,277"/><TextEquiv><Unicode/></TextEquiv><TextEquiv index="1"><Unicode>Orbis ad imperium vi ſibi ſtrauit iter.</Unicode></TextEquiv></TextLine><TextLine id="l7"><Coords points="462,304 687,302 687,274 586,274 492,277 404,277 201,283 154,282 154,307 372,307"/><TextEquiv><Unicode/></TextEquiv><TextEquiv index="1"><Unicode>Proſcribiq; tulit Ciceronem ac morte necari</Unicode></TextEquiv></TextLine><TextLine id="l8"><Coords points="313,337 498,334 534,332 689,331 689,306 418,306 298,309 279,311 190,312 190,339 267,339"/><TextEquiv><Unicode/></TextEquiv><TextEquiv index="1"><Unicode>Quem ſolet, &amp; poterat iure vocare patrem.</Unicode></TextEquiv></TextLine><TextLine id="l9"><Coords points="720,333 534,333 458,336 268,339 207,341 198,343 166,342 151,340 151,364 480,364 603,362 637,360 675,360 687,361 692,364 720,364"/><TextEquiv><Unicode/></TextEquiv><TextEquiv index="1"><Unicode>as ſcelerum labes quanquam defendere nemo</Unicode></TextEquiv></TextLine><TextLine id="l10"><Coords points="379,394 441,394 595,390 647,391 647,362 481,364 443,366 340,366 254,370 188,370 188,398 268,398"/><TextEquiv><Unicode/></TextEquiv><TextEquiv index="1"><Unicode>Fas putat &amp; peior cauſa patrocinio eſt:</Unicode></TextEquiv></TextLine><TextLine id="l11"><Coords points="682,391 541,392 156,401 156,424 413,424 467,423 488,421 624,420 682,420 683,420"/><TextEquiv><Unicode/></TextEquiv><TextEquiv index="1"><Unicode>Attamen inuidiæ crimen leuat ipſe iuuentæ</Unicode></TextEquiv></TextLine><TextLine id="l12"><Coords points="191,422 191,451 649,451 649,422"/><TextEquiv><Unicode/></TextEquiv><TextEquiv index="1"><Unicode>Feruor &amp; ambitio neſcia ferre parem.</Unicode></TextEquiv></TextLine><TextLine id="l13"><Coords points="272,485 309,485 380,482 482,482 530,479 636,479 636,452 411,452 397,454 233,459 152,457 152,487 253,487"/><TextEquiv><Unicode/></TextEquiv><TextEquiv index="1"><Unicode>Sed quæ cauſa poteſt ſcelus exitiali tuer</Unicode></TextEquiv></TextLine><TextLine id="l14"><Coords points="622,507 622,480 530,480 482,483 380,483 345,485 272,486 253,488 189,488 189,511 491,511"/><TextEquiv><Unicode/></TextEquiv><TextEquiv index="1"><Unicode>Finibus eijcitur Naſo quod Auſonjs?</Unicode></TextEquiv></TextLine><TextLine id="l15"><Coords points="712,507 626,507 610,509 285,515 233,518 208,518 203,516 182,515 154,515 154,539 712,539"/><TextEquiv><Unicode/></TextEquiv><TextEquiv index="1"><Unicode>Nulla dies hanc ſæue notamtibi demere Cæſar,</Unicode></TextEquiv></TextLine><TextLine id="l16"><Coords points="437,571 527,568 619,568 619,540 334,543 241,547 190,546 190,573 289,573"/><TextEquiv><Unicode/></TextEquiv><TextEquiv index="1"><Unicode>Nec poterit totis eluere æquor aquis.</Unicode></TextEquiv></TextLine><TextLine id="l17"><Coords points="587,596 674,597 674,569 527,569 387,573 290,573 248,576 190,576 176,574 158,574 153,576 153,598 573,598"/><TextEquiv><Unicode/></TextEquiv><TextEquiv index="1"><Unicode>Et tamen ille tuas laudes cœleſtibus æquat,</Unicode></TextEquiv></TextLine><TextLine id="l18"><Coords points="597,626 649,626 649,598 501,599 191,605 191,628 562,628"/><TextEquiv><Unicode/></TextEquiv><TextEquiv index="1"><Unicode>Scilicet hac mendax partc Poeta nimis</Unicode></TextEquiv></TextLine><TextLine id="l19"><Coords points="694,655 694,628 563,628 415,630 343,633 153,634 153,659 416,659"/><TextEquiv><Unicode/></TextEquiv><TextEquiv index="1"><Unicode>Verum ſæuities quid profuit iſta, quod amens</Unicode></TextEquiv></TextLine><TextLine id="l20"><Coords points="646,685 646,659 417,659 297,663 190,663 190,687 532,687"/><TextEquiv><Unicode/></TextEquiv><TextEquiv index="1"><Unicode>Auſus es in ſacrum ſtringere tela caput?</Unicode></TextEquiv></TextLine><TextLine id="l21"><Coords points="369,718 446,718 490,716 647,715 647,686 458,688 428,690 247,693 188,693 151,691 151,721 264,721"/><TextEquiv><Unicode/></TextEquiv><TextEquiv index="1"><Unicode>Sic tuæa perpetuo maculaſti ſecula probro,</Unicode></TextEquiv></TextLine><TextLine id="l22"><Coords points="497,743 643,744 643,717 490,717 446,719 369,719 333,721 187,722 180,726 176,726 176,747 485,747"/><TextEquiv><Unicode/></TextEquiv><TextEquiv index="1"><Unicode>Laudibus ingentes quæ peperere viros.</Unicode></TextEquiv></TextLine><TextLine id="l23"><Coords points="647,745 642,744 497,744 485,748 355,748 337,750 152,750 152,774 647,774"/><TextEquiv><Unicode/></TextEquiv><TextEquiv index="1"><Unicode>Sednihil vberius Naſonis pectore, nullum</Unicode></TextEquiv></TextLine><TextLine id="l24"><Coords points="187,775 187,804 615,804 615,775"/><TextEquiv><Unicode/></TextEquiv><TextEquiv index="1"><Unicode>Pulchrius i: teris floruit ingenium.</Unicode></TextEquiv></TextLine><TextLine id="l25"><Coords points="340,819 340,850 616,850 616,819"/><TextEquiv><Unicode/></TextEquiv><TextEquiv index="1"><Unicode>In nptias lh. Iirhanni</Unicode></TextEquiv></TextLine><TextLine id="l26"><Coords points="151,858 151,889 651,889 651,858"/><TextEquiv><Unicode/></TextEquiv><TextEquiv index="1"><Unicode>Vraniæ ſoboles iterum ſolennia poſcit</Unicode></TextEquiv></TextLine><TextLine id="l27"><Coords points="188,889 188,914 648,914 648,889"/><TextEquiv><Unicode/></TextEquiv><TextEquiv index="1"><Unicode>Munera, &amp; in voces admouet ire bas.</Unicode></TextEquiv></TextLine><TextLine id="l28"><Coords points="151,918 151,948 740,948 740,918"/><TextEquiv><Unicode/></TextEquiv><TextEquiv index="1"><Unicode>irchmannus facilem blandaprece cogit amicum</Unicode></TextEquiv></TextLine><TextLine id="l29"><Coords points="189,949 189,978 587,978 587,949"/><TextEquiv><Unicode/></TextEquiv><TextEquiv index="1"><Unicode>Proſpera felici vora ſacrare thoro.</Unicode></TextEquiv></TextLine><TextLine id="l30"><Coords points="661,1007 661,977 417,980 243,980 149,977 149,1006 197,1006 233,1008 646,1008"/><TextEquiv><Unicode/></TextEquiv><TextEquiv index="1"><Unicode>irchmannus primæ cui texuit ordia famæ</Unicode></TextEquiv></TextLine><TextLine id="l31"><Coords points="186,1009 186,1037 657,1037 657,1009"/><TextEquiv><Unicode/></TextEquiv><TextEquiv index="1"><Unicode>Funus, &amp; æternum dant decus exſequiæ.</Unicode></TextEquiv></TextLine><TextLine id="l32"><Coords points="643,1066 643,1038 307,1039 149,1037 149,1067 184,1065 285,1067 616,1067"/><TextEquiv><Unicode/></TextEquiv><TextEquiv index="1"><Unicode>Qualis ab ipſe ſuo rediuiuus ſurgit abortu</Unicode></TextEquiv></TextLine><TextLine id="l33"><Coords points="661,1067 565,1069 189,1067 189,1093 194,1094 285,1096 661,1096"/><TextEquiv><Unicode/></TextEquiv><TextEquiv index="1"><Unicode>Pliœnix, eque rogo poſthuma fata capit</Unicode></TextEquiv></TextLine><TextLine id="l34"><Coords points="149,1097 149,1126 630,1126 630,1097"/><TextEquiv><Unicode/></TextEquiv><TextEquiv index="1"><Unicode>Talem te memori ſacrauit pagina ſeclo.</Unicode></TextEquiv></TextLine><TextLine id="l35"><Coords points="701,1125 522,1128 513,1133 447,1132 438,1127 348,1126 319,1127 290,1125 225,1125 219,1128 218,1130 177,1130 177,1157 700,1157"/><TextEquiv><Unicode/></TextEquiv><TextEquiv index="1"><Unicode>Doctum opus, &amp; l coiditus arte iabos.</Unicode></TextEquiv></TextLine><TextLine id="l36"><Coords points="753,1152 753,1177 834,1177 834,1152"/><TextEquiv><Unicode/></TextEquiv><TextEquiv index="1"><Unicode>Sed</Unicode></TextEquiv></TextLine><TextEquiv><Unicode/></TextEquiv></TextRegion></Page></PcGts>