888 1312
233 69 545 94 MISCELLANEA.
690 70 735 92 g7
79 109 553 138 Ced nunc ferales excedant limine tædæ,
108 138 567 168 Ventilat ecce alias pronuba luno faces.
43 165 627 198 Nil facit ad Veueris myrtos infauſta cupreſſus,
105 197 616 229 Immenſumq; hilaris funere diſtat Hymen.
78 226 608 261 Quamuis & Ditem tetigere Cupidinis ignes,
106 254 627 294 Quem Cereri generum Perſephoneia dedit.
1 286 625 319 Regianulla patet quo non ſua regna propage t,
108 315 560 348 Qui ſuperûm regem territat igne puer.
46 342 584 375 Illeetiam vaſtis ſub fluctibus Amphitriten
106 372 519 402 Vrit, & Oceano ſuſcitat arma patri.
76 399 654 432 Tentit & alituum genus &c genus omne ferarum,
108 432 503 464 Sæue puer. telis vulnera facta tuis.
76 458 667 495 Ergo hominem fas eſt placito ſuccumbere amori,
109 490 569 529 Qis pugnare Deo more gigantis amet?
3 510 583 553 Quocirca auſpicijs felicibuseiaage ſegnes
110 551 641 582 Rumpe moras, animos eia age prome mares.
1 574 661 615 Non te parua manent certamina. maximus inſtat
114 605 602 638 Sudor, & heu pernox pugna patranda tibi.
81 635 686 671 Nec, quia cum dulci bellandum eſt virgine, Martem
81 665 565 701 Spreueris, aut molisnullius eſſe putes.
83 692 653 729 Hoc opus hic labor eſt lacrymas perferre puellæ,
115 724 517 753 Nec fictis vinci ſletibus atq; dolis.
85 749 648 789 la quidem la go imbre genas rorabit honeſtas,
118 782 619 811 Er tremula ardentem voce rogabit amans.
89 809 636 846 Parce per hos ego te coniunx obteſtor ocellos,
120 841 542 872 Ne ſæui mea lux, quo maleſane ruis?
89 869 637 908 Fors& in audacem diſtringet brachia, iungen
123 900 569 935 Imperioq; preces, blanditijſq; minas.
2 928 571 960 lTalibus inſidijs virgo malè gaudia celat,
124 959 530 989 Nullus eris, tali ſi potes arte capi.
1 989 582 1022 Ferreus & ferus es ſi te non talia tangunt,
130 1017 559 1053 Si potes hæc ſicco lumine dicta pati.
3 1032 49 1060 :
98 1045 601 1082 Franguntur tenero crudelia pectora fletu,
129 1076 592 1105 Miteſcunt humili corda ſuperba prece.
50 1104 655 1147 Sic rex Dardaniæ ſæuum expugnauit Achillem
670 1133 760 1160 Corpus
447 1135 526 1161 h a
