888 1312
222 64 530 89 MISCELANEA.
677 66 721 90 4S9
1 94 598 137 Flagitat & Genijmunera proſpet Hymen.
44 134 549 170 Scaghus i leges accingitur ire maritas,
103 162 561 194 Vinciriq; ſacra com pede geſtit amans.
1 192 567 246 Ille ſolutus amans deſixus inhæret in na
103 222 541 254 Quam ſibi iure pio perpetuoq; dicat
1 246 599 285 Tam lætumne iubar patiemur abire ſilendo?
106 280 563 313 Non patitur pietas, non data rite fides.
1 309 689 359 Ingenium ſupplebit amor, mera ſæpe voluntas
107 340 531 368 Auerſum eualuit pacificare ſouem.
1 364 656 405 Surgeanima, & mœſto pauſam interpone dolori.
111 398 567 428 Sunt dicenda bono proſpera verba die.
32 427 631 462 Publica dum fremitu conſpirant vota ſecundo
113 457 635 488 Pats ero gratantis quantulacunq; chori.
1 487 600 517 Non hic ingenij ſpecimen ſpectatur & artis,
111 516 575 547 Vrgeor imperio, vim prece ſuada facit.
32 546 643 578 Scaghius, eximio cultum mihi œdere nomen,
1 570 556 608 Inſtat & cfrugio non ſinit eſſe locum.
1 605 508 636 IIlius auſpicio libetinſanire licetq;,
115 633 573 662 Sic mos maiorum, ſimpicitaſq, iuet,
1 663 624 701 Non ſua maieſtas eneri conſtabit honorque,
118 693 575 720 SiCharitum deſit triga, licenſq; Iocus.
1 722 628 766 Ergoagedum facili ſpecta hc Floralia vultu,
120 751 601 788 Quæ tuus inuitum ſcribere adegit amor.
88 782 593 813 Felix coniugio iuenis, cui tanta patantu
120 811 639 836 Gaudia. ſed Nemeſin diſce timere grauem.
34 839 703 875 Fortunamq; tuam reuerenter habere memento,
119 868 530 901 Sæpe pijs etiam Liuorobeſſe ſolet.
35 896 683 930 Quanquam quid metuas ne te malè Faſcinus vrat?
121 928 577 957 Non cadit in miſeros iſta maligna lues,
1 956 616 1005 At tibi nunc inſtat ſeries immenſa laborum,
122 985 628 1018 OQueis vigor Herculeus vix ſupereſſe queat.
31 1009 656 1053 Heic Rhodus, en ſaltus grauis aduerſaria ſurgit,
122 1044 603 1076 Nec ſudoris egens pugna patranda venit.
36 1075 650 1115 Nil tibi quod Bauara deducis origine gentem
123 1103 689 1134 Proderit, aut comites quod numerantur aui
671 1129 748 1154 Subli-
442 1134 507 1159 Hh5
