<?xml version="1.0" encoding="UTF-8" standalone="no"?><PcGts xmlns="http://schema.primaresearch.org/PAGE/gts/pagecontent/2019-07-15" xmlns:xsi="http://www.w3.org/2001/XMLSchema-instance" xsi:schemaLocation="http://schema.primaresearch.org/PAGE/gts/pagecontent/2019-07-15 http://schema.primaresearch.org/PAGE/gts/pagecontent/2019-07-15/pagecontent.xsd"><Metadata><Creator/><Created>2022-04-20T13:46:47</Created><LastChange>1970-01-01T00:00:00</LastChange><Comments/></Metadata><Page imageFilename="0547.png" imageHeight="1312" imageWidth="888"><TextRegion id="r1" orientation="0.0" type="paragraph"><Coords points="1,1 886,1 886,1310 1,1310"/><TextLine id="l1"><Coords points="582,79 587,66 558,64 335,64 335,88 582,88"/><TextEquiv><Unicode/></TextEquiv><TextEquiv index="1"><Unicode>BAVDI</Unicode></TextEquiv></TextLine><TextLine id="l2"><Coords points="630,103 582,103 567,101 146,101 146,129 246,128 287,130 630,132"/><TextEquiv><Unicode/></TextEquiv><TextEquiv index="1"><Unicode>Sæpe mero rigidi virtus animoſa Catons</Unicode></TextEquiv></TextLine><TextLine id="l3"><Coords points="578,136 523,135 511,133 481,132 176,130 176,160 578,160"/><TextEquiv><Unicode/></TextEquiv><TextEquiv index="1"><Unicode>Incaluit, ſapere eſt deſipuiſſe loco.</Unicode></TextEquiv></TextLine><TextLine id="l4"><Coords points="603,172 261,171 261,203 364,203 370,200 420,200 514,202 517,204 603,204"/><TextEquiv><Unicode/></TextEquiv><TextEquiv index="1"><Unicode>Henrco DBorbonio, Duci Monpen-</Unicode></TextEquiv></TextLine><TextLine id="l5"><Coords points="416,201 416,226 472,226 472,201"/><TextEquiv><Unicode/></TextEquiv><TextEquiv index="1"><Unicode>ſerio.</Unicode></TextEquiv></TextLine><TextLine id="l6"><Coords points="664,240 606,240 561,238 145,238 145,264 476,270 664,270"/><TextEquiv><Unicode/></TextEquiv><TextEquiv index="1"><Unicode>Si vt quis He rorum titulos miratur auorum,</Unicode></TextEquiv></TextLine><TextLine id="l7"><Coords points="619,275 617,274 570,274 548,272 356,268 172,267 172,294 364,296 427,299 619,299"/><TextEquiv><Unicode/></TextEquiv><TextEquiv index="1"><Unicode>Borbonius multorege refulget honos.</Unicode></TextEquiv></TextLine><TextLine id="l8"><Coords points="672,298 661,303 579,303 495,302 475,300 427,300 311,296 145,295 145,322 360,325 518,330 672,330"/><TextEquiv><Unicode/></TextEquiv><TextEquiv index="1"><Unicode>Siue animum doctas excultum rite per artes.</Unicode></TextEquiv></TextLine><TextLine id="l9"><Coords points="590,333 588,332 472,330 360,326 170,324 170,352 590,352"/><TextEquiv><Unicode/></TextEquiv><TextEquiv index="1"><Unicode>Eſt animus docta cultus ab arte tibi.</Unicode></TextEquiv></TextLine><TextLine id="l10"><Coords points="740,358 642,357 638,360 630,362 563,362 506,359 344,356 311,354 143,354 143,381 334,383 531,389 740,389"/><TextEquiv><Unicode/></TextEquiv><TextEquiv index="1"><Unicode>Seu quem pulchra capit ſpecioſo in corpore virtus,</Unicode></TextEquiv></TextLine><TextLine id="l11"><Coords points="587,391 414,386 368,386 334,384 173,383 173,410 185,411 587,412"/><TextEquiv><Unicode/></TextEquiv><TextEquiv index="1"><Unicode>Pectoris hæc ſedem fixit in æde tui.</Unicode></TextEquiv></TextLine><TextLine id="l12"><Coords points="732,415 635,416 628,420 608,421 314,413 133,413 133,439 307,441 397,445 495,446 534,448 732,448"/><TextEquiv><Unicode/></TextEquiv><TextEquiv index="1"><Unicode>Tum, quibus expleri quamuis ſpes improba poſſit,</Unicode></TextEquiv></TextLine><TextLine id="l13"><Coords points="629,450 563,450 495,447 433,447 307,442 172,441 172,467 181,468 184,470 278,470 389,474 493,475 528,477 629,477"/><TextEquiv><Unicode/></TextEquiv><TextEquiv index="1"><Unicode>Dat tibi magnificas copia munis opes.</Unicode></TextEquiv></TextLine><TextLine id="l14"><Coords points="637,480 630,479 551,479 493,476 389,475 278,471 143,470 143,499 212,499 243,502 262,500 348,501 405,504 521,506 637,506"/><TextEquiv><Unicode/></TextEquiv><TextEquiv index="1"><Unicode>is ſuper accedat magni ſoror vnica regis,</Unicode></TextEquiv></TextLine><TextLine id="l15"><Coords points="671,509 616,510 520,506 405,505 348,502 152,502 152,533 671,533"/><TextEquiv><Unicode/></TextEquiv><TextEquiv index="1"><Unicode>Non iam, quo tua ſors progrediatur habet.</Unicode></TextEquiv></TextLine><TextLine id="l16"><Coords points="318,582 598,582 598,556 318,556"/><TextEquiv><Unicode/></TextEquiv><TextEquiv index="1"><Unicode>Chritophoro Harlæo A. F.</Unicode></TextEquiv></TextLine><TextLine id="l17"><Coords points="506,594 387,592 144,592 144,622 193,624 506,624"/><TextEquiv><Unicode/></TextEquiv><TextEquiv index="1"><Unicode>His regalibus, optimo dierum,</Unicode></TextEquiv></TextLine><TextLine id="l18"><Coords points="425,628 331,627 293,625 142,624 142,651 216,652 252,654 425,656"/><TextEquiv><Unicode/></TextEquiv><TextEquiv index="1"><Unicode>Inianire licetqueamico</Unicode></TextEquiv></TextLine><TextLine id="l19"><Coords points="505,653 482,653 477,656 471,657 144,653 144,680 264,684 505,684"/><TextEquiv><Unicode/></TextEquiv><TextEquiv index="1"><Unicode>Nobis ſoſpite reddito. ſuperſtes</Unicode></TextEquiv></TextLine><TextLine id="l20"><Coords points="488,688 360,685 144,684 144,708 168,708 208,712 488,712"/><TextEquiv><Unicode/></TextEquiv><TextEquiv index="1"><Unicode>Oras littoris appulit Britanni</Unicode></TextEquiv></TextLine><TextLine id="l21"><Coords points="505,717 426,717 386,715 288,715 207,712 143,712 143,738 173,740 505,740"/><TextEquiv><Unicode/></TextEquiv><TextEquiv index="1"><Unicode>Bellimontius ille flos virorum,</Unicode></TextEquiv></TextLine><TextLine id="l22"><Coords points="559,745 550,748 524,748 268,742 143,741 143,768 245,770 276,772 335,772 357,774 559,775"/><TextEquiv><Unicode/></TextEquiv><TextEquiv index="1"><Unicode>Cui mentem Deus indidit capacem</Unicode></TextEquiv></TextLine><TextLine id="l23"><Coords points="487,776 357,775 335,773 276,773 245,771 142,771 142,796 150,797 487,797"/><TextEquiv><Unicode/></TextEquiv><TextEquiv index="1"><Unicode>Alti mueris in ſtatu iuuentæ.</Unicode></TextEquiv></TextLine><TextLine id="l24"><Coords points="497,806 314,803 236,800 141,800 141,828 211,828 344,832 497,832"/><TextEquiv><Unicode/></TextEquiv><TextEquiv index="1"><Unicode>Virtus viuida præuenit fugacis</Unicode></TextEquiv></TextLine><TextLine id="l25"><Coords points="546,835 458,836 393,833 281,832 255,830 140,830 140,856 450,864 546,864"/><TextEquiv><Unicode/></TextEquiv><TextEquiv index="1"><Unicode>ui tempora, nec moratur annos.</Unicode></TextEquiv></TextLine><TextLine id="l26"><Coords points="523,865 450,865 410,863 270,861 240,859 132,859 132,883 134,884 293,890 523,890"/><TextEquiv><Unicode/></TextEquiv><TextEquiv index="1"><Unicode>Heroum ſoboles repente creſcit,</Unicode></TextEquiv></TextLine><TextLine id="l27"><Coords points="509,895 409,894 343,891 259,890 236,888 139,888 139,913 146,914 318,920 509,920"/><TextEquiv><Unicode/></TextEquiv><TextEquiv index="1"><Unicode>Et venam ſapit indolis paternæ</Unicode></TextEquiv></TextLine><TextLine id="l28"><Coords points="504,925 424,924 383,921 271,920 241,918 140,918 140,943 147,944 504,944"/><TextEquiv><Unicode/></TextEquiv><TextEquiv index="1"><Unicode>Mox vt luminis exiit ſub auras.</Unicode></TextEquiv></TextLine><TextLine id="l29"><Coords points="553,951 544,954 495,954 455,952 251,949 203,946 138,946 138,973 143,974 438,982 553,982"/><TextEquiv><Unicode/></TextEquiv><TextEquiv index="1"><Unicode>Ergo maimus optimuſq, Princeps</Unicode></TextEquiv></TextLine><TextLine id="l30"><Coords points="548,985 538,984 438,983 208,976 137,976 137,1000 162,1001 168,1003 406,1011 479,1011 500,1013 548,1013"/><TextEquiv><Unicode/></TextEquiv><TextEquiv index="1"><Unicode>Henricus, patriæ parens amorque,</Unicode></TextEquiv></TextLine><TextLine id="l31"><Coords points="482,1013 479,1012 406,1012 374,1010 260,1008 212,1005 181,1005 167,1003 136,1003 136,1029 150,1031 326,1038 482,1038"/><TextEquiv><Unicode/></TextEquiv><TextEquiv index="1"><Unicode>Noſcens ingenii tui vigorem,</Unicode></TextEquiv></TextLine><TextLine id="l32"><Coords points="492,1042 382,1041 325,1038 260,1037 240,1035 138,1035 138,1059 142,1060 198,1063 258,1064 289,1067 345,1067 416,1070 492,1070"/><TextEquiv><Unicode/></TextEquiv><TextEquiv index="1"><Unicode>Commiſit fidei tu regendum</Unicode></TextEquiv></TextLine><TextLine id="l33"><Coords points="542,1071 416,1071 345,1068 289,1068 230,1064 137,1064 137,1090 144,1091 389,1099 542,1099"/><TextEquiv><Unicode/></TextEquiv><TextEquiv index="1"><Unicode>Magnæ molis onus, graneſq; curas.</Unicode></TextEquiv></TextLine><TextLine id="l34"><Coords points="519,1101 342,1099 322,1097 283,1097 134,1092 134,1124 519,1124"/><TextEquiv><Unicode/></TextEquiv><TextEquiv index="1"><Unicode>Eia nunc opus aduocare cunctas</Unicode></TextEquiv></TextLine><TextLine id="l35"><Coords points="716,1132 716,1156 777,1156 777,1132"/><TextEquiv><Unicode/></TextEquiv><TextEquiv index="1"><Unicode>Vires</Unicode></TextEquiv></TextLine><TextEquiv><Unicode/></TextEquiv></TextRegion></Page></PcGts>