888 1312
224 78 579 110 MISCELLANEA.
689 83 778 106 4os
98 119 462 150 Vires pectoris. en tibi metenda
98 148 474 175 Laudum materies adulta ſurgit.
97 178 441 210 Iquo regia te citat voluntas,
101 208 547 240 Quo flagrans honor, & paterna virtus,
100 238 498 268 Quo ſpes propria, patriæq; votum.
99 268 515 297 Ifauſto pede, F rancicumq; nomen
1 295 494 329 uOrna laudibus, vtq; cuncta verbo
46 325 542 353 Claudam vota breui, refer parentem.
334 363 522 385 Matthi Lobelio.
47 402 591 435 Perge bonis auibus ſacrare perennia ſeclo
1 424 585 464 Pignora. fos medicidelciumq; chori.
105 461 715 494 Si genus hoc hominum ſua commoda noſſe recuſat.
134 493 583 521 Gratia nec meritis redditur æqua tuis.
1 512 611 553 At pia poſteritas dignos perſoluet honores,
135 551 596 581 Nullaq; te memori demet ab orbe dies.
103 580 628 609 Nec vero caperis luxarum munerelaudum,
135 609 557 640 Quippe viris recti gloria ſola ſat eſt.
102 639 600 671 Ipſaq; ſe ſplendore ſuo pulcherrima virtus
135 668 551 698 Protegit, & gratis demeruiſſe iuuat.
104 697 655 722 Indidit hoc ſtu.lium vis cœlicamentibus altis,
135 728 598 758 t qua cunq; va lett dote iuuare iuuent.
57 752 723 787 Sic parer fippocrates, veſtræ inclyrus artis Appollo,
138 786 594 814 Claret, & inſigni nomine mactus onat.
107 815 610 846 Te quoq; tanta viri veſtigia rite ſequentem
137 846 624 867 Fama vel inuitum non temetanda manet.
110 874 607 907 Qui ppe ſecuturis adferre nepotibus vſum,
137 904 558 931 Hic virtutis apex, hoc pietatis opus.
139 951 707 983 Ad Bon. Vulcanium quum Callimachum, Moſchum &
321 984 502 1004 Bionem emit eret.
38 1019 584 1056 Ermiſcere ſaſes, & fidointerprete fungi,
140 1052 606 1083 Quæ præſtant rari ſingula iuncta tenes.
108 1081 628 1110 Id Momus negat. en triplice te teſte tueris,
138 1111 649 1141 Adde etiam quartum quo neget ille magis.
665 1139 827 1171 Philipp
