888 1312
358 76 609 101 BAVDII
359 128 584 165 In tres iris peruerſores.
147 170 590 208 Hres legulei præſidem legum hemin
144 202 473 236 Iliberali virginem cuſtodia
146 227 609 268 Seruant, habentq; mancupi velut ſuam
145 258 586 299 PIuma ſuperbit vnus, & ſi quid magis
144 287 578 327 PIumâ eit inane, Pauo, non Satururiæ
146 316 530 356 Dilectus ales ed vetuſtate & ſitu
145 345 567 382 Putris, ſcreator & veternoſus ſenex.
148 375 590 416 Qui dum puellis vixit aptus, & valens
145 406 513 445 Vigebat ætas, militauit Cypridi
147 435 537 469 Gladiator acer & rurente faſcino
144 464 552 499 Perambulauit Chloridum cubilia,
148 496 543 533 Stupri ſequeſter & Salaciæ nepos.
147 524 575 558 Nunc funeratâ parte, qua ſolâ virum
148 552 589 591 Seſe approbabat, lectulo affixus miſer
148 584 537 616 Sub æſtuoſa vapulat Pſoræ manu,
148 609 661 649 Viuamq; mortem & mortuam vitam trahi
148 642 569 676 Buſi cadauer, Aggeruntis pabulum
147 672 629 705 Alter Columbus torpor ac ſtupor merus
147 702 526 734 Famam auferebat alitis Dionei,
146 731 589 768 Ni prodidiſſet noctuam vocis ſonor.
146 762 539 792 Hic anteceſſor iuris imprudentiæ
147 789 614 824 Vix indipiſei preibus aut pretio poteſt
146 820 629 852 Vllum vaciuas qui ſibi aures commodet,
147 850 588 883 Vtſe magiſtro qui trecentis millibus
147 878 607 910 Antiſtat omnesſapere condiſcat nihil.
146 911 536 942 Poſtremus ille nuperus Nouitius
149 938 616 968 Hoc ſe Venerum fors putat nepotulum
151 969 577 1000 Vulcaniâ de gente quod natus cluat.
150 999 566 1028 Et ille curua nempe nobis corriget
150 1028 627 1061 Qui mente curuus, curuus omni corpore
150 1056 590 1089 Serpentis inſtar beſtiæ gradum ſtruit.
148 1087 575 1116 Horu omnium ſi detur optio mih
148 1117 586 1152 Pro munere iſto tam bono, oti reus
669 1141 792 1175 i,quie
