888 1312
305 77 559 102 BAVDII
111 90 153 111 500
114 117 652 149 Sed tibi diuitiæ ſuperant, cumuloq; redundat
145 147 614 182 Copia: nec lauti nec ſumus vſq; inopes.
113 177 604 212 Longa tibi ſeries gentis numeratur auitæ,
144 205 634 234 Eſt haud clara mihi, ſed ſine labe domus.
116 235 644 265 Te luxus decet, ac fului contemptio nummi,
146 264 574 296 Non eſt par opibus factio noſtra tuis.
115 293 656 325 Te lituus, ſæuiq; trahunt bella horrida Martis,
145 324 547 351 Militat Aonia noſter in arte labos.
116 351 614 387 Hæc cum diſſideant inter ſe ſingula, quî fit
147 383 596 415 Vt te meq; inter tam bene conueniat?
147 435 719 466 In Iohannem Caſtelium, à quo Rex Henricus IV. vulnera-
391 466 467 492 tus eſt.
118 505 597 538 Africa terrificos olim ſolet edere partus,
146 533 729 565 Hanc famam infamem nunc quoq; Gallus habet.
120 564 583 602 Ex quo tetra lues regni diffuſa per artus
151 595 538 624 Vellere ſuffecit Lilia cana nigro
121 622 681 659 Nam quid inexpertum ſceleriſq; doliq; reliquit
150 653 604 688 Degener à proauis nec memor ipſe ſui?
122 681 703 714 Gallus & indigetem dominâ de ſede monarcham
153 712 631 746 Depulit & crucibus frena tenenda dedit.
122 740 703 772 Gallica ſex ſpurium Parmenſem in regna recepit,
150 771 599 806 Legitimoſq; fero Marte petiuit heros:
121 802 583 831 Cederet vt Veneri dotalis regia Mauræ.
151 830 607 864 Iuraq; Francigenis hybrida ferret Iber.
121 858 657 888 Gallus, an human facie furor horridus Orci,
150 890 556 921 Sacrilego regem dedidit enſeneci.
119 918 660 952 Quid ſupereſt, quo iam ſcelus exitiale feratur?
151 949 662 980 Quid ſimile his monſtris vltima terra creat?
120 979 621 1008 E cce recens aliud, fato non auſibus im par.
153 1008 660 1038 Quippe Deo rabida præpediente manum,
121 1037 630 1066 Ne tot acerba pii tandem poſt funera Celtæ
150 1068 615 1092 Funditus hoc vno vulnere conciderent:
118 1095 683 1125 Nunc ſacer ille iacet, meritaq; immane piaclum
147 1126 651 1156 Morte luit, rapidis membra reuulſus equis.
678 1152 755 1179 Exitio
