888 1312
294 59 615 92 ISCELLANÆA.
744 70 783 92 5o
129 126 649 156 Exitio ſimili cadat, & cadet auguror omnis
159 156 624 191 In quemcunq; cadet tam furiale nefas.
162 225 681 262 Titulus pyramidi, qu exſtructa e ſuper ſolo diruta
375 260 464 280 domus.
77 296 675 337 Hic vbi marmoreo ſubnixam robore molem,
165 328 572 361 Everſiq; vides horrida ſigna Laris.
110 356 680 387 Ante hac immani ſedes erat hoſpita monſtro,
162 386 679 420 Quale vel haud vnquam barbara terra tulit.
135 415 693 448 Hinc ſcelus emerſit, quem trux invaſit Erinnys,
168 448 623 476 Ferret vt infeſtam regis in ora manum.
138 475 646 508 Et nunc ille necem dignam furialibus auſis
167 505 587 541 Repperit admiſſis dilaniatus equis.
141 531 767 569 Neu ſuper vlla forent hominis monumenta nefandi,
170 564 628 596 Damnauere patres excidione domum.
140 592 758 625 Sanciit in miſeros pœnam hanc ſacer ordo penates,
172 623 587 653 Sanctius vt ſcires regibus eſſe nihil.
277 676 597 707 In obitum Adriani Blyenburgii.
144 731 675 764 Dum Patriæ Pater infauſto langueret ab ictu,
176 762 656 792 Nec vitæ vlterius ſpem daret alma Salus:
146 791 664 822 En rumor terrore aures ac pectora complet,
176 820 672 852 Fertur & ad ſuperos publicus iſſe parens.
151 849 694 882 Certatim indulgent luctu Plebeſq; Patreſque,
164 881 641 915 Priuaq; in alterius funere fata gemunt.
152 908 716 940 Omnibus illa bonis mors flebilis accidit, at non
181 939 586 971 vIli flebilior quàm Blyepyrge tibi.
152 967 712 1001 Res facit ipſa fidem. tantis nam Iuctibus impar
184 999 587 1035 Tæſus & ingratæ lucis amaritiem,
156 1028 595 1059 Occidis ille valet. capiti ſoteria ſaluo
187 1057 627 1090 Plebes atq; Patres debita perſoluunt.
161 1087 684 1118 Credibile eſt vna Superis ſat morte litatum,
190 1117 652 1154 Belgica ne gemino vulnere concideret.
750 1145 811 1171 Inpa-
554 1148 615 1170 I
