888 1312
711 53 750 72 50
260 52 605 83 M ICANEA.
1 89 647 136 xit. & in iuuenem, quo ſol nil clarius vſquam
123 123 644 165 Adſpicit heu pietasl heu veneranda ſidesl
44 155 626 196 Dirigit ille manum trepidam latitantis Iberi,
125 186 635 231 Qu nunc ille iacet vulnere flos hominum.
43 215 656 256 Impie Mars tantumi potuiſti extinguer lumen,
125 245 613 278 Nec tibi tunc animinec cecidre marus:
96 272 645 313 Hei mihi quo luſtro poterit ſcelus hoce piari?
126 304 600 347 Quis reparet deinceps talia damna dies?
1 327 673 376 Quantam ſpem patriæ mors aipera circumuent
129 366 552 404 Quale tibi periit Belgica præſidium
98 393 610 429 Parua tamen magni ſuperant ſolatialuctus,
129 423 607 461 Parua quidem, forti ſed tamen apta viro.
98 451 629 488 Victor enim vera idnei virtute triumphas,
131 480 651 521 Vincere quem timuit Mars niſi ſraue mta
265 538 575 567 In libros Arithmetics imonis
392 572 469 592 Seuni.
39 605 595 653 Multas Bruga aliisexæquat dortibus vrbes,
133 636 543 671 At cunctas anteit lIaudibus ingenii.
103 661 635 701 Teſtes tot paſſim mundi celebrata per orbem
133 692 613 729 Nomina, vel potius numina quæ peperit
104 720 618 760 Ilis non Sophiæ pars vlla intacta remanſit,
138 753 554 792 Siue opus ingenio ſiue labore foret.
40 780 615 820 Sola Mathematice lagrantibus anxia votis
137 811 582 853 Optabat celebris pars aliqua eſſe loci.
40 841 588 884 Optabat fruſtra, ſine te Steuine fuiſſet,
140 870 613 916 Qui Nympham officio proſequerere pio.
39 903 515 940 Felix tu patriâ. felix te patria ciue:
140 935 557 965 Sed felicior hac paria parte tamen,
40 959 587 1009 Quo precioſior eſt mortalis munere v: tæ
142 988 630 1027 Naſcendique breui ſorte perennis honor.
259 1032 605 1063 dlanum Douſam Nordouicum.
113 1074 557 1105 Douſa nobilium virorumocelle,
1 1100 44 1119 I
39 1104 572 1144 Non horum modo, quos vetuſta gentis
679 1131 781 1153 Clatant
509 1136 578 1158 i
