888 1312
249 71 572 94 MANEA.
710 73 754 96 506
41 113 650 158 Nilgenis ipſe tuo quidquam de pectore, verum
117 144 511 176 Externâ gaudes ire ſuperbus ope
39 174 654 217 Aut nihil ipſus habes, proprio vel parcis aceruo.
118 204 605 234 llo nomine inops; hoc mihi auarus eris.
349 248 461 268 In eundem.
94 285 691 321 Carmina quot recitas, tot ſunt mihi nomine verſo
99 318 567 351 Crimina, queis furti fis reus & plagii.
215 358 622 390 Ad Am broſium Spinolam Ducem &c.
97 398 686 434 Spinula Marte ferox pupugit non leniter hoſtem,
128 429 590 464 Dum contra Batauos aſpera bella gerit.
97 457 662 489 Nunc vbi diſcordes populos componere tendit,
127 489 536 521 Incepit ſuaues Spinula ferre roſas.
135 588 726 619 G EOR ENEDICTI
297 592 427 605 D
277 632 584 675 HALEMENSIS.
334 696 524 728 Senatai Delphenſi.
106 740 651 799 o
107 799 616 835 Qui præbes mihi grata colendis otia Muſis,
137 828 606 859 Dum nouus in patriæ viſcera ſæuit Iber:
109 856 739 894 Quid re, quid tanto reſeram tibi munere dignum?
139 888 623 919 Si nil, eſt aliquid hoc quoque poſſe nihil
110 918 663 951 Sin aliquid. nil illud erit: ſupereſt tua reddam,
141 949 550 974 Seruaſti Muſas, en tibi reddo, meas.
109 973 767 1011 Hoc quoque. quod tibi reddo, tuum eſt, ſacer ordo. quid
696 1004 771 1036 ergo?
140 1006 598 1038 Viciſti: nil iam, quod referam, ſupereſt,.
361 1048 503 1071 Ad Lectorem.
114 1084 720 1119 Contigeris manibus noſtrum quicunque libellum,
145 1116 596 1148 Lector, non cenſor, caiminis eſto mei.
652 1142 777 1174 Cenſutam
482 1149 546 1172 Ii
