888 1312
207 66 545 90 EPIGRAMMATA
664 73 706 94 57
40 103 662 140 Laudibus ambo pares, vnum hoc diſcrimen abeſſet,
2 136 624 188 Quod regere hic patriam,quod dedit ille regi.
269 179 469 210 De Regina Angli.
38 212 707 248 Iuno, Minerua, Venus, tria quondam numina: ſed nunc
38 248 517 278 VTnica pro tribus his Eliſabetha regit.
1 274 560 307 Imperiis Iuno, forma Venus, arte Minerua;
36 307 472 337 Maior at his rara laude pudicitiæ.
36 334 496 368 Anglia, quâ poſſes Reginâ tutior eſſe?
36 366 491 397 Quâ poſſes ſimili proſperirate frui:
36 393 543 426 Nam ſi Palladium ſeruauit mœnia Troiæ,
36 424 578 455 Quid faciet Pallas viua? quid auctatribus?
168 475 573 501 DeRecina, & Comite Leceſtria Poberto
343 507 425 527 Dudlo.
36 542 659 582 Quum Batauos olim Danus Danus ſæuiret in agros,
36 575 545 607 Neptunique ſolum claſſe ſua premeret,
1 604 640 663 is
1 662 518 699 Mutatis eadem perſons bellageruntur,
60 692 521 717 Etfurit. heu, Dano ſæuior hoſtisber,
1 717 589 754 l Regina Albionum ſuccurrit & arcet berum,
63 752 482 785 Dudlæi armata vindicis vſa manu.
50 780 551 813 Otia quis priſci iam non ſibr ſpondeat æui?
78 811 539 840 Et belli euentum principibus imiiem:?
1 841 554 877 Maior Aquitano Dudlæus priipe Caluo
37 871 512 902 Aut par, aut maior liſaeths ce
245 922 483 948 De Alecando agn.
29 961 572 993 Magnus Alexander totum drat orbm
30 993 527 1021 Vnde ſibi Magni nomen adetus erat.
40 1022 690 1053 At quam paruus in hoc quam Miagni nominis expers,
34 1052 550 1083 Quod victo orbe capax noa fuitipſe ſui.
2 1081 637 1124 Quid Magnum ergo aliis & haberi. & nomine dici
80 1111 464 1141 Profuerit, paruus ſi fui ipſe ſibi?
667 1142 718 1161 Pr.
