888 1312
202 66 532 96 EPIGRAMMATA.
661 71 751 89 5OD
33 105 627 148 Loqui parabam plura: quum Phœbus, Sat hoc
1 140 538 181 Minerua ait eſt ſibi ipa: tu cole, & tace.
246 179 488 211 Com:ti Roberto Dudlæo.
50 216 530 252 Iam belli terror cunctas inuaſerat vrbes,
79 247 525 284 Et victor populi terga premebat iber,
50 277 516 311 Nec libertatis ſpes ciuibus vlla tuendæ,
81 308 534 343 Nec dux, qui forti Marte præiret, erat:
52 334 556 376 Quum deſperatis Regina Britannica rebus
81 368 503 400 Dudiæo fidam vindice mittit opem.
50 393 576 429 IIlius aduentu ceſſit metus omnis in hoſtem
81 424 568 459 Verſus, & exhauſtis ſpes animuſque redit.
53 453 586 490 Nimirum hoc vno ſimul omnes ore fatentur,
83 483 528 518 Cum duce Dudlæo venit &: pſa ſalus.
272 538 467 570 D. PhilippoSidneo.
55 574 537 615 Si tibi sidneæ non eſſent nomina gentis,
82 607 461 642 Doctrinâ poſſes nobilis eſſe tuâ.
55 634 566 672 Nunc inter ſe ſe certant doctrina genuſque,
87 664 520 703 Hoc plus adiiciat laudis, an illa, tibi.
57 691 556 730 Tu virtute tua dirimis, quia iudice fama
87 720 658 761 Maius vtrique addis, quam tibi vtrumque decus.
200 777 553 810 Ad Senatum Reipubl. Delphenſis.
60 819 597 859 Anceps sæpe meam verſat ſententia mentem,
88 846 568 883 Obſtrictus Delpho ſim magis, an patriæ.
59 880 613 915 Hæc vitam mihi tu debes ait, illa Camœnas,
91 903 620 947 Nunc quoque quod viuo, vindicat omne ſibi.
63 937 578 982 Qujd ſtatuam? tu cara mihi mea patria, cara
92 963 660 1008 Delphos: vtramque animus par amat, eſte pares.
62 991 676 1034 Tum noua Delphorum vrbs benefacta prioribus ad-
183 1039 283 1065 dens,
92 1055 530 1100 Quæ par ante fui, nunc ero maior, ait
63 1086 527 1126 Parce tamen, dixi: nam te viciſſe, fateri
92 1114 568 1158 Affectus ptohibet, cd benefacta iubent.
669 1140 714 1161 Ad
8 1157 37 1189 Iu
