888 1312
240 77 578 109 EPIGRAMMATA.
716 79 751 98 5I3
89 118 488 148 Pars hæc illius, huius illa pars eſt,
91 150 459 180 Tertia eſt tua: ſed nec illa tota
89 179 494 211 Opinor tua. ſit tamen. quid ad te?
89 209 406 242 Inquies: cupio tibi cauere.
357 249 487 274 In eundem.
88 292 435 324 Notus vt fieres, notas dediſti
90 322 531 352 Nec tuas ſcio. nec oonas: ſed heus tu
90 352 461 379 Poſthac ntior eſene labores.
1 371 39 388 I
92 383 471 415 Nam pro iſtis alias habes, inurit
80 411 543 444 Quas lector tibi non bonas, ſed æquas.
92 442 480 468 Edas ſed caue, non ementur vlli.
260 480 571 516 De tegina Angliæ Eliſabetha.
39 523 704 558 Cum Duce sæpè Ducem ſcriptis veneranda vetuſtas
124 553 599 583 Contulit, hic factis maior, an ille foret.
35 584 589 623 Liberat hoc omnes Regina labore Poëtas,
123 613 546 647 Vna omnes bello, pace, fide ſuperat.
251 673 551 701 AdRoertum Dudlæum.
38 709 754 749 Quod te, maxime dux, quamcunq; acceſſeris vrbem,
124 741 527 775 Exci pit aplauſi ciuica turba ſuo
2 769 721 801 Nil mirum: hunc omnis quanta eſt tibipatria debet,
127 799 585 836 Debet & agnoſcit muneris eſſe tui.
1 820 692 863 Nam ſine te victor iam plauderet hoſtis Iberus;
126 859 573 894 Pro plauſu funus plangeret illa ſuum.
390 920 461 941 cidem.
98 966 664 1014 Quo Friſiæ populus, quod tota Batauia tuta eſt,
126 996 620 1030 Mattiacæq; vrbes dux generoſe, tuum eſt.
98 1026 638 1063 Belgica quod reſpirat adhuc, ſperatq; ſalutem
126 1055 616 1090 Duro preſſa iugo, dux generoſe, tuum eſt.
101 1085 596 1123 Quod ſecura fides, ibertaſq; aurea floret,
128 1112 669 1150 Deniq; quicqui habet patria terra, tuum eſt.
695 1142 771 1175 Ergo
156 1153 313 1174 Tius P muſs.
