888 1312
715 70 758 93 5s
237 70 606 97 EPIGRAMMAT.
221 110 621 140 Hier. Grosloto Lulæo F. eiuſdem Albo
358 147 472 173 inſcriprum.
92 183 543 217 Quàm veliem mihi ſacra iam paranti
91 214 429 247 O Lilæe tuas adeſſe Muſas.
33 246 464 275 Muſas pol lepidas &. elegantes,
89 275 391 305 Vt ſacro genio tui libelli,
90 307 472 334 Vt tuo genio, mcoque amore
1 322 507 365 Digna ſcribere dignus ipſe poſſem.
91 359 575 390 vellem: ſed facere id mhi negatum eſt
89 394 507 422 Nec ſector, nec opus? potentiores
90 422 473 446 Sunt nexus animi. valete Muſæ
31 454 462 482 Dura numina. non eget liquore
89 481 539 515 Vctr hic. non eget ipſe fons & ignis
89 513 444 537 It ii vritur, vrit vireſcit
89 543 487 566 Vrendo tamen. O ſacros amoresl
1 567 498 605 Oacrum tibi pectus hoc & omne
89 599 518 632 Quod ruus pote Guarteloius vltrà.
1 633 500 662 Hoc Lislæe tuum puta, nouamque
30 658 501 713 Me Veſtam tibi, qui ſacros amoris
88 689 442 719 lgnes pectoris intimo receſſu
88 719 472 743 ternùm inuilabiles tuehor.
261 757 589 789 In teuim quendam Scriboum
92 795 656 828 Sitibi ſcribendum quid ſit breuis eſſe laboras;
119 825 662 856 Lauio: nam breuitas eſt quoque grata mihi.
88 853 671 890 t breuis es, Iongus nimium tamen eſſe videri,
118 884 583 912 Vt breuius diſcas ſcribere, ſcribe nihil.
368 930 468 950 n Ollum.
33 967 567 1000 Audierat mores laudari Socratis Ollus
120 994 657 1033 Quod ſimili ſemper vultu, animoque foret:
34 1026 671 1057 Audierat: ſubitoque pudorem ſuſtulit omnem
118 1056 594 1085 Vt frontem gereret Socraticæ ſimilem.
89 1086 549 1116 Ores effuſo riſu digniſſimal nam dum
119 1116 589 1146 Sperat Socraticum ſe fore, ſit Cynicus,
685 1140 752 1166 -
461 1145 548 1167 .R 2
