888 1312
243 87 575 110 EPIGRAMMATA.
703 96 737 118 s7
1 130 632 163 Odurum ingenium, nec tali pectore dignum
2 160 531 192 Dignum marmoreo delituiſſe ſinu.
37 189 678 219 Sed quid fauſta meæ queror inuidus omnia ſorti?
1 204 535 248 Si verſu includar qualis amicus ero?
35 242 622 278 Quid? quod in hoc vno dicar, me iudice felix,
112 279 595 308 Qud meus ingenio non capiatur amor.
1 300 602 338 Inunc, & victum te iactes auſpice Amorem,
1 328 578 387 Omnia qui vincit, tequoq; vicit Amor.
360 379 461 408 De cſo.
34 418 679 446 Lectorem quæro, cenſorem nil moror: vnum hoc
1 440 565 477 Satmihi, patronis poſſe placere meis.
289 491 529 518 Ad loſia lercetm.
1 507 559 559 Vt Mercere ego te vidi, ſeu ſrater amaui,
115 560 511 589 Et ſenſi, ex oculis emicuit nius.
33 587 565 632 Vt tua verba hauſi puro ſtillatia mele,
113 619 579 646 Obſtupui& Suadam cred:di ineſſetii
85 649 622 676 Sic te miror amo. diuinmq ingenium in te,
114 676 607 705 Nec, Mercere, ſcio, mirer amemne mai?
84 706 646 737 Hoc ſcio. vtrumq; licet faciam pro viribus, in te
112 736 556 764 Mirari ingenium mc, nec amare, ſatis.
274 787 535 809 Ad obeitu Dudæum.
87 828 597 860 Quum tibi gratatur venienti ciuica piebes,
116 858 606 887 Teq; ſuo reducem murmure ducit ouaas,
85 888 595 917 Tu quoq; par referens plebi grataris eunti:
117 917 564 947 O placidum rari Principis ingenium
85 946 640 976 Magnum eſt, quod tanti tu ſis occaſio plauſus,
114 976 563 1005 Maius, quod plauſus adijcis ipſe tuos.
338 1032 497 1061 De IutoLipſio.
86 1071 608 1102 Fortè ſuas quærens Charites inſanus Apollo
116 1102 563 1131 Meas ait, Charites mihi quis abſtulit?
84 1132 732 1162 Nunc iuga Parnaſſi, nunciſacrum Helicona pererrat,
475 1163 537 1192 ;
665 1162 742 1183 hari-
