888 1312
215 68 583 100 PIGRAMMTA.
109 119 610 148 Cum yria Tryrium perdidit vrbe genus.
83 148 741 179 Quid tunc vrbis honos, quid tunc Cannenſe tropæu
115 179 521 209 Profuit, & forti præliageſta mæenu?
75 208 621 238 Odolor, ofacinuc re indsignum Roma, tuiſq;
114 238 535 268 Tot donare vni præmia Mulcibero
76 266 629 296 Hoc vnum ſupereſt, quo te ſoleris aduſtam,
112 298 587 327 Quod perijt flammis diruta Roma tuis.
73 326 637 356 Sic poſt mortem vltrix Romæ Carthago, fuiſti
109 357 578 382 Dum ſtabas, hoſtis: dum cadis, exitium.
264 399 535 425 De Portia M Caloni filia.
35 435 669 470 Portia cor flammis, dextram ſibi Scæuola aduſfit,
112 467 600 497 Quaſq;, manu lhic. ſenſit imbibit illa faces.
34 491 575 528 Dignus vterque ſua patria. ſed dignior illo
111 527 533 555 Portia, pro patrijs ſi foret vſta focis.
34 553 613 584 Scæuola nunc vineit patriæ dum fecit amore
110 586 593 615 Viens, quod morins Portia amore viri.
315 630 488 658 In Sp. Tarpeiam.
36 659 618 698 Frima auro patriam Tarpeia vendidit arcem,
112 698 573 727 Hæc eadem eſt auro vendita prima ſuo.
35 727 631 759 O ſtultam fluxum patriæ quæ prætulit aurum
114 758 539 788 Ten ignorabas hac moriente, mori.
294 798 493 820 Deohrts Dudlo.
76 839 572 870 Læta quid exſultas crudeli Cæſare Roma?
115 869 605 899 Vana quid.mathio Græcia rege tumes?
83 898 644 929 An quia ſanguneis implërunt cædibus orbem
114 927 544 957 Preſſeruntq; armis regna aliena ſuis?
75 957 618 988 Dudlæum iactet generoſa Britannia: preſſos
115 986 606 1016 Vt iuuet hic, regnuin deſerit ipſe ſuum.
215 1030 612 1060 n aliquem, qi verſus ſine nomine ad
353 1060 484 1087 eum miſcrat.
36 1081 589 1121 Ignotoſcribo ſedqui mihi carmine notus,
120 1120 552 1149 Ilidicium de te, ſi cupis, ecce meum.
480 1148 561 1175 l 4
680 1150 753 1180 Igno-
