888 1312
234 65 572 92 EPIGRAMMATA
700 72 740 93 522
40 106 639 144 Diſcrimen tamen eſt: aſperſos ſanguine ludos
107 138 552 163 Priſca ætas vidit, tu ſine cæde vides.
38 160 650 202 Rara habuit Circum prouincia, rara Theatrum,
112 199 615 228 Nunc vtrumq; omnis, ſi velit, orbis habet.
37 228 601 260 Edilem mirare nouum ſpectator: vt idem
115 257 525 285 Lipſius & ludos det ſinul & faciat.
36 287 550 316 Mira re, & tecum. ſi poſſis, ipſe repende,
117 316 590 347 Qui dedit hos ludos, ſeria quanta dabit?
346 360 468 387 In aliquem.
91 396 657 427 QuOd tibi crediderim. quod ſpe ſim luſus inani,
118 427 541 456 Cu la tuæ ſidei eſt iſta, ſed illa meæ.
92 456 639 487 Seurus poſrhac mihi des promiſſa fidemq;,
121 487 660 516 Tunc qoq; il perdes, omnia quum dederis.
241 527 591 556 In quendam virtutis Encomiaſten.
93 566 650 596 Semper in orc tibi eſt virtus, tamen exſulat illa
123 596 651 624 Fectore. ſci cauſam? ſemper in ore tibi eſt.
317 646 532 678 I brioſum Pottam.
54 682 666 718 Ebrius ad numeros ſcribendaq; carmina ſurgis,
130 715 551 745 ec benè ni potes eſſe Poëta potes.
98 746 697 777 Quid inirum?nam quæ plena inter pocula ructas
126 775 631 801 Ebrus, hæc Bacchi carmina, non tua ſunt.
96 805 599 835 Et miramur adhiuc. quod tali nata parente
91 834 596 864 Carmina ſuſpenſisnon egeant hederis?
296 894 557 923 In Scribonium quendam.
98 934 641 964 Fortè notas aliquot Scribonius vndiq; raptas
130 964 582 996 In lucem, vt fœtum, iuſſerat ire, ſuum.
100 993 589 1024 Cenſor vt aſpexit, miratur, & obuius illi,
130 1023 626 1053 Heus bone vir neſcis has ait antè datas?
102 1051 672 1082 Seu ſcis, ſeu neſcis, culpa eſt tua, qui malè miſces
130 1084 587 1113 Scripta aliena tuis, aut agis acta prius.
98 1111 626 1144 Ille quid? hoc vnum, ſe non vidiſe, ferebat,
673 1141 759 1171 Quam-
427 1142 491 1168 5
184 1271 351 1283 L
