888 1312
309 73 606 98 G.BENEDICT
125 76 167 97 524
156 108 672 143 Sobrius eſſe cupis: crede renatus homo es,
124 139 646 172 Antè pecus ſueras. ſurrexti vix tamen, ecce,
159 168 607 200 Ebrius ex cvathis, &, velut antè, pecus.
825 177 885 215 il
124 198 631 228 O Porteu qui tot noſti tibi fingere formas,
155 227 658 257 Porcus abiiti hodi, quando redibis homo?
323 270 563 298 In Virtuti Encomiaſten.
842 275 885 301 in.
124 307 631 339 Orator bonus es, fateor, ſed peſſimus actor:
847 301 885 325 is
845 335 886 360 t
152 338 640 372 Si pudor, aut taceas, aut age quæ loqueris.
860 367 886 392 m
338 393 568 424 D iante Piloſopho.
125 431 620 460 Qum foret hoſtili deuicta furore Priena,
854 455 885 484 Ms
153 460 576 492 Omnibus vna auri cura fugæq; fuit.
123 490 647 521 Vnus in vrbe Bias animi bona prætulit auro,
855 516 886 539 Mi
154 520 615 553 Aurum plebs; opibus diues vterq; ſuis.
367 565 490 585 D e Virtute.
127 603 635 633 Qui formâ melis? quid fuluo carius auro?
1 623 37 653 l
859 634 886 653 Co
154 633 606 662 Quid toto regnis maius in orbe datur?
124 661 726 696 Iaſpide quid pulcrum magis eſt? quid melle tenaci
155 692 586 724 Dulcius yblæis candidiusq; roſis?
858 690 886 711 lics
123 720 644 753 Dulcior his irtus tamen eſt & pulcrior vna
152 750 617 781 Formâ, auro, regnis, iaſpide, melle, roſis.
381 798 518 825 In quendam.
861 811 886 830 h
122 832 725 868 Frigida ais dare me fateor quoq; carmina: verùm
150 862 655 897 Frigida ſimea ſunt, dic tua quando calent?
299 920 590 949 Ad Ianum Douſam Patrem.
121 956 626 987 Miraris me, Douſa, nihil tibi ſcribere, ceſſa
152 986 631 1022 Nil ego te dignum ſcribere, Douſa, queo.
122 1014 626 1050 Cauſſam ſi quæras, in te latet, inclite vates,;
152 1047 630 1076 ſngenum ingenio cùm cadat omne tuo.
1 1074 689 1108 Scribo tamen Carmen; quod ſi metiris Amore,
832 1102 886 1124 l
150 1103 688 1137 Scribo aliquid. quod ſi Carmine, ſcribo nihil.
680 1143 767 1163 Ad oun-
