888 1312
292 72 578 97 EPIGRAMMATA.
728 83 765 102 525
370 123 499 144 Ad endem
1 136 44 158 u
110 159 638 192 Ianus adeſt. Iano dicamus Carmina quid ni?
140 191 627 218 Anni hic principium, Carminis ille mei.
3 224 41 247 v
382 245 484 266 De eodem.
112 283 693 316 Qui nouus aſtrigero ſpectatur Phœbus Olympo?
141 315 619 336 Cur ſolito maius luminelumen habet?
110 344 595 373 Dicite qui cœli denos cognoſcitis orbes,
144 373 658 402 Nunc opus eſt Spheiâ,nunc pus eſtoculis.
111 403 673 433 An quia & ipſe nouo primordia concipit anno?
142 433 628 464 Si verum hoc, ſolitos cut ſuperat radiosi
111 463 709 491 An Venus & reliqui Phœbum coiere ſub vnum?
142 493 605 522 Aſpicite in medio iam micat illa polo.
111 522 660 551 An proprium terrâ fugiens ſe flexit in orbem?
142 552 548 576 Sic eſt Dousæo lumine victus erat
110 582 613 611 Sed cur nube tegit faciem. renuitq; videri?
138 611 613 641 Credo ego Douſæos ferre nequit radios.
111 641 700 669 Coniuncto præbent tamen vnum lumine lumen,
141 671 648 700 Dum micat hic terris, dum micat ille polo.
111 700 705 727 Hic facit iataniam Phœbum ſplendeſcere lucem,
140 729 562 760 Et facibus ſolitas exſuperare faces.
110 760 668 789 Pelisx ergo nouo erra eſt & poline Cœlum,
142 789 619 819 Plus hæc qud Phœbo peſſit vtroq; frui.
110 819 712 849 Tu modo qui Phœbum hunc cœlo, terræq; dediſti,
141 849 597 877 Orbem cuiq; ſuum cœlitus attribuens
110 879 660 908 Fac vt hic & cntum & millenos luceat annos,
142 908 593 938 Aut Phœbum nobis reſtituas ſimilem.
109 937 520 960 Ne Muſis orbis tanto lumine caſis
138 967 579 998 Deſerat hic terras, deferat ille polum.
391 1020 467 1050 Aliud.
110 1053 489 1084 Quod felix mihi ſit; tibiq; felix,
109 1084 509 1111 Vatum maxime Douſa; Ianus ille,
106 1115 472 1144 Recurrentis origo lanus anni,
716 1151 803 1173 Sex
1 1163 36 1201 M
