888 1312
283 62 577 87 EPIGRAMMATA.
717 77 768 100 7
208 115 549 139 Delanis Douſa & Hauteo.
101 152 708 184 Dbuſiadem autenumque duos tulit vnica Vates
130 184 643 217 Leyda ilum Latij Carminis, hunc Bataui.
101 214 620 245 Ilanus vterque: quibus ſi ſanus tertius adſit,
131 244 555 271 lngenis pandent omnia clauſa ſuis.
104 273 676 304 Quod cum viderit hic, te dicet vtroque beatam
133 302 532 332 optabit Claues & ibi Leyda tuas
101 334 703 365 omaque, quem coluit, anum pertæſa relinquet,
131 362 533 391 Optabit Ianos & ſibi Leyda tuos.
252 404 589 431 In luſti Liſilde Conſtantia libros.
101 439 627 472 Certebant Aiax quondam & Laërtia proles
130 470 509 495 ellei inuictas ob ducis exuuias:
99 499 599 530 Scilicet his armis occulta latere putabant
126 528 579 559 Robora, queis alter ſurge ret Eacides.
97 559 642 591 Iam Bataui victor Marris noua ſuggerit arma.
125 588 539 619 Iuſtus Achiſlæis apta mage exuuiiis.
99 617 646 649 Quæ ſint illa rogas?eſt conſtans robore pectus;
129 648 667 679 Quod peream ſi vnquam Marte perire poteſ.
1 676 685 708 Non egit hic clypeo Veneris, non Tethyos armis,
126 706 589 738 Quæ dedit Ætnæo Lemnius igne pater.
94 736 698 764 Hunc Phrygius gerat neas, hac Phthius Achilles
126 764 552 796 Ipſe armis didicit vincere poſſe ſuis.
98 794 602 825 Huius ob exuuias certa, qui vincere certas:
125 824 613 856 Sic aut nuilaferas, aut mala ſponte feres.
282 868 503 892 Ad Douſanm Patrem.
91 903 573 937 Felices opto lani tibi Douſa Calendas,
120 933 593 965 Finem anni vereris principiumq; nuui,
91 964 634 995 Opro iterum, ſed iute tuonam ianus hic ipſe:
118 994 589 1017 Immortale tuo nomine romen habet.
263 1038 533 1063 De Iano Douſa & Phbo.
60 1072 642 1109 Vna vtriq; ſalus Douſæ Phœboque: ſecundum
114 1101 576 1136 Si neget huic annum, de negat ipſe ſibi
661 1141 742 1165 Hic à
