888 1312
279 80 566 103 EPIGRAMMATA.-
707 84 749 108 S29
90 118 531 153 Denſis tenebris Accium reconditum
92 153 488 182 Illuſtrat ipſe maior aut par Accio.
92 183 517 206 Cedit Vetuſtas victa. ſuccedit vetus
92 213 540 243 Splendor, ocuſq , & omnis Elegantia
91 244 461 273 Togata. Palliata Gratiis comes
90 273 584 302 O læta Sor lquid Douſa vates non poteſts
89 303 528 330 Tragœdiam mutauit in Comdiam.
88 330 596 361 Agnoſce, Lector. hanc prior Plautus dedit;
88 361 610 390 Nunc illum & hance Douſa. plus debes vtri?
339 405 500 435 De Iuſto Lipio.
42 446 582 474 Dum canit Hiſtorias humano Lipſius ore.
2 468 509 505 Maiorem Pythio ſe ſacit eſſe Deo.
43 506 621 541 Seu contra Martem generoſo pectore tendit,
118 535 600 563 Morte premit Martem neſcius ipſe mor.
43 564 627 594 Belgica qui dignos ſtatuis victore triumphos?
117 593 561 616 Monne vides binos ſuccubuiſſe Deos?
86 622 628 653 Ingenio Phœbum ſuperauit, pectore Martem:
118 653 548 680 O non tam magno ſecula digna viro
183 701 615 730 Ad Douſam Filium, eiuſdem Alo inſc-
381 738 441 758 tro.
85 760 433 793 Me tuis etiam legi Tabellis
86 791 481 820 O flos Douſiadum O iubar Bataui
86 821 429 851 Solis gaudeo. nec legirecuſo.
854 825 886 846 I
86 851 497 882 Syncere loquor imo me beatum
84 877 555 909 Vel vno hoc puto quod legar Meliſſum
84 910 447 939 Inter Goslotiumq; Lipſium;
84 940 468 967 Secli illud veteris nouiq; lumen:
83 967 511 999 Et tu offers mihi quod peti decebat?
82 998 446 1029 Onon degener Ingeni raternil
81 1026 467 1057 Et tu te ipſe?quid amplius?beaſti
83 1055 512 1088 Me præter meritum. lubeis fatebor;
83 1086 511 1119 Amplectarq; lubens. quad obtuliſti:
83 1119 454 1148 Tuquos offro mutuos amoes
640 1145 729 1166 Conta
171 1149 326 1178 Tomu prius
495 1144 528 1167 L
