888 1312
297 75 576 99 EPIGRAMMATA.
725 84 761 105 Ss
306 142 541 168 Inalbum Iani Gruteri.
111 195 460 227 Quod felix Superi mihi tibiq;
110 227 462 249 Faxint, Iane, tuis dico tabellis
81 255 472 284 Synceræ fidei perenne ſacrum.
112 286 599 318 Qippe ſic meritum eſt tuum, omniumq;
110 315 517 343 Cuotquot fas ſimiles tui inuenire,
109 344 458 373 Inſignes genere, inſtitutione,
110 373 419 404 Vita. moribus, eruditione
112 402 531 433 Nec ſolum hoc ego teſitor:ipſa teſtis
110 432 524 462 Eſt Themis Dea cum tuo Donello,
111 462 533 494 Tetis Douſa, Chariſq; ttina Dousæ,
110 491 495 521 Teſtis Lipſius, & Minerua Lipſii
111 523 532 552 Et quotquot Batauum ſuo Lycæum
111 552 513 581 Ornant numine Dii viriquequi te
109 580 563 610 Vſq; ore vſque oculis ſinuq; geſtant.
32 610 608 652 Quare habe hoc tibi quidquid eſt amoris,
113 639 547 668 Si librum adſpicias tuum, caducum;
113 668 599 700 Si meum hunc animum, perenne pignus.
297 730 514 759 De eiuſdem periculi.
113 782 619 812 Quæ modo vulgaſti diuina poëmata vulgo,
142 812 670 841 O Charitum, o Eratus, Iane. perennis hono;
113 842 656 871 Non adeo ingenii Specimen meruere vocar,
145 871 603 900 Vndiq; perfectæ quàm teres artis opus.
113 900 624 929 Id ſolum dubito tibi laudis pluſne pararint
145 930 587 958 Anne aliis, ſcitè queis tua Muſa dicat.
115 960 667 988 Nomine vtroq; profecto Orbi immortalia toti,
144 990 597 1018 Et per te illa & tu Iane per illa manes.
115 1018 701 1048 Forſitan hunc liuor fructum ingenii atq; laboris
146 1048 584 1077 Inuidet & ridet dente oculoq; ferus:
117 1078 722 1108 Sed quid tum: niſi ſcripta quibus malus ille fauebit
147 1108 714 1139 Nulla perenna manent, ulla perenna mantent.
522 1152 767 1177 Ll3 Delani
