888 1312
720 70 755 89 35
304 71 542 97 EPITAPHIA.
100 104 679 143 ors bona felicem reddit, ſed & hunc bona vita:
127 137 577 175 Felix, qui vixit tam bene, & occubuit
373 189 447 213 Aliud.
4 231 538 273 Ades viator, & volens audi & dolens,
101 271 552 309 Quod te docere nmortui Manes volunt.
100 298 597 334 Nomen vide. Philippus eſt, Eques domus,
100 330 495 363 Virtutis ingenique famâ nobilis.
101 354 602 396 Nimis ſed heu Philippusl Hoc nomen fuit
1 388 546 437 nOmen ſiniſtrum Belgicæ & Britanniæ.
102 418 530 451 Nam dum tuetur triuſque gloriam,
103 449 596 481 Turmas fugaces hoſtim inſequens equo
103 477 557 508 Let hale ulnus ac cipit, nun hic iacet:
1 507 526 547 uLuctum ſui reliquit omnibs bonis.
104 538 517 567 Inunc viator inelyti Ducis memor,
1 560 589 601 Toſque oculos huius tumuli ſpectaculo
104 595 513 625 Puta beatos eſſe, te miſrum puta.
1 644 73 671 i;
102 658 633 699 Dum pugnat medios acer Sidneius in hoſtes,
133 694 554 723 Et celeri illorum terga fatigat equo.
105 715 659 757 Obſtupuir AIauors, fu gentiaque arma Philippi
836 742 868 776 I
135 749 612 788 Aſpiciens victrixne hoc duce Pallas? ait.
106 778 575 812 Dixerat: ille ducem lcthali vulnere ſigit
137 808 624 841 Eminus. & vincit dum fugit ipſe, Dcam.
107 838 644 871 At non Sidneiun: nam robuar pectoris mgei.S
139 865 651 900 Iiummotun te xtremum mauſitd vſque dier
38 888 706 950 Quid loquor? acceſiit maior quoque fama cadenti:
143 928 653 961 Ordine Eques vii, vulnere eques moritt.
1 953 666 1014 Sic decus Ordo fuit viuo. nunc mortui iili cip
138 983 638 1017 Pro fluxo æternum ſed dedit: hoc ſuperat
1 1035 643 1081 Occidit Heſperiam contra Sidneius in armis
141 1073 595 1107 Omen inoccaſu ſedlatet: ortus ibi eſt.
1 1105 48 1137 l
674 1131 774 1154 Vicinus
494 1135 572 1160 El
10 1156 42 1193 u
