888 1312
305 55 636 88 G.EENEDICTI
143 68 184 91 536
148 102 601 133 Vicinus lætho fertur dixiſſe Philippus,
177 132 620 160 En Deus en ſacrum Belgica terra tibi.
825 166 884 193 s
150 163 687 191 Accepi vulnus, non pœnitet, optima cauſa eſt
180 191 648 217 Huic iterum dabitur. ſi mihi vita datur.
1 208 25 222 u
151 221 582 250 O vox Sidnei vere Cygnëia l vtrique
175 249 621 275 Ante ſacer vixit, nunc ſaccr emoritur.
2 285 35 305 i
825 307 884 333 u
150 321 723 359 Magnanimus vitam Belgiſque Deoque ?hilippus
859 334 885 357 c
178 351 629 381 Vouit & impendit, vnus vtrique ſacer.
148 382 664 410 Roma tace Decium: vicit voto ille Latios,
179 410 686 439 Hic votum: vtrique eſt fama, ſed illa minor.
850 430 884 449 u
150 468 681 496 Sidneium iuuenem rapuit Mors inuida, viuo
176 497 622 528 Dixiſſes olim Belgica, Et hic pater eſt.
150 559 748 597 Quid Muſs cum Marte?nihil: Sidneius, vtrumque
180 589 598 617 Qui prius in ſeſe iunxerat, occubuit
1 603 80 639 V
855 609 886 631 u
148 618 658 649 Nunc lugent Muſæ. luget Mars triſtis, & ille
179 649 584 677 Qui periit vellent ſe periiſſe nece.
857 669 883 689 o
147 677 681 713 Scilicet hoc tilis tantum commune remanſit,
177 706 706 740 Quod ſimul hunc doleant, quo vigucre ſimul.
857 728 885 747 m
144 776 695 806 Dum redit exanimis generoſo Marte Britannis
176 805 600 835 Sidncius patri rite ferendus humo,
147 835 781 865 Quantus honor patriæ quantus redit dolor idem
174 866 700 897 Magnus vterque: ſed hic victus honore fuit.
862 874 886 894 u
145 891 651 924 Aſpeit vulnus lxitque Britannia: verum
174 919 590 958 Gloria ſolamen vulnere parta fuit.
144 952 736 988 Nam plus laudis ab hoc fluxit quam ſanguinis: illa
163 981 593 1008 Orbe redundant fecit in aſtra viam.
142 1010 664 1044 Mixtus vbi Heroum turbis cœleſtibus Heros
171 1041 595 1070 Læta triumphali gaudia more canit.
142 1067 623 1103 O felix Heros patriâ nam dignus vt olim
169 1100 603 1131 Veneria igas, dignior inde redis.
712 1137 789 1166 Anglia
