888 1312
272 67 562 89 EPITAPHIA.
719 72 756 92 537
38 105 711 146 Anglia quod ſibi me, quod Belgica teira repoſcit,
123 137 575 167 Ediciu ,indic iuique necis.
41 165 707 197 Vita accepta fuit. mea mors grais omnibus vna eſt
125 196 592 221 Caula mes cineres hæ c facit eſſe leues.
363 254 481 274 In Mortem.
38 306 626 338 OMors. quid dirâ petiiſti glande Philippum?
129 336 610 365 Crdideras tantui pſſe perire virum?
41 363 654 397 Non ptuit: uippe æternum virtute ſuperſtes
129 395 551 420 Viuit, & eſt famâ mors tibi, vita ſibi.
1 414 616 460 Inunc & fractâ ſperes ceruice triumphum,
127 453 630 484 Nimirum hune iaculo quo petis, ipſa peris.
343 498 491 524 Ad Hloſpitem.
43 546 598 578 Non hic Sidneij tumulus, ne crede viator,
131 576 635 607 Non eſt: ſed geminæ Palladis, & Charitum.
100 605 584 634 Viuebanr olm, in terris dum viueret ille,
134 634 590 663 Scandentem cœlos non potuere ſequi,
58 662 698 696 Non potuit fluxum quoque corpus: at ille lepores
133 693 611 722 Secum, & Palladium vexit in aſtra decus.
1 722 595 756 Arma teſeruauit Pallas ſibi nuda: ſed illæ
134 753 627 783 Nomen inane, &, quos vrna tegit cineres.
1 781 659 827 His ſe iunxerunt: Pallas tumulo arma dicauit,
134 812 627 842 Fletum aliæ: doleas, hoſpes, & adde tuum.
106 870 621 901 E Pietas, & ſancta Fides hac mole iacerent,
139 900 540 931 Si poſſent illæ, poſſet & ipſe mori.
109 927 649 961 Sed neque iors illis nocet inuidioſa, nec ipſi:
138 959 607 989 Viuus hic vtrâque eſt, vtraque viua Deo.
107 990 530 1015 Viuite felices, felices viuite Manes,
140 1015 623 1044 Vobis mors non mors, ſed noua vita fuit.
109 1074 660 1107 Vixit Sidneius. quam durum eſt dicerei vixit:
39 1105 636 1142 Sed Patriæ & Bclgis: nam ſibi viuit adhuc.
679 1133 769 1163 Belgica
504 1136 573 1160 Ll
