888 1312
266 75 548 99 EPITAPHIA.
708 78 755 97 539
45 112 685 143 Siſerimen tamen eſt: terras tantum ante colebat,
119 145 660 173 un clit has terras, nue colit ille polum.
254 196 587 225 Iehanns Molani Præceptoris ma-
373 228 433 247 nibus.
36 276 542 312 olane mi olane, quem ſacris De
121 307 439 331 Nouem imbuëre fontibus,
1 316 38 350 u
93 335 527 367 Suoque Mſuſa pendulum vberi vbere
122 367 405 395 Repleuit vt ſacerrimnm
93 395 502 425 Seni tuo ſuprema ad vſque funera
77 426 385 451 Ab ore ſtuxerit Melos.
77 451 508 485 Molane, mi Molane, quo ſuperſtlte
123 487 392 515 Sepuita Prema viueret.
93 514 533 545 Quot omnibus ſtupentibus bonis tua
121 545 387 572 Dedtre fata lacrymas?
92 572 531 603 Sed hæc fuere: nunc ſiles reconditus
122 603 386 627 Molane, ſi tamen ſies.
92 631 552 662 Loquente namque me ſilentium perit
123 662 387 687 Tuum; laboribus tuis
91 689 655 722 Loquor. meiſque tu; tua verba ſunt, ego loquos
123 721 409 743 Et vt illa dicere deſinam
93 751 502 775 Tuo labore docta mox & alterum
126 781 447 809 Dat is elos quod audient
92 809 572 839 IHeliconides quod omnis orbis, & nouus
123 840 388 870 Repente tu clues olor
95 868 589 900 Quod hic canat nece imminente, tu ruis
123 898 447 928 enetras ſepulcra cantibus.
1 952 608 998 Dum Mylius patriis expulſus finibus, exſu
120 995 516 1027 Viuit in ignoto. ſed meliore, ſolo:
1 1025 595 1068 Relligio cœlum petiit, Patremque rogauit
120 1055 495 1079 Viueret vt tanto liber ab ex ſilio.
91 1085 630 1115 Audiit extemplo ſobolem. ylioque vocato,
120 1114 548 1141 thereas ilum iuſſit adire domos.
644 1141 753 1165 Elandris
