888 1312
248 67 533 90 EPITPHIA.
692 74 735 93 54
79 108 674 140 Quid mirum quoque i viuentia mœnia quondam
107 140 506 167 Vno & Pierides interenat ylio?
78 168 659 198 Omieram remam, tua ſi ſo funera; ſed plus
108 198 491 229 Siamiſſas ie funete ni coesl
77 229 624 258 Nam, quæ viuelas traiplicis modo munere itæ
105 257 567 287 Brema, triplex vno funere funus habes.
333 314 443 332 In mortem.
77 351 543 381 Viderat eximiâ Mylium ſlorere ſenectâ
71 381 631 413 Mors &. num Pylius nunc quoque viuit ait.
80 411 594 440 Sat ſibi ſat rundo vixit. Qiid fata iubetis?
110 439 640 472 Credo equidem vitæ hunc iam ſupereſſe ſuæ.
79 470 612 500 Dixerat; & neruo celerem ſtridente ſagittam
109 501 549 527 Miſit, at illa ſuum miſſa cucurrit iter.
78 530 607 559 Ille cadit. Muſæ gremio excepere cadentem,
108 559 565 590 Atque vdum lachrymis inuoluëre ſuis.
79 588 582 614 Fortunate, cui tam molliter oſſa cubarint,
78 618 610 648 Hei mihi, quam paucis contigit illa quiesl
78 645 707 675 Error in hoc tamen eſt tuus o Mors improba, quod tu
108 677 549 709 Pro tylio noſtrum ſuſtuleris Mylium.
273 731 523 759 Ad hoſpitem de Tumulo.
81 771 736 807 Siſte gradum hic hoſpes. Tumulum quem cernis, iniſto
112 803 578 834 Pierides. Mylius, Brema ſepulta iacent.
81 834 565 861 At cur tres vno: miraris deſine. namque
112 862 548 893 Illis vna fuit vitaque morſque tribus.
80 893 512 920 Et te felicem credas homine, & illos,
111 921 557 956 Quod vidiſti oculis, qui peritre ſimul.
279 978 528 1001 Molanum adhuc iuere
28 1021 573 1060 Qui te, magne Myli funeſta voce requirit,
110 1054 491 1081 IIIe ſnæ eſt vitæ neſcius, ille tuæ.
29 1082 600 1115 Vita mori dederat, vitam tibi reſtituit mors:
107 1112 617 1142 Tunc homini ſimilis, nunc es criſque Deo.
620 1137 734 1168 Exemplo
