888 1312
240 53 528 76 EPTAPIa
683 62 732 82 S
38 95 575 123 Sic abeunt anni mihi, ſic ego cntero triſtis
92 124 539 155 Et ſine patre meos, & ſine matre dies.
1 150 588 183 Hoc vnum ſpereſt olamen dulce dolorum,
92 185 618 217 Quod mihi dum moritur, viuit vterque Deo.
187 228 569 256 In mortem leronymi Groslotii islæi.
36 264 595 299 Qui cædem. Lislæe, tuam, tua vulnera iuget,
91 299 598 327 Fallitur: hæc patriæ vulnera, non tua ſunt.
35 327 585 357 Tu viuis, viueſque micantibus inſitus aſtris,
1 356 542 387 Hæc perit: infelix. quæ perit enſe ſuo.
35 383 689 417 Nimirum hoc tumulum ibi dum negat. ipſa fatetu,
89 416 560 445 Nam timet ipſa ſibi, ne faciat tumulum.
229 468 537 495 Memoria Caſſ. Peuceri ſilii ad
338 498 437 521 Pſthirm.
60 536 685 566 Sunt doior & lacrymæ, tiiouæ fero carmina, Poſthi
91 566 628 597 Ex lacrymis creſcet mox puto, dirus hydrops.
1 596 586 627 At tu præuenias Medicorum maxime: fletus
90 625 576 651 Communis tecum eſt ſit medicina mihi.
61 684 520 713 SMors Pæoriæ, ſi Fatum cederet arti,
89 714 501 740 Peucerus Medicus viuerearte ſua.
37 745 609 774 Neſcia ſed flecti ponit certam vtraque metam.
91 773 625 803 Adde, quo hunc fera mors oderat artificem.
61 802 605 835 Ipſe pater Phœbus moriturum fleuit, & herbis
92 831 469 859 Seruari doluit non potuiſſe ſuis
60 860 640 890 Seruatus tamen eſt: poſt funera namque beatum
91 890 543 921 Magna manet cœlo gloria, magna ſolo.
1 911 525 945 Hic artis fama, vitæ illic munere: viuos
90 948 551 981 Illâ æquat Medicos, hac meliore Deos.
59 977 592 1006 Si dubios omnes linquit poſt funera: Morti
39 1008 541 1040 Plus damni viuus fecerit, an moriens?
604 1128 720 1154 Saxoniæ
