888 1312
286 74 544 97 BERCHEMII
705 76 745 95 54
85 114 652 144 Dij facite, ut quia tot iam operi vitam ipsius uni
107 145 550 173 Debent; vitam operi debeat ipse suo.
205 199 608 230 In Antiquitates sacras Lud. Hillessemij.
80 240 451 269 Laudas artificis ma num periti,
27 271 461 301 Qui veros potuit referre vultus
40 300 510 327 Patrum: Dædala sic suas in artes
40 329 484 359 Mens sese incitat impetu furente.
83 361 436 391 At quanto melior pius poëta,
85 389 488 419 Qui mutis animam dedit figuris?
84 418 508 447 Mellitam aureolam, piè venustam?
84 448 437 480 Hunc fac officijs, benignitate
85 479 498 507 Ornes sic meritum, pium poëtam.
345 527 477 549 Ad eundem.
86 566 483 601 Dum canis caput albicat pruinis,
1 596 430 630 Et lapsu celeri feruntur anni,
40 624 479 661 Exspectas velut imminentis horæ
40 654 517 691 Signum, & sarcinulas legis: suprema
84 686 550 718 Ne lux opprimat imparatum. Et omne
83 715 439 749 Tempus delicijs, malisq; curis
87 744 451 785 Quod perdunt alij. pijs boniſq;
55 773 486 812 Scribendis bene collocas libellis
85 803 479 835 Multis, laurigero incitatus œstro:
85 833 500 867 Ut cingant hederæ caput decorum
86 863 494 898 Quas verus tibi Cynthius paravit.
86 891 537 929 O quid censuerim mage exꝑetendum?
212 952 608 981 In L ov. Hilehemij V. C. mortem.
86 991 536 1028 Ergo nostra tuis debetur nænia bustis
1 1021 609 1054 Tam cito, iugubris carminis obsequium?
88 1050 540 1081 Nec eibi iam toties sella sedisse curuli
120 1081 518 1115 Profuit & patriæ consuluisse tuæ:
39 1111 581 1143 Nec tua cum pietate fides spectata clienti
487 1142 540 1162 M m
684 1145 743 1173 Sæpe
147 1147 302 1168 Tomus Primus.
