888 1312
352 55 603 76 HIERONYMI
158 62 204 84 546
199 93 652 123 Sæpe tuo in duris ardua temporibus?
139 122 687 151 Naturæ facilis nec quidquam vena benignæ
200 154 638 180 Iuvit, & ingenij tot monumenta tui,
170 180 703 212 Quo minus, immature senex, patriæq; tuisq;,
201 210 628 233 Ante diem subitò flebilis occideres?
170 240 644 270 Scilicet hæc illa est mortalis linea vitæ,
202 270 676 298 In longum humanos quæ vetat ire dies.
169 298 729 326 Nil tamen effectum properantis ad ultima fati
202 328 626 357 Admorsu? dempti nil nocuere dies.
171 357 722 388 Quæ res namq; fuit votorum summa tuorum;
204 387 636 416 Vivet ab exsequijs inclyta fama tuis.
399 434 585 464 Eiusdem tumulus.
171 475 400 499 Sic te dia Potentia
200 505 651 535 Servet perpetuum, sic tibi quisquis es,
171 535 412 563 Feliciter & amplius
202 564 624 593 Ex voto Superi tempora sospitent!
172 593 407 622 Pallentes violas pio
202 623 654 652 Et fragtans cineri spargito balsamum.
171 653 464 675 Hoc virtus tumulo iacet:
201 683 646 712 Hoc parvo Pietas marmore clauditur.
172 710 460 740 Hoc saxo tegitur Fides.
198 741 667 771 Heu mors improba quid sydera deripis
173 770 502 799 Orbi? cur tenebræ placent?
200 799 656 823 An est omnibus hoc numine cœlitum
168 831 463 858 Decretum pariter mori?
198 860 582 889 Nec vates fluvios legibus inferis
169 886 423 909 Vitant irremeabiles:
198 916 639 945 Vates qui Clario sub duce militant?
169 945 498 975 Hic noster memini quidem
200 975 591 1004 Divino quoties pollice barbiton
172 1005 442 1027 Vatis mouerit auream.
196 1034 586 1064 Nunc est exigui portio pulveris
170 1063 460 1092 Nunc vox conticuit pia
194 1093 644 1118 Demulcens animos carmine amabili:
737 1123 807 1150 Erau
