888 1312
323 62 625 86 BERLICOMII
162 74 202 96 548
162 101 681 137 Torpentes recreant agros: sic diuite tardos
165 132 728 167 Fruge beent animos. Magni mea Musa tonantis
164 162 715 192 Et nomen Numenq; canet. verum, eia, Parentis
167 191 802 223 Mecum omnes memorate decus: promptumq; petenti
166 220 729 252 Munimen celebrate Deum; qui certa, nec ullis
166 249 664 285 Deprauata facit vitijs opera: illius æqui
167 278 679 317 Et iusti stabilem conseruant facta tenorem.
168 307 637 338 Is Fidei pactiq, tenax: ab eo inſela falli
166 338 691 368 Iudica,& recti nunquam excedentia metas.
198 368 739 397 IIius tamen opprobrio Gens praua malorum
168 397 680 429 Perdita progenies: & degener ipsa, patrisq;
170 426 664 461 Indigna ingenio, per fœda piacula sponte
170 455 770 493 Corrupere animos Tune, ah, stirps improba, vecors
170 485 675 521 Insipiensq genus, tantis sic tanta rependis
170 514 757 544 Pro meritis malefacta Deo? tibi eumne parentem,
171 545 704 579 Moxq; Assertorem meminsti? cuius & auras
171 574 624 603 Munere vitales hausisti? cuius amicis
170 603 705 633 Imbutos monitis animos, vrbesq; frequentes,
174 633 625 667 Atq, solo fœtas accepisti vbere terras?
204 663 745 694 Ergo age præteritos longinqui temporis annos
173 693 650 723 Et seri mecum seriem reminiscere fæeli;
176 721 719 753 Altius hæc præsens lubeat reuocare sub æuum,
173 752 688 781 Hæc tardos quæsita senes, canosq; parentes,
175 781 714 810 Ordine cuncta tibi venient memorata fideli.
205 809 807 847 Quando pater, summos qui complet Numine cœlos,
174 841 682 873 Assignanda suis distingueret arua colonis,
175 869 720 902 Ex populis populos secerneret omnibus vnam
173 899 696 927 Etribubus G entem Iſacidum ſelegit, vt eius
176 928 667 958 Pro numero fines terræ præscriberet orbi.
174 956 745 989 IIIius, hæc siquidem Gens, portio sola, Iacobiq;
175 988 626 1015 Vnica ei soboles, caræ successio ſortis.
207 1016 758 1049 Ille hanc seu rabidis per ſaxa habitacula brutis,
175 1047 654 1072 Seu miseranda æstu tostis erraret arenis;
174 1075 796 1108 Iamq, oculos vbicumq; metus, mentem vndiq; terror
176 1105 768 1136 Sterneret; instruxit, texit placide: vtq; tenella
709 1132 815 1160 Præcipuæ
