888 1312
247 74 555 96 PIA CARMINA.
699 82 742 101 549
31 111 547 141 Præcipuæ cuiuis curæ est oculi pupilla,
41 141 580 170 Curauit teneræ mentesq; & corpora rexit.
41 171 585 203 Qualis bellatrix pennis stridentibus Ales,
72 200 578 228 Excitat infirmos fœtus primosq; volatus
39 231 682 260 Præmonstrat: blandisve ſouet iam mollia plumis
47 260 650 293 Corpora, iamve alis prensos vibrantibus altum
81 290 652 319 Suadet iter. tenerosq; tuis mouet artubus artus
39 319 538 351 Talis& ipsa suo Domini tutela præiuit
60 349 724 383 Duxq; comesq; gregi, nec quod succurreret vllum
80 379 639 409 Adfuit externum Numen: namq; ipse Deorum
31 403 595 437 Et Deus, & domitor, firmâ regione locauit
81 437 639 459 Selectam sobolem. Fœcundi hic fructibus arui
39 465 582 495 Pascere securos; medijs hic pinguia petris
27 497 653 526 Mella dedit: rigidæq; hilares per culmina rupis
30 525 605 556 Palladium iussit succum profundere oliuas.
37 555 609 585 Hic steriles alibi pecudes tenerasq; bidentes
84 585 624 614 Butyron, atq; ſero vacuum eſfudisse liquorem
80 615 614 644 Efecit: paſtoſq; aſani in imontius a nos.
79 644 621 673 Castratosq; ouium tarda pinguedine mares,
26 673 582 702 Et ſeuo grauidos hœdos, lectasq; capellas,
40 704 582 731 Nec non triticeos adipato polline fœtus,
74 731 625 765 Prolixum esse cibum voluit: multoq; recocto
80 762 574 792 Sole dedit blande ſaturari ſanguine v: is
112 790 650 822 Hic genus ſacidum. de quo spes tanta futuræ
68 819 581 851 Integritatis erat; iam lauta effræne ſagina
80 851 606 880 Lasciui instar equi succuſfans calcibus ictus,
49 880 571 910 Ipsi intentat hero. tu Iætis siccine rebus
81 910 564 938 Israël, tot tune bonis opibusq; refertus,
80 939 624 968 Luxurians nimia obducis pinguedine pectus?
46 969 586 1000 Tunæ tuæ auctorem vitæ. patremq; salutis
40 998 685 1028 Despicis? At frustra. tantum gens perfida amorem
66 1028 622 1057 Tam facilis planè domini diuertit; & ipsum
58 1057 572 1086 Adscitis alicunde Deis, totiesq; patratum
64 1086 626 1117 Per scelus, inuitæ flagra sumere compulit iræ.
111 1116 625 1144 Nunc fœdis sacra dæmonijs solennia vero
678 1143 727 1165 ,
465 1150 544 1170 Mm 3
