888 1312
352 65 634 101 BERLICOMII
154 90 193 111 550
156 113 675 146 Posthabito fecere Deo: nunc prorsus & ipsis
155 144 687 182 Ignatos coluere Deos: queis nupera vixdum
156 172 706 204 Fama dedit nomen: quorum nec patribus vlla
155 201 662 233 Extitit aut alijs vnquam celebratio sæclis.
156 231 689 266 Ast ipsos vteri ex latebris qui eduxit, & auræ
155 260 638 298 Igniculos dedit æternæ, spreuere perenni
156 288 707 323 Robore pollentem Patrem. porro ille rebelles
157 320 576 355 Aspexit natos. notos despexit & ira
157 348 666 383 Feruidus. hæc calido deduxit pectore dicta.
187 377 693 410 Peruersis ego viuifici sacra lumina condam
158 406 680 441 Vultus. quoq; cadant extremo ſine, notabo.
159 434 748 472 Corrupta hæc siquidem soboles consuetaque fuco
159 465 635 499 Natio degeneresq; infido pectore nati.
160 494 657 530 Reprorsus nihili nec notis nomine diuis,
161 522 710 558 Zelotypo curas mihi sponte auxere; nouisque
161 554 633 583 Numinibus solitos alio flexere fauores:
161 583 708 618 Atque ego iam stulta, nec nota nomine gente,
159 612 666 641 PIebe mihi adscita. meritis augebo dolores.
162 641 724 675 Nam mea procedens rapida indignatio ſlamma,
162 670 679 704 Cuncta vel vsq; imi ad fines vastabit Auerni.
162 700 695 729 Hæc terram & terræ violento fulmine fruges
161 731 695 761 Perdet. & a primo exurer fundamine montes.
161 758 694 791 Haud vllis parcam ipse malis. tinctasq; furore
162 788 710 816 Consumam iusta in iustorum in morte sagittas.
161 817 760 852 Iamq; exhausta fame marcescent corpora. & igneo
161 847 710 881 Cen C arbone exia cadent ĩ Caunimatis, & iam
159 876 641 905 Pestifera subito exarescent percita tabe.
160 904 758 940 Membra quoque hirtarum diris laceranda ferarum
160 933 684 966 Dentibus obijciam; sacrisque rebellia iussis
160 967 723 998 Corpora, reptantum extinguam tellure veneno.
161 995 724 1028 Sæuus agros placensque ensis; ferus atria terror
160 1022 734 1057 Replebunt: passim iuuenes, tenerasque puellas,
161 1054 683 1084 Ludentesque sinu genitricis ad vbera natos,
161 1087 674 1115 Conficient, canaque graues ætate parentes.
188 1104 836 1144 Iam mihi postremos, postremum extrudere ad orbẽ,
703 1137 808 1162 Nominis
