888 1312
248 73 553 97 PIA CARMINA.
701 82 741 100 551
80 112 647 142 Nominis & terra sceleratam extinguere famam
77 142 530 173 Mens erat hostilis ni libera ſinibus ira
78 172 583 201 Vindictæ occlusisset iter, ne forte superbos
35 202 657 233 Conduplicent fastus hostes tumidiq; loquantur:
57 231 627 260 Nostra hæc magnifico confecit robore dextra,
33 261 597 291 Nec solus celso Deus ista operatur Olympo.
33 291 654 321 Peri rſi gens namq, animi quam nulla probatæ
32 321 610 347 Met li ItOnmendat notio ſen ſus.
72 350 610 382 Si saperent recte acciperent mea ſacta, suique
32 380 639 408 FiI p1c::cTIaIperis. qui namq; tremore
64 409 596 437 ScCOnſpectum mille; duorum
21 439 595 469 Cocartu e. lena aliqua ndo millia tergum
58 469 597 498 nIſi qui dexrras ad prælia fulcit
70 497 666 528 Hostibus dominus venum, prædamq; dedissem
33 527 652 555 Namq, Deo min imo aſſimila nda Deorum
70 550 583 587 m turba eſt: cnuius vel teſtibus i pſis
70 585 637 615 Hostibus effectus claret. tamen improbus iſtæc
71 616 584 645 Contempsit populus: cuius de vite Sedomi
68 645 598 674 Vinea & inuiso de palmite palmes Hamoræ.
31 674 584 704 Inde & mortiferæ, tetrisq; Iiquoribus vuæ,
32 703 561 732 Et prauo nascuntur amari germine botri.
32 734 585 763 Vnde repleta atro promanant vina veneno:
32 762 608 790 Quale ferunt auidi iam ſerâ æetate Dracones,
32 792 620 822 Quale soporiferis extinguens morsibus Aspis.
102 822 675 851 Ast ego nonne probè mecum ista reposta notaui?
70 851 650 879 Nonne memor fidis ſeruo hæc descripta tabellis?
32 881 586 910 Qui ppe mea est, mea solius iusta vltio, cuius
54 911 626 939 Iudice me, impleto retributio tempore, cedet.
72 940 612 969 Quam pes iniusto nutabit: namque dolorum
70 970 530 999 Ecce dies vicinus adest: cladisq; paratæ
32 998 625 1029 Tempora festiua accelerant vertigine cursum.
33 1028 586 1059 Porro sui causam populi cognoscet, & vltrò
33 1057 607 1086 Ignoscet seruis dominus, pœnasq; remittet.
77 1087 645 1117 Cùm prorsum exutos iam cernet viribus, & iam
51 1117 672 1156 Nulla vel arx clausos, vel saluos oppida habebunt.
667 1149 740 1170 Com-
435 1149 522 1174 Mm 4
