888 1312
353 49 609 73 BERLICOMII
156 57 193 77 552
158 88 749 120 Compellansque hostes; vbi (dicet) Numina stulti
156 119 749 152 Nunc populi? quorum in misera spes ſorte sedebat
159 149 748 189 Auxilio? queis dum facerent Holocauſta, solebant
160 178 666 209 Oblatum depasci adipem? cultisque locata
158 207 632 237 Ritè Aris festo libamine vina bibebant:
159 236 687 267 Scilicet hi surgant diui; hos sibi rebus egenis
157 266 742 295 Rupem habeant ac perfugium: his vltoribus, acta
157 295 674 325 Cedat ab oppressa incumbens iniuria plebe.
186 325 728 353 Ergo agedum edocti rebus, nunc cernite, solus
159 352 770 383 Quod sum, solus ego ille Deus, qui Numina mecum
158 382 702 416 Nulla fero: qui pro imperio vitæque necisque
157 412 680 443 Decerno arbitrium: durus. placabilis idem;
158 441 663 471 Qui ferio, sanoque vnus: cuiusque potenti
156 471 719 502 Nulla manu quidquam queat eripuisse potestas.
156 498 673 526 Ipse meam attollo iurans ad sidera dextram.
157 530 777 561 Dicoque in omne mihi mihi viuere conuenit æuum.
158 559 725 589 Quando mei flammanti aciem fulgore coruscam
157 588 691 621 Exacuam gladii, quam iusta incepero dextra
157 617 672 647 Iudicium exercere, acres asperrimus hostes
156 645 662 677 VIciscar vindex: odioque furentibus in me
157 673 652 706 Ipse meos odij feruens duplicabo furores.
156 706 750 739 lamque auidos pascam inuisis mihi carnibus enses,
157 734 712 768 Sanguineque vltrices ſatur eximplebo sagittas,
157 764 742 794 Sanguine, quem largi spumantem fluminis instar,
155 792 670 821 Vel prostrati agris, vel cæsi carcere fundent:
154 819 753 856 Et scelerum pœnas cunctorum ab origine poscam.
185 853 748 884 Quare agite ô populi. tuque ô Gens fœdere certo
153 880 738 914 Iuncta Deo celebrate Deum: qui namque suorum
154 910 685 936 Crudeli innocuum vlciscetur clade cruorem.
154 940 670 972 Accumulansque suis vindictas hostibus, ipse
153 967 708 1002 Placatus terramque suam, populumque piabit.
264 1001 687 1029 Lamentatio Dauii ſuter morte Saulis &
416 1034 525 1053 Ionathanii.
182 1058 553 1086 O quondam patrio decore clara
151 1085 599 1127 Stirps Iacobigenum: at tuis repente
729 1122 793 1143 Nunc
