888 1312
247 65 556 89 PIA CARMINA.
706 74 741 95 553
86 104 536 128 Nunc in montibus heu, nimis recisa!
88 134 569 164 Quanta heu belligerum manus virorum
66 163 460 192 Prælio cecidit perempta in vno!
115 193 512 218 Ne rumore Gathi, nec Ascalonis
85 223 555 251 Hoc strepent plateæ: hæc caueto fama
68 251 445 277 Puella vlla sciat Palestæorum:
62 277 505 311 IIlorumque caue hæc referre natis
65 311 511 341 Queis sacri nota fœderis negata est.
86 340 523 369 Ne nostra ad mala gaudio insolenter
70 367 482 400 Diffluant, petulantia, cachinnis.
118 399 541 428 Gilbothe ô iuga montium ominosa,
57 429 508 460 Audite: haud aliquo liquore vestri,
89 457 511 489 Rorisve aut pluuiæ, irrigentur agri.
89 488 515 517 Vosque arua edita, nulla fruge vobis
88 517 525 547 Fœta sint Ioca, germinetque planta:
67 548 495 578 Vos regni columen, viros valentes
88 577 496 607 Vidistis cupidos necis, proculque
88 606 466 635 Abiectos clypeos, procul Saulis
87 636 545 665 Reiectum, heu, clyneum, velut sacrato
90 667 545 694 Si nunquam prius ille oliuo inunctus.
119 695 481 725 Ille eheu onathanis arcus, illæ
65 725 501 755 Disruptæ ô nimium iacent sagittæ;
79 755 491 784 Quæ nisi hostium & ebriæ cruore.
48 784 532 813 Et depastæ adipem intima è medulla,
48 813 522 844 Haud vnquam sibi temperare suetæ.
32 843 444 873 IIle iners gladius iacet Saulis,
91 873 479 900 Qui nullam solitus subire frustra
51 902 495 931 Pugnam, nec nisi victor vlla abire.
120 931 541 961 O quæ certa fuit fidesque, amorque
49 962 456 992 Saulis, lonathanis, illa vtrique
91 991 448 1020 Sauli Ionathani vbique firma,
90 1022 441 1052 Morte non potuere separari.
46 1045 547 1079 Vterque armigera insequente prædam
89 1080 462 1110 Volucri, leuiorque alacriorque:
91 1110 541 1140 Vterque in calidam irruente pugnam
660 1139 745 1162 Audaci
409 1142 491 1164 Mm 5
