888 1312
337 73 605 97 BERLICOMII
151 76 192 96 554
150 111 493 141 Audaci mage feruidus leone.
179 141 583 171 Exti nctum ſſa cides dole te mecum
150 171 547 199 Vestrum Heroides: ô dolete largè
148 200 563 228 Largis cum lacrymis eum Saulem:
150 228 496 257 Vos qui in delitijsq; lusibusq;,
147 257 528 287 Coccino dibaphoque vestiebat.
147 286 519 315 Qui vobis itidem valore & arte
148 315 589 345 Augere hunc mage splendide solebat
147 344 571 373 Armillisque monilibusque cultum.
178 375 650 403 Heu quanta armigerum manus virorum
146 404 528 426 Prælio cecidit necata in vno!
150 432 550 462 Quam tuis Ionathan iugis repentè
147 462 583 493 Immani heu gladio iaces peremptus!
176 491 580 519 Te propter mihi pectoris recessus
147 521 558 550 Mi frater lonathan dolor repleuit,
146 550 532 580 O iucunde mihi, meisque ocellis
148 581 503 609 Carior: tuus ô amor fidesque
146 609 538 635 Admirabilior mihi omni amore,
147 639 537 666 Quo vel casta colit virum marita,
146 669 537 698 Vel tractat genitrix amica proles.
177 698 657 727 Quanta heu, belligerûm manus virorum
145 728 523 756 Prælio cecidit perempta in vno!
147 756 551 788 Quàm tota ah Patriæ fugis repente
143 786 543 816 Belli vis perijt, decusque & arma!
356 826 602 853 Querela lobi, Cap. VII.
175 862 674 892 O optime atque maxime omnium Parens,
143 892 547 923 Stupenda cuius in tuos benignitas
142 922 582 950 Suprema & infima antecellit omnia,
143 950 630 981 Repletque: cuius vsq; permanens Amor,
143 978 601 1012 Fidesque ijs vbique prompta qui tuam
141 1010 606 1038 Vocant opem: ſine obſecro ſinc. ea, vti
143 1038 546 1069 Dolore pressus impetente spiritus
141 1067 605 1096 Loquatur ista quæ efferus iubet dolor:
142 1095 578 1127 Vt impotente mens pro amaritudine
722 1134 786 1154 Suam
