888 1312
246 70 535 92 PIA CARMINA.
704 76 740 96 555
92 107 611 140 Suam tibi ægritudinem hoc modo explicet.
119 137 564 168 Egone turbido impetu æstuans Mare?
89 168 531 199 Egone Cete? vt excubantium agmina
89 197 504 229 Ita vndequaq poni oporteat mihi?
91 226 576 257 Pauens tremensq; quando dico lectulus
90 256 535 286 Meuin lenabit hocce fortean ma lum;
88 287 456 316 Cubile mitigabit: ecce somniis
90 315 557 347 Malum hoc loco quietis excitas magis:
89 346 543 378 Nouumque visionibus metum iniicis.
89 375 514 403 Ita vt subacta mens dolore, qualibet
89 407 482 437 Via atque strangulatione carnea
90 436 557 461 Recedere à domo, imo tarcere, expetat:
91 464 546 495 Necemque rebus anteponat omnibus.
92 495 484 526 O abstine ergo prorogare longius
91 523 544 553 Dies mihi; abstine ergo. namq; vanitas
90 552 522 583 Dies mei. Quid est homo? quod istius
88 583 457 607 Eum æstimationis esse censeas?
89 611 529 638 Vt eius vItro curam habere ei in dies
89 644 473 673 Tua regendo corrigendo dextra
89 670 609 701 Vel ante lucem adesse; eum omnibus modis
90 702 487 733 Quotidie probare continentibus
89 732 475 762 Molestus, doloribus flagris velis?
91 760 558 792 Quousq; quæso. me Supreme Cœlitum
90 790 516 820 Ita heu seuerus aspicis? nec hoc ſinis
90 819 532 846 Leuaminis mihi esse, dum meo semel
90 852 500 880 Salinam ab ore glutiam? Scio mea,
90 879 613 911 Scio atque nosoo crimina: atq; me imparem
91 909 543 939 Scio esse iis. quid ergo agam tibi, o tuæ
89 939 527 970 Benigne Tutor & Parens propaginis?
90 966 651 1000 Quid est. quod hocce visum ita heu tibi? scopum
90 998 495 1028 Tui vsque me furoris èsse spiculis?
90 1026 582 1059 Vt esse me sit hoc mihi quod omnium est
83 1057 581 1082 Grauissimum; Imo cur meæ vltro noxiam
89 1086 519 1118 RebeIlionis, atq; crimina haud mihi
87 1116 500 1147 Remittis? & me iniquitate liberas?
658 1145 734 1170 In hoc
