888 1312
336 64 597 89 BERLICOMII
157 67 193 89 556
155 101 660 131 In hoc situ atque puluere heu miserrimum
155 132 621 162 Iacere quando cernis? aut quid o pater,
158 160 670 189 Quid ante mecum ab ipsa origine haud fuit
157 190 651 222 Ita actum, vt omnis impos essem originis?
257 237 654 265 Oda Regis Ezechiæ postquam reualuisset.
154 273 547 302 Quando antè vitæ continuo meæ
153 302 567 333 Rumpenda rebar fila, ita languidus
294 331 672 359 Egi ipse mecum: e heu tremendi
296 362 635 392 Limina nunc adeo Sepulcri.
154 390 557 420 Heu prorsus æui nunc reliquo mei
154 420 602 451 Me destitutum conspicor. haud magis
295 452 675 480 Frequentiæ applaudens celebri,
294 480 686 511 Templa Dei, Faciemque cernam.
154 509 624 540 Haud in caduco hoc corpore iam magis
155 537 519 568 Videbo cœtus (officiis iuuans)
292 569 658 599 Mortalium nostra hæc repente
294 599 696 627 Namque domus procul acta cessit.
153 625 545 656 Mea heu recessit longe habitatio:
155 655 489 685 Vagique sicut vile tugurium
294 685 592 718 Pastoris, huc illuc agentis
295 717 645 747 Sæpe greges, statio remota est.
154 744 518 777 Meæ ipse vitæ, stamina vti solet
152 774 498 798 Extrema textor, diſſecui dies:
295 805 622 833 Qui pauca ceu ramenta fili,
292 835 565 866 A reliqua cecidere tela.
152 861 579 891 Vnum hoc dici est(hæc animo miser
151 891 601 922 Volui) relictum mi spatium: hoc dabit
291 925 663 954 Cum nocte finem: nec sequenti
292 952 650 979 Phœbo, oculis dabitur fruisci,
152 978 514 1008 Sic lumen istis ille adimet Poli
150 1008 539 1035 Cui celsa lucent lumina: sic mihi
291 1041 630 1069 Vitam vna Solis lux ab ortu,
290 1072 636 1096 Sole iterum occiduo recidet.
149 1096 503 1129 Sic ille tectas, ceu leo ſæuiens,
708 1134 791 1153 Torret
