888 1312
252 71 541 99 PIA CARMINA.
707 82 745 104 557
87 100 505 138 Terret medullas ossaque, sic mihi
237 139 564 165 Vitam vna Solis lux ab ortu
238 169 583 196 Sole iterum occiduo recidet.
79 189 556 226 Hic sicut altum gras mare transuolans
94 228 510 258 Clangit; vel alis Bistonis obstrepit
235 257 602 283 Tecto insidens; ceu dura turtur
234 287 556 318 Fata gemit sociæ, querebar.
92 318 512 346 Iamq; aggrauatos sed vigiles nimis,
54 346 540 374 Ad Astra supplex fluxi: oculos tamen:
232 377 616 402 Dixi, o IEHOVA, morbus infert
233 406 595 436 Vim mihi tu rogo vim coërce.
93 435 534 464 Sed o stupendam queis ego Numinis
82 463 477 493 Benignitatem laudibus efferam?
233 496 565 525 Mox vt loquebar, nunctauit
235 525 568 555 Sic mihi, sicq; tulit salutem.
91 554 535 581 Læta ergo posthac tanto animi metu
90 584 497 615 Luctuq; liber tempora transigam:
231 615 546 638 Etiam tuorum Veritatem
233 644 607 674 Sancte Parens, operum fatebor.
89 672 536 704 Hinc vita cunctis hinc mihi contigit,
74 702 475 734 Quod iste surgit spiritus è malis:
232 733 508 756 Hinc sanitati restiturus
231 762 566 793 Hospes & incolumis vigebo.
89 791 603 822 Certe ægritudo hæc tam mihi quàm grauis,
91 821 469 848 Quando parata iam fruerer diu
232 852 606 882 Quiete! mœstam at tu dolorum
229 882 580 904 VIro animam e fouea eruisti.
90 908 537 936 Vnà & meorum, Rex bone, criminum
88 938 475 969 A te abdicasti colluuiem procul:
229 969 618 994 Vna eximens clementer omnem
228 1000 557 1030 Ex oculis, animoq; pœnam.
43 1018 528 1057 Haud namq; terra te tumuli in specu
88 1057 499 1084 Cantabit vllus: non dominans, tibi
220 1086 658 1119 Mors Psallet: haud te vllus Sepulchro
224 1116 571 1150 Polliciti memorem sonabit.
699 1152 732 1174 At
11 1161 45 1183 Torret
