888 1312
709 66 750 90 561
281 68 580 90 PIA CARMINA.
121 107 424 137 Loca enitescet Æquitas?
90 140 449 169 Ego licet relictus vnius tuum,
121 169 410 192 Iehoua. Numen inuoco:
90 196 505 223 Et exerentem Eoo ab orbe lumina
122 227 428 257 Vel anteuerto Cynthium.
91 255 573 288 Quid o Pater, quid abiicis miserrimum?
119 288 414 317 Tua anxio ora cur negas?
79 316 560 347 Inops miserrimusq; ego, atq; proximus
123 347 417 377 Neci, ipsa ab vsq origine
88 375 485 404 Metum tui furoris, & grauissimas
119 407 377 431 Tuli minas. & horrui.
79 435 511 468 Et illa nunc furoris heu tui agmina
121 468 423 497 Meum obruere verticem:
90 496 460 527 Tuusq: terror ille vinculis ligat
121 527 375 556 Vbiq; me sequacibus.
74 549 545 582 Et vno in æstuantis in modum impetu
119 584 462 616 Sali, vsq; & vsque me obsidet.
88 612 614 644 Mei interim propinqui ab hisce stant procul
118 645 368 676 Malis: iisq; quos mihi
88 672 544 701 Necessitudo iunxit antè, nunc quidem
117 704 399 736 Velut sepultus æstimor.
285 744 544 772 Psalmus Dauidis XCIII.
87 788 650 817 En Iehoua Regnat vnus ecce Regnat, Imperat,
89 815 647 849 Dignitate. Honore septus vndique, atq; Gloria:
89 845 590 879 Vtq; veste se Potentia atq; Robore induit.
80 874 591 909 Is Soli saliq; pondus Orbis ille machinam
88 904 667 935 Firmat, & sua ipse librat haud mouenda Dextera.
88 933 609 964 IIlius Throni obstupenda firmitas, originis
79 963 619 995 Nescia: is perennitate temporum perennior.
90 992 630 1026 Quidquid intonante voce flexuosa personent
87 1023 636 1055 FIumina impetu potente ; perſorantia aggeres:
90 1052 622 1085 Quidquid horrido fragore ſluctuosa mugiant
89 1082 617 1115 Æquora ipsa, vi furente adobruentia inſulas;
88 1111 608 1139 Vnus omnibus Iehoua fluctuum fragoribus,
656 1137 739 1160 Tlucti-
511 1145 553 1163 N n
176 1146 356 1166 ITus Pr. Is.
