<?xml version="1.0" encoding="utf-8"?>
<PcGts xmlns="http://schema.primaresearch.org/PAGE/gts/pagecontent/2017-07-15" xmlns:xsi="http://www.w3.org/2001/XMLSchema-instance" xsi:schemaLocation="http://schema.primaresearch.org/PAGE/gts/pagecontent/2017-07-15 http://schema.primaresearch.org/PAGE/gts/pagecontent/2017-07-15/pagecontent.xsd">
  <Metadata>
    <Creator>User123</Creator>
    <Created>2020-04-14T13:52:54</Created>
    <LastChange>2020-04-14T13:52:54</LastChange>
  </Metadata>
  <Page imageFilename="0618.png" imageHeight="1312" imageWidth="888">
    <TextRegion id="r0" type="paragraph">
      <Coords points="1,1 886,1 886,1310 1,1310"/>
      <TextLine id="r0_l001">
        <Coords points="1,1 1,26 89,26 89,1"/>
        <TextEquiv index="1">
          <Unicode>,</Unicode>
        </TextEquiv>
      </TextLine>
      <TextLine id="r0_l002">
        <Coords points="1,34 1,76 41,76 41,34"/>
        <TextEquiv index="1">
          <Unicode/>
        </TextEquiv>
      </TextLine>
      <TextLine id="r0_l003">
        <Coords points="264,72 264,98 542,98 542,72"/>
        <TextEquiv index="1">
          <Unicode>PIACARMINA</Unicode>
        </TextEquiv>
      </TextLine>
      <TextLine id="r0_l004">
        <Coords points="684,83 684,106 722,106 722,83"/>
        <TextEquiv index="1">
          <Unicode>55</Unicode>
        </TextEquiv>
      </TextLine>
      <TextLine id="r0_l005">
        <Coords points="99,108 99,136 323,136 323,108"/>
        <TextEquiv index="1">
          <Unicode>Rete libera euolat;</Unicode>
        </TextEquiv>
      </TextLine>
      <TextLine id="r0_l006">
        <Coords points="1,113 1,147 29,147 29,113"/>
        <TextEquiv index="1">
          <Unicode/>
        </TextEquiv>
      </TextLine>
      <TextLine id="r0_l007">
        <Coords points="63,172 69,167 348,171 348,143 172,139 54,139 50,145 26,146 19,150 1,150 1,176 51,176"/>
        <TextEquiv index="1">
          <Unicode>Caſſibus repente ruptis</Unicode>
        </TextEquiv>
      </TextLine>
      <TextLine id="r0_l008">
        <Coords points="334,172 292,172 256,170 97,170 97,198 334,199"/>
        <TextEquiv index="1">
          <Unicode>En repente ſoſpites.</Unicode>
        </TextEquiv>
      </TextLine>
      <TextLine id="r0_l009">
        <Coords points="486,199 382,198 377,201 371,202 186,199 67,199 67,226 132,228 486,228"/>
        <TextEquiv index="1">
          <Unicode>Atque id ipſum, id omne noſtri eſt</Unicode>
        </TextEquiv>
      </TextLine>
      <TextLine id="r0_l010">
        <Coords points="92,230 92,257 305,257 305,230"/>
        <TextEquiv index="1">
          <Unicode>Munus vnius Dei;</Unicode>
        </TextEquiv>
      </TextLine>
      <TextLine id="r0_l011">
        <Coords points="300,260 268,260 241,258 64,257 52,256 48,253 46,238 1,238 1,271 10,273 10,283 14,289 41,289 45,287 66,286 300,289"/>
        <TextEquiv index="1">
          <Unicode>Præidis Poli, Soliq;</Unicode>
        </TextEquiv>
      </TextLine>
      <TextLine id="r0_l012">
        <Coords points="332,289 320,289 316,291 255,289 94,289 94,312 332,312"/>
        <TextEquiv index="1">
          <Unicode>Conditoris Arbitri.</Unicode>
        </TextEquiv>
      </TextLine>
      <TextLine id="r0_l013">
        <Coords points="679,351 662,351 657,345 653,343 629,343 612,345 533,345 527,338 495,338 492,341 467,341 465,338 94,338 94,372 184,370 259,372 357,372 405,373 425,375 433,370 453,370 478,372 488,379 584,381 601,383 679,383"/>
        <TextEquiv index="1">
          <Unicode>Encomiumſtrcnuæ Mulieris ee Trurb. Solomon. Cap</Unicode>
        </TextEquiv>
      </TextLine>
      <TextLine id="r0_l014">
        <Coords points="362,374 362,395 443,395 443,374"/>
        <TextEquiv index="1">
          <Unicode>l.</Unicode>
        </TextEquiv>
      </TextLine>
      <TextLine id="r0_l015">
        <Coords points="685,419 585,417 552,414 461,411 36,411 36,449 39,449 47,443 59,442 216,440 394,443 444,446 488,446 568,449 685,449"/>
        <TextEquiv index="1">
          <Unicode>Dic miiMuſa virum, cui œmina ſtrennua, conſors</Unicode>
        </TextEquiv>
      </TextLine>
      <TextLine id="r0_l016">
        <Coords points="537,449 529,448 444,447 394,444 277,442 94,442 94,469 103,470 287,470 378,473 390,476 537,476"/>
        <TextEquiv index="1">
          <Unicode>Obtinget thalami, coniugiiq; comes?</Unicode>
        </TextEquiv>
      </TextLine>
      <TextLine id="r0_l017">
        <Coords points="658,477 583,475 579,477 395,478 378,474 352,474 329,472 38,472 38,508 43,507 47,503 55,500 127,501 206,499 304,500 343,503 536,507 548,509 658,509"/>
        <TextEquiv index="1">
          <Unicode>Felix ille:requidem Flammaus abq; igne Pyropus,</Unicode>
        </TextEquiv>
      </TextLine>
      <TextLine id="r0_l018">
        <Coords points="517,508 342,503 94,503 94,531 237,530 330,531 367,533 517,533"/>
        <TextEquiv index="1">
          <Unicode>Prima vel Eoas Margaris inter opes,</Unicode>
        </TextEquiv>
      </TextLine>
      <TextLine id="r0_l019">
        <Coords points="656,537 646,536 610,536 565,531 554,536 469,536 425,534 237,531 62,531 62,560 316,560 377,563 452,564 459,566 492,567 535,566 575,569 656,570"/>
        <TextEquiv index="1">
          <Unicode>Gemmiferaut quidqid pietioſi gignit Hydaſpes,</Unicode>
        </TextEquiv>
      </TextLine>
      <TextLine id="r0_l020">
        <Coords points="627,571 575,570 535,567 459,567 452,565 377,564 316,561 92,561 92,590 95,591 284,589 409,593 467,593 563,597 627,597"/>
        <TextEquiv index="1">
          <Unicode>Quidq uid &amp; aurifluis impiger ermus aquis,</Unicode>
        </TextEquiv>
      </TextLine>
      <TextLine id="r0_l021">
        <Coords points="548,597 373,592 50,592 47,595 40,595 40,622 65,620 113,621 180,619 326,619 347,621 395,622 548,622"/>
        <TextEquiv index="1">
          <Unicode>Egregiæ bona Matronæ, veroſq; probatæ</Unicode>
        </TextEquiv>
      </TextLine>
      <TextLine id="r0_l022">
        <Coords points="608,622 604,622 600,625 592,627 529,627 394,622 347,622 326,620 180,620 113,622 90,621 90,649 214,648 329,649 482,653 608,653"/>
        <TextEquiv index="1">
          <Unicode>Coniugis ornatus num pretio æquiparenti</Unicode>
        </TextEquiv>
      </TextLine>
      <TextLine id="r0_l023">
        <Coords points="563,657 554,656 502,655 481,653 373,652 329,650 38,649 38,681 49,678 280,678 389,681 563,681"/>
        <TextEquiv index="1">
          <Unicode>An non illa ſui cor mens animuſq ariti,</Unicode>
        </TextEquiv>
      </TextLine>
      <TextLine id="r0_l024">
        <Coords points="833,664 833,698 866,698 866,664"/>
        <TextEquiv index="1">
          <Unicode>I</Unicode>
        </TextEquiv>
      </TextLine>
      <TextLine id="r0_l025">
        <Coords points="547,684 503,685 430,682 327,681 280,679 90,679 90,708 311,708 395,711 547,711"/>
        <TextEquiv index="1">
          <Unicode>Credere cuituto ſeque ſuoſque poteſt?</Unicode>
        </TextEquiv>
      </TextLine>
      <TextLine id="r0_l026">
        <Coords points="678,714 663,713 590,711 582,714 566,715 475,714 340,710 62,710 62,739 93,737 153,737 407,740 490,743 678,743"/>
        <TextEquiv index="1">
          <Unicode>Qua duce, qua tutrice bonis domus omnis abundat,</Unicode>
        </TextEquiv>
      </TextLine>
      <TextLine id="r0_l027">
        <Coords points="533,744 277,739 91,739 91,766 96,767 240,767 365,770 533,770"/>
        <TextEquiv index="1">
          <Unicode>Victor vt eximiis miles ouans ſpoliis.</Unicode>
        </TextEquiv>
      </TextLine>
      <TextLine id="r0_l028">
        <Coords points="865,737 841,735 841,767 865,767"/>
        <TextEquiv index="1">
          <Unicode>I</Unicode>
        </TextEquiv>
      </TextLine>
      <TextLine id="r0_l029">
        <Coords points="620,769 578,769 570,773 547,774 240,768 60,768 60,800 72,798 143,796 347,798 449,801 620,801"/>
        <TextEquiv index="1">
          <Unicode>Quæ ſocio aſſiduè, fidoque iuuamine præſto eſt,</Unicode>
        </TextEquiv>
      </TextLine>
      <TextLine id="r0_l030">
        <Coords points="515,803 279,798 88,799 88,825 515,825"/>
        <TextEquiv index="1">
          <Unicode>Et niſi grata viro nil niſi amica ficit.</Unicode>
        </TextEquiv>
      </TextLine>
      <TextLine id="r0_l031">
        <Coords points="661,831 611,831 562,829 554,833 525,833 490,831 411,831 266,827 42,827 42,857 280,856 530,861 551,863 661,863"/>
        <TextEquiv index="1">
          <Unicode>Iam lanam tractans iam linum induſtria, quoduis.</Unicode>
        </TextEquiv>
      </TextLine>
      <TextLine id="r0_l032">
        <Coords points="540,863 530,862 280,857 42,858 42,882 47,884 97,886 254,885 421,889 540,889"/>
        <TextEquiv index="1">
          <Unicode>Sedulo multiplicis conficit artis opus.</Unicode>
        </TextEquiv>
      </TextLine>
      <TextLine id="r0_l033">
        <Coords points="663,890 585,889 577,892 515,892 330,887 59,887 59,914 94,913 127,915 143,914 242,916 663,916"/>
        <TextEquiv index="1">
          <Unicode>Non, quam longinquum miſit mercator ad orbem</Unicode>
        </TextEquiv>
      </TextLine>
      <TextLine id="r0_l034">
        <Coords points="568,923 560,922 470,919 331,917 44,917 42,919 42,940 48,943 58,944 568,945"/>
        <TextEquiv index="1">
          <Unicode>Tot remeans mres portat onuſta ratis:</Unicode>
        </TextEquiv>
      </TextLine>
      <TextLine id="r0_l035">
        <Coords points="670,949 657,948 613,948 608,951 602,952 548,952 521,950 420,949 283,945 24,945 24,978 69,978 76,975 193,973 310,974 437,978 670,978"/>
        <TextEquiv index="1">
          <Unicode>Quot totam ille bonis replet, ceu mercibus, ædem,</Unicode>
        </TextEquiv>
      </TextLine>
      <TextLine id="r0_l036">
        <Coords points="506,980 249,974 90,976 90,1001 114,1003 506,1003"/>
        <TextEquiv index="1">
          <Unicode>Et conquiſitis extero ab orbe cibis.</Unicode>
        </TextEquiv>
      </TextLine>
      <TextLine id="r0_l037">
        <Coords points="577,1006 560,1005 554,1005 550,1008 542,1010 522,1010 409,1008 298,1004 130,1005 99,1002 71,1002 62,1009 51,1009 47,1008 43,1002 9,1002 9,1032 11,1035 38,1035 43,1032 157,1034 292,1033 332,1035 577,1035"/>
        <TextEquiv index="1">
          <Unicode>IIIa laboriferum Phœbeæ Lampadis ortum</Unicode>
        </TextEquiv>
      </TextLine>
      <TextLine id="r0_l038">
        <Coords points="596,1041 546,1041 504,1038 437,1038 331,1035 88,1035 88,1062 275,1062 406,1066 596,1066"/>
        <TextEquiv index="1">
          <Unicode>Pr uenit atque toro membra refecta leuat:</Unicode>
        </TextEquiv>
      </TextLine>
      <TextLine id="r0_l039">
        <Coords points="534,1070 366,1065 60,1065 60,1091 222,1091 313,1094 534,1094"/>
        <TextEquiv index="1">
          <Unicode>Et vel mature domui dimeua procurat:</Unicode>
        </TextEquiv>
      </TextLine>
      <TextLine id="r0_l040">
        <Coords points="564,1100 555,1099 509,1099 483,1097 410,1097 388,1095 313,1095 222,1092 42,1092 42,1118 46,1119 76,1119 134,1122 216,1121 310,1122 343,1124 564,1124"/>
        <TextEquiv index="1">
          <Unicode>Munera vel famulis penſaque diſtribuit.</Unicode>
        </TextEquiv>
      </TextLine>
      <TextLine id="r0_l041">
        <Coords points="626,1126 611,1126 603,1130 554,1130 343,1125 310,1123 45,1122 45,1152 93,1152 98,1155 626,1155"/>
        <TextEquiv index="1">
          <Unicode>Vicinum illa ſuo prudens notat, atque notatum</Unicode>
        </TextEquiv>
      </TextLine>
      <TextLine id="r0_l042">
        <Coords points="17,1156 17,1184 47,1184 47,1156"/>
        <TextEquiv index="1">
          <Unicode/>
        </TextEquiv>
      </TextLine>
      <TextLine id="r0_l043">
        <Coords points="450,1159 450,1179 535,1179 535,1159"/>
        <TextEquiv index="1">
          <Unicode>Nn 2</Unicode>
        </TextEquiv>
      </TextLine>
      <TextLine id="r0_l044">
        <Coords points="639,1164 639,1191 711,1191 711,1164"/>
        <TextEquiv index="1">
          <Unicode>Com-</Unicode>
        </TextEquiv>
      </TextLine>
    </TextRegion>
  </Page>
</PcGts>
