888 1312
258 77 566 100 PIACABMINA.
709 82 744 104 56s
31 115 619 147 Fœmina porro cui louæ reuerentia cordi eſt,
118 148 642 178 Grande ſibi & ſolidum comparat ipſa decus.
88 178 608 206 Illa ſuæ prouentu operæ cum Iaude fruaturl
2 208 521 254 Publico & e factis clareat eulogiol
275 253 541 284 anaiu Regi deprecatio.
89 291 742 323 Ohominum ſuperûmque Sator, mundi author & altor,
28 323 591 352 O patrum ſupreme pater, fidentis Abrami,
27 350 548 381 Iſacique, ſacraque eius de ſtirpe ſacobi:
88 382 725 413 Atque horum generiſque Deus gentiſque redemptor.
89 413 638 440 Qui magni conuexa pol tumidoque natantes
29 440 610 470 quore ſtruxiſti terras, cademque ſtupendo
90 471 575 493 Ornatu. & rutilo decoraſti ſtructa nitore.
1 499 580 529 Qui certis refluas ſtrinxiſti finibus vndas.
88 529 633 559 Sic Verbo mandante tuo: qui pondere dextræ
87 559 631 588 Fluctiuago rapidam clauſiſti gurgite abyſſum,
88 588 587 617 Terribilique tuo obſignaſti nomine, cuius
88 618 587 648 Eximium quæuis mundo ſpirantia numen
86 648 742 677 Iure ſtupent: quem ſolum omnes trepidoque verentur
87 677 636 705 Pectore, & immenſa præ Maieſtate tremiſcunt.
90 707 657 737 Nam toto nihil orbe. tui eſt quod ferre decorem
86 737 544 766 Vultus aut iræ poſſit tolerare furorem,
91 767 639 796 Quo ſonti pœ nas merito, exitiumque minaris:
1 797 581 826 At contra tua principii, tua limitis expers
88 825 712 855 Eſt bonitas, ſuperatque hominum, clementia ſenſus.
90 855 672 884 Tu ſplendore thronos ſolioque altiſſimus omnes
89 885 649 913 Illuſtras: tibi ſolus honos ſeu dura benignus
88 913 689 944 Damna leuas longoſque trahis pecantibus annos:
90 945 604 973 Seu peccata in te placidus peccata remittis.
90 973 660 1003 Non te iuſta licet, populo quæ illata merenti eſt,
90 1003 655 1033 Pœna iuuat. tu namque Deus, qui fœdere certo,
93 1033 620 1063 Conſuetoque tibi permotus amore fideque,
93 1063 640 1093 Quaque volens ipſum te manſuetudine vincis,
92 1092 641 1125 Promiſiſti, anmo quod commiſerante dolebis
93 1122 627 1152 Peccantum erratis: quod & ipſos calle ſciutis
634 1155 747 1179 Reſtitues
440 1155 519 1182 Nn;
