888 1312
366 60 628 85 BERLICOMII
177 64 218 84 572
179 96 810 139 Haud rigidos flectens noſtra ad merita improba vultu
210 126 662 158 Sed Chriſti placidos ad merita illa tui,
180 156 674 187 Quem defenorem das nobis ipſe, perenni
827 156 885 187 p
209 185 644 215 Cuius noſtra agitur cauſa patrocinio
829 189 885 219 e
179 213 766 248 Præſidium ſpernens hominum, tua numina clamo
206 244 603 270 Vnius hæc votis auſus adire meis.
830 246 885 277 a
177 273 670 306 Vnius inique tua ſpes eſt bonitate repoſta,
831 277 885 306 n
207 302 676 335 Vota tib vt faciam; tu tibi facta ꝑrobes.
176 332 746 368 Principio, tot quando animo benefacta reuolno,
205 362 664 393 Munifica cunctis ſponte tributa manu,
831 367 882 393 qs
177 391 795 426 Queis hominum ornaſti gentem; me agnoſco ſeorſim
204 421 652 453 Dignatum tantis tam variiſque bonis:
178 450 749 481 Quod nec lingua potis fando e numerare, nec vlla
207 480 784 517 Quod capere illa vnquam mens meditando queat.
177 510 673 541 Præcipue placitum tibi, me myſteria verbi
206 540 594 567 Atque Euangelii ſacra docere tui.
175 569 779 604 Diraque quum Stygii premerentme vincla Tyranni,
857 578 886 595 e
206 598 605 625 Mi tua vindicias reddere cura fuit.
848 600 886 632 C
1 606 80 652 i
177 627 738 663 Quumque ſuperſtitio miſerum, rebuſque creatis
204 658 648 693 Fœdaret turpi fraude tributus honos.
849 664 886 690 I
175 687 714 719 Me denſis placuit merſum e xtraxiſſe tenebris,
204 716 539 744 Et ſupera veri luce beare tui.
852 718 885 742 uſ
173 747 747 782 Attamen ingratus nimium oblituſque bonorum
205 778 682 807 Tot tua quæ indigno contulerat bonitas:
852 780 886 801 M
172 804 697 840 Deflexi, male quo raperet me fœda voluptas,
203 834 671 871 Iuſſa ſequens carnis conſiliumque meæ.
171 865 756 895 Haud vnquam curæ tua lex mihi; fœdera, verbum
201 895 735 926 Nullo. vnquam in pretio, nullo in amore mihi.
856 899 885 918 Ius
171 924 723 958 Haud tua maieſtas. magnæque potentia dextræ.
201 954 696 983 Haud tuus ille mihi concelebratus honos.
856 958 885 977 he
171 983 672 1019 Et tua me quoties errantem cura, fideſque,
200 1012 635 1048 Ille tuos quoties me reuocauit amor;
170 1041 706 1076 Mens fidam toties contempſit perfida curam,
200 1071 680 1107 Reſpuit inſtinctus mentis opemque tuæ.
858 1074 886 1095 l
169 1101 803 1137 Ergo nimis mea culpa grauis, nimis ergo pudendis
760 1137 811 1160 ufla
