888 1312
244 69 549 91 PIACARMINA.
701 73 739 93 573
1 100 637 143 Iuſſa tua heu, noxis me temeraſſe palam eſt.
46 136 573 173 Ergo ignominia dignus, turpique pudore.
111 165 546 196 Ergo graui nemo dignior opprobrio.
45 196 612 226 Iamque tuæ, fateor, legis iuſta illa merentem
113 226 542 254 Me cenſura reum ſittit agit, peragit.
1 253 650 301 Et ſcio quando meis tibi rerum maxime cenſor,
113 284 579 314 Pro meritis. pœnas exigere eſt animus:
1 312 683 345 Nil mihi quam mortem, & mortis reſtare furorem,
112 344 563 373 Et veniæ miſero nil reliquum eſſe ſpei.
32 374 658 411 Namque ego ſi citam coner depellere culpam
112 404 626 435 Me mente heu propria iudice, culpa gruat.
36 427 714 464 Teſteſque innumeri mea & aſtant crimina & inſtant,
117 463 592 494 Me necis vt damnent, obiicianrque neci.
1 491 697 528 Reſque fidem ipſafacit iuſta hæc punitio monſtrat,
116 523 618 554 Quæque mihi merito pœna ferenda venit
88 551 651 584 Quod tua nunc rapidis excandeſcentia flammis
115 582 570 611 Iure accenſa meum flagret in exitium.
33 607 628 643 Quæ iquidem tua iuſtitia eſt. te iudice pœnas
117 641 533 666 Cauſa niſi ſubſit debita, nemo ſubit
31 668 548 702 Ergo manu cæſus iuſta. tentata fatebor
117 701 519 731 Quod tua ſit noxis ſæpius ira meis
1 712 712 754 Nuuc ſed & iaſtantem video, Rex maxime, dextram,
115 759 548 790 Vt duplices cæſo vulnera plura mihi.
1 779 635 818 Nam tuus horrifico gladius ſplendore refulget
117 818 583 849 lmproba quo pœnis plectere facta ſoles.
1 848 609 886 Omniaque iniuſtis iuſtas minitantia clades,
119 877 691 909 Quam nuac ſint humeris cerno propinqua meis.
28 905 639 937 Porro licet prpis tua me indignatio ſtringat;
115 939 513 968 Vindictæque magis fæuiat ira tuæ:
2 962 644 991 Et mea uineribus commutes vulnera centum,
117 996 637 1028 Damnaque des damnis accumulanda nouis:
1 1024 687 1057 Vel quibus iſacidum excipiebas crimina quondam
117 1055 615 1083 Gentis in hoc vertas cuncta flagella caput
1 1085 633 1114 Iure ml hc fieri agnoſcam nec plura negare
114 1114 650 1146 Haud me commeritum qui queat, nullus erit.
702 1145 738 1166 At
