888 1312
282 59 584 86 PIA CARMINA
699 63 739 85 577
77 96 583 128 Quam nimio lucri ſtudio correptus, auare
101 127 570 159 Quæ facili pereunt tempore ſecter opes
82 158 627 185 Sique meum fauſto libitum tibi fine laborem,
113 188 585 219 Atque opere potato forte beare operam:
1 210 49 241 l
82 216 677 248 Sic animum compone meum. vt quos durior æqu
1 242 50 269 u
114 247 648 277 Sors premit, ipſe mea ſorte opibuſque iuuem.
82 277 742 308 Nec tamen anre alios quos non tam larga bearunt
115 308 635 337 Munera. me primum præpoſitumque velim.
86 335 671 366 Si quoque me grauius forſan premat acris egeſtas,
110 365 662 396 Quam miſeræ ad genium Carnis & ingenium:
1 368 46 396 iu
84 396 651 425 Me tanto dignare bono. Pater optime vt iſthæc
112 424 631 455 Altè animo infideat fitma manenſque fides:
88 454 624 483 Quod tibi me carum patriæ ipſe tnebare cuia,
119 484 573 512 Suppeditans vitæ iuſta alimenta meæ.
87 513 583 544 Ne male ſollicitet me diffidentia; neu qui
114 543 540 572 Lagitor vitæ es, te dubitem eſſe cibi:
89 572 653 602 Quin magis aſpirem melius patienter ad æuum,
1 575 44 606 u
115 602 589 632 Dum ſatur æternis explear vſque bonis.
88 632 596 659 Vt tua perpetuis celebrandi Numina ſæclis
118 661 543 691 St ſeges vberior materieſque mihii.
88 691 573 714 Et curis mihi iam vacuo anxietate ſoluto
120 720 558 750 Vera tuo conſtet ſolo in amore quies.
89 750 621 779 Interea exaudi miſeros. Deus optime. Chriſti
1 779 562 821 f Noſtra probante tibi vota Patrocinio.
192 825 640 860 Treces vſpertna antequam ad quictem os
363 862 465 890 ecipimus.
93 902 647 930 Oſol nocte micans, ſplendor Mortalibus, & Lux
124 932 615 962 Lumine inacce ſſi Iumen honos iperis:
96 961 579 991 Qui peccati abigis noctem caligine ſoluis
122 991 587 1018 Pecora; luce animos imbuis &ſaturas:
95 1020 665 1050 Præſcript quouiam viſum tibi t mporenoctem
125 1050 592 1079 Feſſa per alternas membra lenuare vices:
97 1079 570 1110 Vt pulſis iterum remeanti ſole tenebris,
126 1109 550 1136 Nos ſolita officii luce monere diem:
564 1135 755 1165 Oo Hac
350 1141 520 1170 Tomus primus
