888 1312
210 51 592 82 BLIENBVRGII.
685 61 734 79 6o
63 99 613 135 Spemque corque animumque ſpiritumque.
79 131 516 163 Nulla ah cura tibi eſt mei O mearum
79 162 476 189 Curarum vnica cura ? te iuatque
79 191 434 217 Diſſolui in latices amariores?
82 219 502 251 Quam vellem mea lux poteſſe abire
80 252 488 277 Modo in muc ciniumue lintemue
80 281 465 311 Quo frices madidoa tuos ocellos,
75 311 417 340 Aftro Luciferi paresrocellos.
290 352 508 382 Adiſtum Lipſium.
79 394 592 427 Lipſi noſter amor Bataui tener orbis ocelle.
113 422 663 454 Et Suadæ & Charitum cor, anime atq; anima,
86 455 673 487 Quem iuuat aut docto Criticos diſtringere morſu
117 485 601 516 Et nunc ntiquas, nunc dare Epiſtolicas.
88 517 577 545 Aut Gladiatorem priſca traducere arena,
117 544 640 574 Ponerenunc noſtris Amphytheatra locis.
86 573 675 607 Et quæcunq, ſitus, quæcunque annoſa vetuſtas
116 606 558 631 Prae ſſerat, in clarâ luce videnda locas.
87 633 607 665 Aut Dium profers adytis Mortalibus ægris
94 663 645 696 Quæ res tranquillam mentem animi fa ciant.
88 695 721 725 Quid deceas fortemque virum, quid tempore vtroque
118 725 645 751 Præſtandum, ne Fors ſcæua nccere queat.
89 748 643 786 Quid donet Sapientia, quid Conſtantia. cœcos
117 780 724 815 antum hinc fortuna, hinc fatum homines agiet.
88 811 680 843 Fœlix Lipſi animo rœlix triſtem ante fauillam in-
63 841 565 871 ſiſtere iter cœli cui potuiſſe datum eſt.
88 870 647 904 Ipſi quemaduorus metuunt ſe opponere Diui,
118 902 525 931 O Mortis Martiſque altior inuidia.
90 928 652 960 Omnia contra dioſa mihi atq; ingrata dolenti
120 960 574 994 Deiecta eque ſuo noſtra Iuuenta gradu.
91 987 700 1022 Longè ſunt Muſæ daps optima quæ ingeniorum eſt,
118 1021 519 1053 Exulat ipſe ſuis ſpiritus à numeris.
89 1048 618 1079 Vidiſtin tumidi qui naufragus æquoris vndis
116 1079 541 1109 Pæne Caledoniis piſcibus eſca fuit?
84 1107 628 1138 Ille ſaloluctantem animam poſuiſſe putans ſe
669 1135 744 1160 Ludi-
496 1141 572 1168 Pp
