888 1312
196 53 543 81 BLIENBVR
672 55 712 87 6o
87 98 318 129 Negotioſo in otio?
62 127 519 157 lanliiq; Muſas prouocans accentibus
90 158 398 186 Homenta amæ entilem?
24 186 506 223 Aur in Rofalbæ languidus iacens ſinu
35 219 344 248 Amoris au a nuriat i
24 244 543 279 Ocloſq; ad huius paſtum agens ocellulos
94 278 380 300 Venena dulcia hauriam?
26 303 542 338 Ab Hyellulæ aut ceruice dependens meæ
25 337 351 367 Et ora prelſans oribus
25 365 537 396 Partem hincce qnintam nectaris Dionei
1 395 450 428 i Florem inde ſpiritus t aham?
68 426 497 457 Curiſq; curas hiſce blandulis necem,
97 457 438 487 Mihiq; meme vindicem.
74 483 539 516 Vix dum Parentem luce caſſum amabili
98 520 427 547 Fleres iporens oceepecam:
71 543 531 575 Rei heu ſequutum funus ecce publicæ
98 576 413 605 Leſſ parentanum nouo.
51 602 572 637 Et vero quis Thrax ille qui tam barbatum
70 635 414 666 Nun horreat ſpectaculum?
72 661 558 696 Qui damna priua & publia iſto in funere
103 695 466 723 Noa funus ipſe, laerymet?
70 721 590 755 Ah patria egum ah Principumq; ludicrum
97 754 416 776 PIia. imo fotunæ ac iocusl
72 779 505 817 Qam te cauauer flebile intuor miſer
103 811 427 840 Vi ipſe oclis ctedens meis
72 838 565 871 Heu patia quo ardr Martis ille priſtinus
68 872 352 900 Quo decidere glor æ?
35 896 535 930 Quis turo? cuios Numinis læſi furor
102 930 421 959 Quæ tetra mutat a.ieram?
25 957 551 989 Iniqua Eors quos otil ludo facisi
103 987 507 1018 Heul quam leuem in fraum cito,
26 1017 564 1047 Tantas reſoluere aſapes: ii poprium
74 1047 434 1077 Su cælo homnlluii datum
2 1069 495 1105 Alfata veſtræ non a proteruiæ
48 1107 375 1141 Litatum & itacu:iæ?
688 1131 761 1158 Prs
1 1153 57 1189 l
