888 1312
233 55 539 83 BLIENBVRGII.
683 52 728 76 0s
70 99 448 130 Aut iuuant Heliconides puelæ.
69 128 435 158 Curis veſcimur vnicis miſeili
836 128 886 166 I
68 156 480 190 Nec crudo reliqua vlla ſpes dolori
67 187 502 223 Impet raſſere terminum modumve,
834 202 885 222 r
69 218 549 255 Quando quæ patimur modum exierunt.
217 259 568 287 Ad lacobum Manmacerum .
70 297 556 337 Etſi perpetuo deducens pectora planctu.
100 327 572 363 Immerſuſq; meis funditus in lachrymis
72 358 590 393 Seuocor à doctis mi Manmalcere Camœnis,
98 387 520 426 Apuero quarumdeditus in ſtudijs;
71 415 653 452 ec mihi fas ſolitos furere eſt velut ante furores
92 448 524 479 Nec veteres animo conciliare Deas.
77 475 583 510 Sic mihi Mens torpet varijs exer cita curis
843 506 884 524 a
106 504 609 545 Seque ipſam in in medio quæritat vſq; ſuil
76 534 616 575 Namq; meus nuper Genitor proh triſtia fata i
107 564 580 597 Occidit ah miſero erepte mihi Genitor.
30 593 605 639 Hunccine crudelem merui ſperare dolorem?
108 623 613 657 Hæc ne animo fuerat Fors metuenda meo?
78 650 716 688 Cum ad noua nos cognata nouis deſponſa Hymenæis
110 683 565 720 GCaudia & ad Genij munera pelliceret?
80 713 508 751 Crudeles ſuperi ſic lætis triſtia rebus
110 742 534 780 Mellineaſq; mero vertitis elleboro.
78 770 587 813 Ergo igitur dulcedo meæ eſt denata ſalutis,
111 799 618 842 Nec ſupereſt reliquum præter inane queri?
81 829 621 870 At certè quoniam ſic ſors tulit, vt mihi Parcæ
112 858 590 894 Præuortiſſe tuum non dederint obitum:
87 887 610 932 Quod licet aſſiduis funus funeſtus ad ipſum
115 918 558 961 Ipſe parentabo luctibus & lachrymis.
32 946 610 988 Ter ſalue æternumq; vale Genitor defuncte
119 977 542 1018 Sitq; ſit oſancto terra leuis Cineri.
33 1003 644 1053 Sed tamen in tanto mœrorum turbine, ocelle
120 1038 514 1076 Aut ſiquid caris carius eſt oculis,
90 1069 571 1102 Hæc Iacobe tibi marcentis pignora venæ
122 1096 539 1131 Deduco atratis carmina verſiculis.
698 1125 752 1153 Quæ
511 1127 552 1153 Qq
154 1136 310 1160 Tomus Pimus.
