888 1312
296 67 554 91 BLIEBVRGII.
716 70 756 90 621
248 104 591 129 Creditur intonuiſſe ab arce:
107 134 542 166 Tu Douſa viuesmacte tuo Arbitro.
108 164 521 196 Viueſq; Douſa mactetuo Arbiter:
251 194 696 224 Nec iuris in vos quidquam habebunt
246 224 521 253 Funeris imperioſa fata.
251 273 599 295 In Aduentum Gislini in Bataus.
113 310 524 340 Gaudete & Veneres Cupidineſque,
111 340 544 368 Gaudete O meæ Hyanthides ſorores.
110 370 458 399 Victor pullulus ille veſter ilie
109 399 629 429 Victor quantum hominum eſt venuſtiorum
109 429 565 459 Tandem adeſt toties mihi atque vobis
110 459 477 489 Tota mente. animoq; ſpirituq;
111 488 511 518 Diu optatus adeſt data & poteſtas
110 518 481 546 Inutſos mihi nunc videre viſus,
109 548 453 578 Alternaque frui allocutione,
112 577 518 607 Bibenti attonitis amorem ocellis,
111 607 421 636 Qui virtute ſua, ſuo lepore
109 635 509 667 Cepit ſic animum, ſine illo acerba
110 666 526 694 vita vt ſit mihi tranſigenda ſorte.
1 685 579 725 Nam quem non trahat ille, qui vel ipſos
108 725 507 754 Cogat vt ſilices ſe ament viciſſim?
108 754 522 783 Nec Phœbus pater Aeſculapiuſque
112 784 600 813 Pol dignum mage quempiam æſtimarunt
109 813 564 842 Cui lyram & Panacem darent benigni
111 841 706 871 Queis labentem animam, modo hanc. modo illam
110 872 599 902 Scripta & tot veterum profundo ab Orcs
109 903 470 932 Ad cœli placidas reducat oras.
140 931 521 956 At tibi bene ſit mi ocelle Doûſa,
109 960 490 991 Acceptum cui me referre pareſt
110 991 541 1021 Talem tamq; pereruditum amorem.
109 1020 463 1048 O factum bene, dapes beatæl
111 1051 432 1080 O rorantia procula, u Lyæel
110 1078 521 1109 Qui Sancus r idius tuo liquore hæc
109 1109 492 1138 Nobis fœdera ſanciiſti vtriſque
683 1139 758 1165 etra
