888 1312
212 62 549 93 ENBVII.
698 76 739 99 637
848 81 885 101 E
834 91 885 117 i
108 111 483 142 Duxit ad optatos liutea paſi
834 117 885 145 I
475 143 569 167 dis,
2 203 617 236 In Syrtes ferimurque ac nauiſtagos uripos,
109 233 661 263 Atque alium ex alio impingi.s in ſcopulum.
32 263 721 291 Me ferus ille ferit Diumue hominumque ty annus
114 293 581 322 Semper, & exitio gaudet ouatque meo.
848 324 885 338 I
84 322 674 353 Nec quid agam video, tantum loca ſola pererrans,
113 352 570 382 uo mage me fugio, me inus effugio.
84 382 638 413 Nec poſſum, ne c poſſe vo uga demere collo,
834 405 878 426 I
108 412 582 443 Vſque ego ſum rapidorata rapina mihi.
28 441 662 472 Ah quoties maculas mœ u. abergere ſeruo,
113 472 608 503 Phœbe tuis numeris munere acche tuo?
27 501 646 530 Et dominum indomitum de pectore deturbare,
114 532 554 561 Atque ſuæ menti conciliare animam.
85 561 638 591 Sed fruſtra: totoſque furor mihi gliſcit in artus,
114 590 623 619 t nocet heu medicas applicuiſſe manus.
85 621 581 652 Quin ratio rationis eget, ſine robore vires,
115 650 581 680 Vulnus & ipſius vulneris antidotum eſt.
85 677 694 711 Me glacies me flamma ſimul, me ſpeſque metuſque
115 709 596 738 Tranſuorſum alternis abripiunt vicibus.
84 736 679 769 Pacem oro bellumque peto, mihi dulce moriri eſt,
115 770 592 798 Dum viuo, dulce eſt viue re, dum morior.
84 796 671 828 Corporis nbra mei ſum corpus & ipſis vmbræ,
116 828 616 858 Quodquie mei ſupereſt id minus eſtnhilo.
85 857 647 887 Nunc ego Pegaſeis liquido feror æthere pennis,
116 886 662 916 Nuic præ c eps imum deprimor in barathrum.
85 916 631 948 Nam quoties mea lux radiantia lumina flectit,
115 947 563 976 Contigique ſuo ſydere me patitur,
84 975 672 1006 Tunc ego Pnœbe tuos contenere glorior ignes,
116 1005 603 1037 Pace tta his ninor eſt lux ta luminibus.
84 1036 607 1068 Tu licet tegas roſeosithonia vultus,
115 1064 563 1095 Hoc rediuita uni ſurgit ab orbe dies.
85 1095 554 1119 Aſt vbi luciferos alio conuertit ocellos,
110 1124 581 1157 Illuſtret medium Sol licet vſque diem,
613 1152 738 1184 Vndique
