888 1312
233 61 536 89 BLIENBVRGII.
688 63 728 85 39
90 98 504 128 Delitiis poſfunt omnibus affluere.
2 127 624 160 Atque hæc uon patior,quod atroci percitus ira
2 159 586 190 Protulerim in magnos impia verba Deos,
66 189 611 218 Turpiter aut ſacram violarim Cypridis ædem,
92 218 557 248 Vulgarim aut Diuæ ſacra ſilenda Bonæ:
1 248 641 278 l Aut germane tuo macularim ſanguine dextram,
92 279 557 308 Aut patris e ſanctis diruerim oſſa locis:
34 308 539 338 Aut diro trucibus auro corruptus Iberis
94 339 572 368 Vendiderim patriam proditione meam:
1 357 591 392 Tale nihil feci: ſceleris nec conſcia mens et
95 399 462 428 VIlius, at vita puriter acta mihi.
64 428 536 459 Illa tuæ tantum cuſtodia liuida flammæ
96 459 509 488 Nigra anus annoſis durior ilicibus,
10 487 656 520 Lux mca nos ſimul obſeruat, prohibetque vel vne
100 518 510 548 Cedere te lateri longius vngue ſuo.
12 548 591 579 Illa tua inſequitur veſtigia mente oculiſque,
12 574 506 608 Illa tuos paſſus anxia connumerat.
2 602 519 637 Non ſic tutator vigilabat velleris aurei
96 637 504 668 Inconſopitâ nocte dieque acie.
4 667 549 697 Non ſic centenis cuſtos Iunonius hirquis
93 697 507 724 In paſtus inhiat Io miſeranda tuos.
65 726 611 755 Non ſic Heſperidum flauis rutilantia in hortis
93 756 522 785 Peruigil obſeruat aurea mala D raco.
2 780 527 817 Illa tibi, ſi tantillum mea vita moraris,
1 814 601 843 Neſcio quid tacito murmurat ore minax:
63 845 625 874 Nam memini, quæ tu nuper non iurgia paſſa es,
94 873 587 903 Serius ah ſolito quum thalamum peteres.
64 903 558 926 Credebam infernis tunc ſedibus exiluiſſe
92 933 603 963 Cum Elutone inſana agmina Erynniadum,
60 964 599 992 Inque tuum paritr caput omnes coniuraſſe,
92 993 493 1021 Aptantes ſæuas in tua fata manus.
61 1022 597 1052 Fallor? an ipe pater ſummis Saturnius aſtris
93 1052 559 1074 Titanum metuit urus adeſſe manum?
55 1081 551 1110 Munibatque poli triplici pomœria vallo,
91 1110 583 1142 Sollicito recolens priſtina damna animo.
659 1148 731 1175 e
