888 1312
218 64 521 88 BLIENBVRGII.
665 73 707 95 64r
1 96 552 138 Peccandi, in vetitas æger anhelat aquas.
2 136 513 164 Deſine ſi ſapias vitia irritando docebis,
1 167 495 196 Fiet & admonitis nequior illa tuis.
52 196 611 228 Quin illi indulge potius; Dominamq; benigna
3 226 640 253 Redde mihi: & Dominæ, me mihi, redde mea.
15 254 581 284 Et facilis perferre boni bona comoda amoris
29 285 636 316 Diſce, quod haud placuit, diſplicuiſſe negans.
2 312 518 345 Sic tua perpetuo lætetur flore Senecta,
80 344 494 373 Nec tibi ſit cano ruga grauis capiti.
232 387 514 415 Ad eundem, Elegia I
29 421 561 459 Sicne tuus diſceſſit amor, ſalſaſq; per vndas
29 457 503 487 Iuit ad extremæ littora lalachriæ?
2 480 546 518 Ahvtinam curæ pariter, triſteſq; labores
30 516 549 546 Iſſent extremæ ad litrora lVallachriæ:
1 536 572 575 Tantorum non mœrorum exagitata lacobe
82 575 560 597 Nunc foret inſanis mens tua vorticibus.
1 602 562 634 Non tam crudeles ſentires pectore morſus,
85 634 560 664 Aſſiduam vt Ttius viſcere paſcit auem.
1 662 660 692 Hæc equidem eſſe oli credebam inſomnia vatum
83 693 527 719 Dicebam hæc vetulis fabula Ianificis;
58 723 585 751 Terrificent pueros fictæ vt formidine pœnæ,
1 752 548 782 Vt facile ad virtutem ingenium faciant.
53 782 615 810 Nunc nimis experior vera hæc inſomnia vatum,
83 810 534 832 Et miſerèaſſiduâ tundimur à volucre.
1 840 598 870 Non quod ego Latona tuum violare pudorem
82 869 519 898 Tentarim, ah potius ſit perijſſe mihi.
1 898 587 927 Et mea vita proba eſt, nec me peruerſa libido
86 928 561 956 Tangit, vt alterius ſacra thori maculem.
1 956 587 986 Sed caſtus ſanctuſq; ignis mea corda perurit,
88 987 507 1016 Quoq; etiam tangi te Iacobe puto.
33 1016 511 1046 Te ſcio mi frater alio non ſydere tangi,
33 1046 567 1071 Neuè ardere alijs mentem animifacibus.
60 1075 552 1099 Nam tuus ille dolor vitio ſublimior omni
34 1105 522 1139 Non patitur fœdis ingemuiſſe malis.
478 1133 512 1157 s
633 1137 716 1167 Turpis
121 1136 274 1156 Tomus Primus.
1 1157 37 1191 uu
