888 1312
250 73 551 98 BLIENBVRGII.
691 74 730 95 645
1 108 568 148 Quæ non lachrymulis facta litura tuis?
40 145 615 174 Nunc animos ſenſuſq; meos deperditus opto
3 169 572 204 Stare ſuper vaſto truncus iners ſcopulo.
76 203 667 233 Nunc vellem pulchram ſuper alta ſtrage iacentum
104 232 617 265 Pro aris atq; focis mortem obijſſe meis.
1 262 622 306 Non ego tam ſæuos ſentirem corde dolores
105 292 574 319 Lux mea: nec tanta triſtitia obruerer.
40 320 588 353 Si ccine perpetuis ſedet indulgere querelis
3 346 586 382 iEt miſerè e lachrymis diffluere vſq; tuis?
78 380 639 412 Tenè vti ego viuam valeamque, inuiſere Manes
106 409 580 440 Velle, ais, æternis cinta caput tenebris?
72 435 636 473 Te ſine ego viuam? mea lux, ſic viuere mors eſt.
2 464 610 502 x Qi ſine, vita, mea viuere poſum anima?
31 494 647 531 Tumea ſola anima es tu ſpiritus, in te ego ſpito.
107 527 550 558 Te mihi ſi demas quid niſi funus ego?
81 552 651 591 Quid niſi funus ego? tecum nigra Partara viſam
105 585 588 619 Regnaq; prohl nullis peruia luminibus.
77 614 571 643 Inferni tecum ad metuenda palatia Regis
1 645 527 676 Lurida fatali per freta puppe vehar.
78 670 653 708 Atq; illic pariter hadamanthi ad triſte trbunal
1 704 568 735 Ibimus, & pro te cauſam ego ſuſcipiam.
76 733 587 766 Mulceboq; feram truculenti ludicis iram,
105 760 652 795 Plebemque atq; patres in mea vota traham.
76 784 728 823 Tunc circum applaudet vitulans genus omne anmar,
107 820 583 851 Ambiet & noſtrum quiſq; patrocinium.
79 846 700 883 Quin potius, dum fata ſinunt, hilarem indue vultum
110 879 562 907 F.t mecumitæ munera carpe breuis.
30 905 644 943 Atqanimum obfirma mea lux, nec ſit tibi tanti
110 937 571 968 Aſliduo in luctu degere & in lachrymis.
31 967 684 994 Heunimium ad triſtem facilis via ducit Auernum,
111 996 570 1027 Dificile eſt refugos inde referre pedes
80 1023 621 1058 Iam tibi, iamq; adero Lephyris velocior ipſis,
112 1056 546 1088 Aëreas carpam iam duce Amore vias.
31 1083 634 1119 Iam nouus apto humeris ceratas Dædalus alas,
113 1112 634 1147 Vel mihi forma Aquilæ, vel mihi Oloris erit
705 1140 738 1160 Ea
507 1143 561 1168 Sſa
