888 1312
365 64 584 87 ADRIANI
147 78 195 101 64s
151 102 638 139 En iam ſumma peto pernici nubila niſu,
1 110 47 144 l
843 132 886 157 e
181 133 598 167 En iam pennato remigio aſtra tero.
854 157 885 182 u
150 162 724 201 O quæ læta manent mea lu nos gaudia, quæ tum
179 191 592 224 Delitiæ noſtros exſaturent oculos?
150 220 724 259 Quæ Veneres, Chariteſq; ſimul tunc exanimatis
182 250 671 281 Suffi cient cupidis digna alime nta animis?
151 278 713 319 Quas non blanditias, quæ non iam baſia mente
184 307 595 343 Præcipio varijs continuata modis?
153 337 681 371 Tunc iuuet alloquijs ſolari incendia mentis,
184 368 657 398 Mutuam & ex ipſo vulnere opem petere.
154 395 658 430 unc iuuet exhauſtos vnà narrare labores,
184 424 661 456 Et cultam vnanimi ſemper amore fidem.
155 454 663 493 Et quoties cyathus noſtros teſtatus amores
187 483 636 515 Detexit numero nomina noſtra pari:
151 512 674 551 Et quoties longas querula in ſuſpiria noctes
187 542 674 572 Traximus, heu vanis penduli imaginibus.
153 571 646 607 Tunc ſimul & ſalij rixas ridebimus hirci,
186 601 594 639 Atq; erit e noſtris fabula nequitijs.
1 611 47 638 t
418 656 546 677 Ad eandem.
148 692 672 729 Da mihi baſiolum. mea lux, vt viuere poſſim
188 724 604 753 Nam ſine baſiolis, vita tuis morior
111 752 691 790 Quid precor ? ah anima ſeſe in tua labra eiecit
860 775 886 794 u
188 782 685 813 Hoc vacuum linquens pectoris hoſpitium.
150 813 885 856 Redde mihi, mihi redde meam, mea vita, animam oro Qu
183 842 604 876 Ocyus, aut redeat tecta ſui Domini.
1 847 27 871 u
151 872 606 904 Ebria ſi renuat cœleſti Nectaris vnda,
185 896 721 929 Ne interea inteream, cor mihi mitte tuum.
148 993 606 1025 Diſcedo mea vita, vale, mea vita valere
184 1023 616 1051 Si miſerum cupias me, mea vita vale.
151 1051 744 1081 Vita vale ah? gemitus tandem lachrymaſq; coërce,
184 1082 661 1112 Quid iuuat heu roſeis immaduiſſe genis?
144 1112 642 1146 Eſt meus ille tuis imber qui ſtillat ocellis
701 1137 802 1168 Sanguis,
