888 1312
222 52 526 72 PANE .SI.
673 58 719 80 65.
59 90 588 120 urſus, & attrito splendeſcere clarior hoſte,
61 120 555 150 Obuia cecu pelago rupes, nec nobilis vllis
60 150 602 179 Fluctibus, Noliis cum proruit Arricus antris,
43 180 617 212 quoreis tentatur aquis, tegit urque , ſed vltro
60 210 584 239 Vnda repercuſſo ſpumis fremit irrita ponto.
59 240 568 270 Tempus adurentes ader t cum Sirius æſtus
59 269 631 301 Ingeminat, mediumque ferit latratibus orbem.
61 298 529 328 Porticibuſq; ſuis lolito de more coloni
62 329 608 358 Coueniunt, vbi muta tis Antuerpia quondam
61 358 545 387 Mercibus ætherios erexit ad vſq; meatus,
60 388 620 416 Inter & innumeras mundi caput ardua gentes.
63 417 610 446 Nunc tantum media locus hic rumoribus vrbe
64 446 589 474 Seruit, & auctorem ſtudiis vbi fi ngat & optet
65 477 606 507 Quiſq; ſuis, rigido poſtquam commercia ferro
62 506 534 531 Vertere bellator docuit Deus, otia bello
63 535 670 567 Tum primum egreſſus tenebris grandæuus Alethes
60 565 565 595 Dicitur, ante quibus, vulgi perteſus iniqui,
60 594 554 624 Preſſus erat, quo non alius prudentior vſu
59 624 603 655 Nec grauior pietate fuit: Nunc miliibus infert
59 654 610 684 Se medium, intrepidoque pater ſic incipit ore:
59 683 526 714 Magnanimi ciues rebus fiducia noitris,
59 713 548 744 Et quo iam ſit veſtra loco fortua videtis:
59 742 553 769 Nec vos cauſa latet nec vos exordia belli
58 770 634 801 Prætereunt, cum plebs abrumpere iura fidemq;.
1 795 32 813 .
58 801 608 831 Cœpit, & egregium culpæ prætendere nomen,
57 831 477 859 Vi libertatem. vi plebiſcita priorum
850 834 886 868 I
57 858 588 888 Obruere, arbitrioq; nouas ſibi ſingere cauſas,
56 888 554 920 Atque poteſtatem ſancti mutare nouando
56 916 595 948 Imperii, & priſcos niſi nomine tollere faſces,
56 947 518 977 Interea pattiæ nutantis vertice paſſim
56 977 487 1007 Vtilitas neglecta iacet, diteſcere cura
55 1005 590 1036 Omnibus vna fuit, tractare ncgotia nulli
56 1033 607 1065 Publica, priuatæ ſed commoda quærere causæ.
55 1065 550 1096 Difficiliq; nouis gaudens plebecula rebus
34 1094 583 1126 Tempo, & ignarum bell renl,; inailex
612 1127 705 1159 Iulgus
