888 1312
240 53 559 78 PANEGIRIS. I.
696 52 735 78 s7
82 91 663 128 Quæ furor, abſumptiſque bonis aboleuit egeſtas,
80 123 600 153 Bellorum funeſta comes, quæ ciuibus vrbes
81 153 562 183 Exuit, & vacuos cultoribus efficit agros?
82 184 537 213 Nec tuti a rabie fluuii, portuſq; fuere,
82 212 585 247 Nec pater Oceanus, qui noſtro ſæpe labori
83 243 676 277 Aggemuit, quoties Nympharum in gurgite cœtus
85 272 630 304 Aſtitit illa crymans, metuens attollere vultus,
84 302 587 338 Neglectos portus, deſertaq; litora & vndas
84 331 624 362 Fleuit, & vberibus ſtagnantem Nerea campis,
85 361 644 397 Mutatoque gregem paſce ntem Prothea regno.
88 391 631 425 Cernite quàm doleant nitidis Nereides vndis
86 420 633 452 Immiſtam ſaniem propriæ miſereſcite cladis,
1 423 33 449 ia
88 450 607 484 Et prohibete nefas:en luctus noſtra marini
88 480 613 513 Viſcera diripiunt, ſcopuliſq; illiſa reſorbent,
89 511 652 544 Cæſorumque graues prouoluit Scaldis aceruos.
90 539 633 576 Quæ loca quæ ſuperi noſtri non plena laboris?
88 566 697 602 Nec vultum aſpiciens patriæ nouus aduena noſtræ
81 599 685 628 Noſcat & in mediam veniens, vbi Belgica?quærat.
88 627 665 664 Tot quondam inſignes vrbes, tot ſancta Deorum
821 635 853 650 I
87 658 636 694 Templa colens, nunc præcipiti conuulſa ruina
88 688 609 721 Vaſta iacet ſacraſq feræ ſtabulantur ad aras,
88 718 621 754 Nec regio, vani ſupereſt niſi nominis vmbra.
87 747 560 782 Dicite, quid ſpreti ciues iniuria ſceptri
87 776 632 808 Profuit, aut concuſſa fides? quid profuit armis
88 806 612 841 Belgica bis geminis turbaſſe negotia luſtris?
89 836 582 870 Conceptumq; diu fallacimente furorem
90 865 610 901 Supplice periuros primum vulgaſſe libello?
89 893 613 925 Et tectas animaſſe faces? At ſi qua ſecuta eſt
89 926 589 956 Armatas vindicta preces, clementia tanto
90 955 615 986 Maior, & admiſſam penſant obliuia culpam.
89 984 611 1013 Miſſus & Auſtriaca frater de gente. ſed vltro
91 1010 684 1046 Cur miſſum armati petimus? cur ſceptra thilippi
90 1043 677 1077 Deſerimusi geminaſq; fouet diſcordia partes,
89 1075 541 1107 Et coniuratis miſcemus prælia ſignis?
89 1102 641 1132 Aut cum Pannoniis ductorem accerſimus oris
550 1136 585 1155 Tt
691 1132 738 1154 Au-
189 1136 359 1161 Tomus Primus.
