<?xml version="1.0" encoding="utf-8"?>
<PcGts xmlns="http://schema.primaresearch.org/PAGE/gts/pagecontent/2017-07-15" xmlns:xsi="http://www.w3.org/2001/XMLSchema-instance" xsi:schemaLocation="http://schema.primaresearch.org/PAGE/gts/pagecontent/2017-07-15 http://schema.primaresearch.org/PAGE/gts/pagecontent/2017-07-15/pagecontent.xsd">
  <Metadata>
    <Creator>User123</Creator>
    <Created>2020-04-14T13:52:52</Created>
    <LastChange>2020-04-14T13:52:52</LastChange>
  </Metadata>
  <Page imageFilename="0722.png" imageHeight="1312" imageWidth="888">
    <TextRegion id="r0" type="paragraph">
      <Coords points="1,1 886,1 886,1310 1,1310"/>
      <TextLine id="r0_l001">
        <Coords points="1,1 1,19 33,19 33,1"/>
        <TextEquiv index="1">
          <Unicode/>
        </TextEquiv>
      </TextLine>
      <TextLine id="r0_l002">
        <Coords points="604,34 604,52 855,52 855,34"/>
        <TextEquiv index="1">
          <Unicode/>
        </TextEquiv>
      </TextLine>
      <TextLine id="r0_l003">
        <Coords points="549,62 451,62 452,72 450,74 435,76 365,75 356,67 343,67 341,62 211,62 211,89 549,89"/>
        <TextEquiv index="1">
          <Unicode>PANE IS I.</Unicode>
        </TextEquiv>
      </TextLine>
      <TextLine id="r0_l004">
        <Coords points="671,60 671,82 724,82 724,60"/>
        <TextEquiv index="1">
          <Unicode>66</Unicode>
        </TextEquiv>
      </TextLine>
      <TextLine id="r0_l005">
        <Coords points="39,143 54,142 98,143 173,138 399,132 567,129 614,130 618,132 671,131 671,98 420,98 370,101 221,103 105,109 57,109 53,110 48,118 43,122 17,125 1,125 1,146 32,146"/>
        <TextEquiv index="1">
          <Unicode>Aat pudor aut virtus mentem, &amp; meliora ſequentur</Unicode>
        </TextEquiv>
      </TextLine>
      <TextLine id="r0_l006">
        <Coords points="45,172 109,172 184,167 565,159 565,133 399,133 173,139 98,144 54,143 39,144 32,147 24,148 12,148 4,156 4,171 8,176 39,176"/>
        <TextEquiv index="1">
          <Unicode>Exemplis monitæ, pietatis &amp; orbita metam</Unicode>
        </TextEquiv>
      </TextLine>
      <TextLine id="r0_l007">
        <Coords points="373,194 459,190 603,188 603,161 440,162 418,164 216,167 109,173 59,173 59,196 278,196"/>
        <TextEquiv index="1">
          <Unicode>Ducet ad extremam belli quod fata reſeruent</Unicode>
        </TextEquiv>
      </TextLine>
      <TextLine id="r0_l008">
        <Coords points="478,220 590,220 593,222 613,222 613,190 459,191 373,195 234,197 177,200 132,200 113,202 64,202 32,203 26,208 15,208 15,225 296,225"/>
        <TextEquiv index="1">
          <Unicode>oſtra tibi, palmamque domus Farneſia Belgis</Unicode>
        </TextEquiv>
      </TextLine>
      <TextLine id="r0_l009">
        <Coords points="253,255 354,254 385,252 452,252 538,249 538,224 350,224 186,228 117,232 55,231 39,232 39,259 167,259"/>
        <TextEquiv index="1">
          <Unicode>Facatis referat, ductoribus ante negatam</Unicode>
        </TextEquiv>
      </TextLine>
      <TextLine id="r0_l010">
        <Coords points="232,285 381,283 539,278 597,278 620,279 625,282 655,282 655,251 489,251 452,253 385,253 354,255 253,256 104,262 62,261 62,289 160,289"/>
        <TextEquiv index="1">
          <Unicode>Præteritis quibus aut populi non cognita morum</Unicode>
        </TextEquiv>
      </TextLine>
      <TextLine id="r0_l011">
        <Coords points="1,283 1,304 41,304 41,283"/>
        <TextEquiv index="1">
          <Unicode>u</Unicode>
        </TextEquiv>
      </TextLine>
      <TextLine id="r0_l012">
        <Coords points="371,311 437,311 519,308 571,309 571,280 500,280 381,284 232,286 191,289 126,291 58,291 56,292 56,300 53,303 47,305 39,305 39,321 90,321"/>
        <TextEquiv index="1">
          <Unicode>emperies, aut manſueris non molliter vti</Unicode>
        </TextEquiv>
      </TextLine>
      <TextLine id="r0_l013">
        <Coords points="276,344 552,338 552,309 437,312 371,312 313,315 203,317 138,321 40,322 40,349 145,349"/>
        <TextEquiv index="1">
          <Unicode>Ingeniis, alio quam tu didicere magiſtro,</Unicode>
        </TextEquiv>
      </TextLine>
      <TextLine id="r0_l014">
        <Coords points="16,366 23,364 43,364 43,350 27,348 24,345 4,345 4,369 13,369"/>
        <TextEquiv index="1">
          <Unicode>u</Unicode>
        </TextEquiv>
      </TextLine>
      <TextLine id="r0_l015">
        <Coords points="37,380 107,380 195,376 265,375 317,372 421,371 501,368 577,369 577,340 524,339 470,340 437,342 175,348 94,352 61,351 60,361 57,364 19,366 19,381 25,382"/>
        <TextEquiv index="1">
          <Unicode>Irarumque nouis auxëre incendia flammis.</Unicode>
        </TextEquiv>
      </TextLine>
      <TextLine id="r0_l016">
        <Coords points="223,406 270,403 327,403 370,400 460,400 543,398 543,369 317,373 265,376 195,377 107,381 80,380 37,381 25,383 19,382 12,378 2,378 2,408 13,408 18,406 26,408 148,408"/>
        <TextEquiv index="1">
          <Unicode>Nam cum prima fuit fatis exorta ſiniſtris</Unicode>
        </TextEquiv>
      </TextLine>
      <TextLine id="r0_l017">
        <Coords points="546,428 546,400 370,401 327,404 270,404 223,407 149,408 120,410 65,410 65,432 336,432"/>
        <TextEquiv index="1">
          <Unicode>Seditio, tum noſtra tuæ ſi Belgica dextræ</Unicode>
        </TextEquiv>
      </TextLine>
      <TextLine id="r0_l018">
        <Coords points="513,457 543,458 543,429 453,430 424,432 285,433 216,437 173,437 100,440 17,439 11,440 11,462 334,462"/>
        <TextEquiv index="1">
          <Unicode>Materies, tuus ille labor tua curafuiſſet,</Unicode>
        </TextEquiv>
      </TextLine>
      <TextLine id="r0_l019">
        <Coords points="411,489 555,488 555,459 424,460 389,462 254,464 138,469 16,470 16,496 180,496"/>
        <TextEquiv index="1">
          <Unicode>Non æquata ſolo, nec tot pendentia tectis</Unicode>
        </TextEquiv>
      </TextLine>
      <TextLine id="r0_l020">
        <Coords points="381,519 536,517 539,516 539,489 411,490 147,497 123,499 39,499 15,501 16,526 164,526"/>
        <TextEquiv index="1">
          <Unicode>Oppida ſemirutis, non tot faſtigia tignis</Unicode>
        </TextEquiv>
      </TextLine>
      <TextLine id="r0_l021">
        <Coords points="349,550 580,545 580,517 381,520 209,526 67,529 67,553 286,553"/>
        <TextEquiv index="1">
          <Unicode>Amuſtis. patriæ ſupereſſent funera noſtræ.</Unicode>
        </TextEquiv>
      </TextLine>
      <TextLine id="r0_l022">
        <Coords points="338,579 413,579 512,577 576,574 617,574 617,546 460,548 429,550 349,551 320,553 137,558 22,557 22,586 170,586"/>
        <TextEquiv index="1">
          <Unicode>Non iam falce cauas veniens habitator in ædes</Unicode>
        </TextEquiv>
      </TextLine>
      <TextLine id="r0_l023">
        <Coords points="647,607 647,575 576,575 512,578 413,580 338,580 263,584 131,588 56,586 20,587 15,589 15,608 430,608 479,606 619,608"/>
        <TextEquiv index="1">
          <Unicode>Gramineam meteret ſegetem nec poſceret aruis</Unicode>
        </TextEquiv>
      </TextLine>
      <TextLine id="r0_l024">
        <Coords points="856,595 856,632 886,632 886,595"/>
        <TextEquiv index="1">
          <Unicode>I</Unicode>
        </TextEquiv>
      </TextLine>
      <TextLine id="r0_l025">
        <Coords points="289,640 507,635 507,608 431,608 372,611 282,612 255,614 182,614 170,616 92,617 21,615 15,616 16,645 165,645"/>
        <TextEquiv index="1">
          <Unicode>Ipſa ſuis ſol:tos tellus inaratalabores.</Unicode>
        </TextEquiv>
      </TextLine>
      <TextLine id="r0_l026">
        <Coords points="276,672 329,669 374,669 400,667 571,664 571,638 406,638 331,641 289,641 208,645 76,647 71,650 64,646 53,645 16,646 16,671 22,674 91,674 98,676 139,676"/>
        <TextEquiv index="1">
          <Unicode>Taia dum nobis geminæ ſpectacula partes</Unicode>
        </TextEquiv>
      </TextLine>
      <TextLine id="r0_l027">
        <Coords points="527,693 605,694 605,665 472,666 139,677 98,677 91,675 28,676 22,675 17,672 1,672 1,703 200,703"/>
        <TextEquiv index="1">
          <Unicode>Iuf ſis peperere animis dum miles vtrinque</Unicode>
        </TextEquiv>
      </TextLine>
      <TextLine id="r0_l028">
        <Coords points="518,723 595,723 595,694 527,694 424,698 368,698 288,702 201,703 148,706 68,705 68,727 406,727"/>
        <TextEquiv index="1">
          <Unicode>Hor. ds &amp; tumidos exercuit aduena faſtus,</Unicode>
        </TextEquiv>
      </TextLine>
      <TextLine id="r0_l029">
        <Coords points="129,762 257,761 282,760 299,756 350,757 518,753 564,754 564,724 434,726 371,729 274,730 209,734 146,733 130,736 36,735 28,736 16,731 1,732 1,765 85,763 90,767 121,767"/>
        <TextEquiv index="1">
          <Unicode>iDun turor &amp; ani damnoſa licentiævulgi</Unicode>
        </TextEquiv>
      </TextLine>
      <TextLine id="r0_l030">
        <Coords points="858,732 858,763 886,763 886,732"/>
        <TextEquiv index="1">
          <Unicode/>
        </TextEquiv>
      </TextLine>
      <TextLine id="r0_l031">
        <Coords points="461,785 507,782 570,782 570,755 518,754 350,758 299,757 282,761 257,762 129,763 121,768 90,768 85,764 1,766 1,786 370,786"/>
        <TextEquiv index="1">
          <Unicode>Creſcit &amp; alteriu fultum ſe quiſque ruina</Unicode>
        </TextEquiv>
      </TextLine>
      <TextLine id="r0_l032">
        <Coords points="858,763 858,801 886,801 886,763"/>
        <TextEquiv index="1">
          <Unicode/>
        </TextEquiv>
      </TextLine>
      <TextLine id="r0_l033">
        <Coords points="39,821 159,822 321,816 386,816 434,813 562,811 562,784 371,786 341,788 275,789 230,792 170,792 133,794 50,793 42,799 21,800 21,827 31,827"/>
        <TextEquiv index="1">
          <Unicode>Erectmque puat, pauci ſeruamur, &amp; iræ</Unicode>
        </TextEquiv>
      </TextLine>
      <TextLine id="r0_l034">
        <Coords points="342,845 440,844 541,840 606,840 611,843 615,843 615,813 477,813 386,817 321,817 159,823 39,822 35,824 30,830 1,830 1,847 304,847"/>
        <TextEquiv index="1">
          <Unicode>Bellorumn eripimur, quos ordine ſi placet vno</Unicode>
        </TextEquiv>
      </TextLine>
      <TextLine id="r0_l035">
        <Coords points="298,875 404,874 440,872 557,870 557,842 503,842 399,846 342,846 207,851 66,852 66,880 182,881"/>
        <TextEquiv index="1">
          <Unicode>Dedere ſuppliciis, aut res inquirere victor</Unicode>
        </TextEquiv>
      </TextLine>
      <TextLine id="r0_l036">
        <Coords points="332,904 435,903 449,901 483,900 620,900 620,873 440,873 404,875 298,876 182,882 68,881 68,907 266,907"/>
        <TextEquiv index="1">
          <Unicode>Tranſactas populique iubes in erimina tecum</Unicode>
        </TextEquiv>
      </TextLine>
      <TextLine id="r0_l037">
        <Coords points="391,932 593,928 593,903 436,903 385,905 332,905 304,907 236,908 198,911 67,910 67,936 287,936"/>
        <TextEquiv index="1">
          <Unicode>Dura triumpiales examina ſcandere currus,</Unicode>
        </TextEquiv>
      </TextLine>
      <TextLine id="r0_l038">
        <Coords points="337,963 393,963 426,961 600,957 600,929 391,933 145,942 66,941 66,969 178,969"/>
        <TextEquiv index="1">
          <Unicode>Regia cauſa qu dem potior cenſuraq; victrix</Unicode>
        </TextEquiv>
      </TextLine>
      <TextLine id="r0_l039">
        <Coords points="227,996 300,995 349,992 567,987 633,987 638,990 656,990 656,957 426,962 393,964 337,964 145,971 69,970 69,998 206,998"/>
        <TextEquiv index="1">
          <Unicode>Semper erit, ſed rex domita quibus imperet vrbe</Unicode>
        </TextEquiv>
      </TextLine>
      <TextLine id="r0_l040">
        <Coords points="241,1025 287,1025 324,1022 421,1021 482,1018 585,1016 585,989 455,990 423,992 349,993 300,996 254,996 143,1001 102,1001 69,999 69,1029 156,1029"/>
        <TextEquiv index="1">
          <Unicode>Quos ciues habiturus erit, mſi dextera vicit</Unicode>
        </TextEquiv>
      </TextLine>
      <TextLine id="r0_l041">
        <Coords points="817,1019 817,1040 870,1040 870,1019"/>
        <TextEquiv index="1">
          <Unicode>E</Unicode>
        </TextEquiv>
      </TextLine>
      <TextLine id="r0_l042">
        <Coords points="420,1049 607,1047 607,1017 482,1019 421,1022 324,1023 287,1026 241,1026 156,1030 112,1030 104,1034 69,1033 69,1057 198,1057"/>
        <TextEquiv index="1">
          <Unicode>Quas tua relliquias, clementia ſeruet eaſdem?</Unicode>
        </TextEquiv>
      </TextLine>
      <TextLine id="r0_l043">
        <Coords points="48,1086 156,1088 225,1084 339,1083 405,1079 599,1076 599,1051 382,1051 359,1053 287,1054 198,1058 152,1058 70,1061 29,1060 29,1091 40,1091"/>
        <TextEquiv index="1">
          <Unicode>At meruit ſi noſtra graues Anterpia pœnas</Unicode>
        </TextEquiv>
      </TextLine>
      <TextLine id="r0_l044">
        <Coords points="59,1117 204,1116 208,1118 241,1118 298,1116 304,1112 338,1112 391,1109 447,1108 453,1111 457,1111 463,1108 584,1107 585,1079 442,1079 377,1081 339,1084 195,1086 156,1089 48,1087 37,1093 1,1094 1,1124 50,1124"/>
        <TextEquiv index="1">
          <Unicode>Regis ob offenſi crimen, atis illa ſuperque</Unicode>
        </TextEquiv>
      </TextLine>
      <TextLine id="r0_l045">
        <Coords points="396,1144 474,1143 526,1140 567,1140 567,1108 463,1109 456,1113 447,1109 443,1109 304,1113 298,1117 290,1118 266,1118 221,1121 210,1121 204,1117 69,1118 69,1146 83,1146 87,1141 119,1141 124,1146 371,1146"/>
        <TextEquiv index="1">
          <Unicode>Supplici deit, &amp; longa commiſſa piauit</Unicode>
        </TextEquiv>
      </TextLine>
      <TextLine id="r0_l046">
        <Coords points="663,1131 663,1166 731,1166 731,1131"/>
        <TextEquiv index="1">
          <Unicode>Laſſa</Unicode>
        </TextEquiv>
      </TextLine>
      <TextLine id="r0_l047">
        <Coords points="215,1276 215,1293 315,1293 315,1276"/>
        <TextEquiv index="1">
          <Unicode/>
        </TextEquiv>
      </TextLine>
    </TextRegion>
  </Page>
</PcGts>
