888 1312
178 66 528 89 PANEGYRIS I.
674 69 715 93 669
1 102 595 136 Dum vos læta noui tumidos præſentia ſceptri
1 133 506 168 Fallit, & illiciti deludit imagine regni
1 162 591 201 Immemores fidei, diuoſque putaſtis inultum
11 192 563 223 De cœlo ſpectaſſe nefas? Stat vindice regis
1 218 533 255 Cauſa Deo. qui periuræ leuitatis iniquas
839 192 886 255 I
41 251 603 285 Supplicii grauitate moras compenſat & ipſos
1 280 607 319 Erroris docet artifices quam multa ſequantur
4 311 661 343 Damna ſuos quam tela petant reuoluta nefandum
10 340 601 375 Auctorem iugulumque ſuus diuerberet enſis.
4 371 583 404 Nam cum perfoſſis immittitis æquora ripis,
7 400 566 433 Non regis tenuantur opes, at ſemina veſtro
7 430 575 460 Nulla ſolo, veſtris non ſurgit meſſis in aruis,
7 460 562 492 Inuitiſque inuita negat ſua munera tellus.
7 489 562 527 Cum facibus veſtris patrias incendia ſedes
840 505 886 568 I
1 518 576 560 Corripiunt, veſtras ſpes vritis, at mihi curæ
13 549 507 575 Veſtra vel inuitis vobis ſeruare, tueri,
9 577 615 610 Parcere languenti patriæ, quam perdere vultis.
840 590 886 630 E
64 607 575 635 Vos cædes, vos arma iuuant funeſta, rapinæ,
6 637 630 668 Exilium bellumque mouens ſub nomine legum
65 667 567 700 Seditio, pauor. ira odium, violentia luctus,
7 696 541 730 Impietas, & ſanguineis è faucibus vndas
8 726 621 757 Præterea Bellona vomit quaſcunque malori m:
2 755 592 788 At tam dura gerit nonrex præcordia veſtrum
64 785 599 816 Natus ad imperium reddi ſibi poſcit honores
64 815 496 845 IIle ſuos, & templa Dei vaſtata nitori
64 842 567 876 Primæuo, rituſque ſacros de more vetuſto.
65 874 539 907 Vt ſub quo diuûm fortunatiſſima cultu
65 902 562 934 Floruit, & veſtros Antuerpia priſca beatos
34 934 551 962 Fouit auos, edem ſub relligione nepotes
1 960 619 999 Proſperitas, & opum fortuna ſequatur eoſdem.
68 991 644 1025 Hoc opus, hic nobis labor eſt incommoda veſtiæ
68 1021 611 1054 Vrbis in antiquam correcta reducere formam;
68 1050 560 1082 Rurſus vt imperii vultus agnoſcat heriles
68 1080 582 1109 Mac hina, deflexo nec tramite deuia tendat
30 1109 592 1145 Amplius, aut annis iterum labentibus erret.
654 1140 724 1173 Quod
11 1159 35 1179 u
