888 1312
180 65 535 89 PANEGRIS I.
681 67 720 92 671
52 104 613 133 Omnibus, & fuerat melius, commiſſa fatentes
1 134 600 168 Regem demeruiſſe ſuum, cumi parcere multis
1 160 627 193 Poſſet ad euerſam pietas quam tenderet vrbem.
13 193 593 228 Quod ſupereſt, in veſtra, viri, reſponſa iubebo
1 223 564 258 Cogere concilium, ſi fœdera ciuibus æqua
2 253 627 285 Poſcitis, æqua dabo ; nec me confundere fœdus
1 282 588 318 Vlla dies vnquam, veſtraſque reſoluere leges
56 313 551 346 Aſpiciet, prius aërias mihi Iuppiter auras
1 342 590 376 Tollat. & infernas, oro, detrudat ad vmbras,
56 373 623 404 Ante, fides, quam te violem, pia numina teſtor,
1 402 626 438 Et quæcunque meam turbaret conſcia inentem
1 431 527 466 Relligio, non me ſortis vexilla ſecundæ
59 461 547 489 Diſſimilem ſublata mei, veſtræque ſalutis
34 491 635 522 Oblitum arguerint: Nec victæ Antuerpia nomen
2 521 578 548 Vrbis. ab interitu mihi conciliata redemptæ
57 550 582 578 Faxo habeat, victi, reduces in veſtra clientes
1 580 552 613 Iura patrocinium victoria noſtra vocetur.
2 611 618 640 Dixerat: obſtupuere animis, totoque pererrant
57 638 582 672 Legati ſermone ducem mentemque tuendo
56 668 580 702 Expleri nequeunt, pars lumina victa pudore
55 698 609 732 Figit humi, tacitoque nefas sb corde volutat
57 727 612 758 Admiſſum, veniamque viri mens conſcia tanti
56 757 609 791 Velle & aſpectum, maieſtatemque. locumque
55 787 554 818 In latebras sedeſque alias fugiſſe remotas.
54 818 616 846 Pars animo dolet ingenuo, taciteque morarum
56 845 592 881 Pœnitet, imperiique pudet non ante recepti.
57 875 541 905 Tum ſic dimiſſos epulis regalibus omnes
1 904 566 941 Excipit, & cumulo iungit benefacta priori.
4 935 551 964 Poſt vbi conſiliis, & longo examine rerum
1 961 629 999 Certatum fuit hinc atque hine, & fœdera verbi
58 993 557 1023 Ter ſenos diſcuſſa dies, conſeſſus in vnum
27 1023 550 1052 Tendit, & vnanimi fertur ſen tentia voto,
57 1052 564 1089 Atque Richardotti venerando præſidis ore
58 1082 559 1114 Prima datur, iuris qui conſultiſtimus æqui
32 1113 526 1148 Seruat regis opes, & regia ſceptra tuetur
620 1143 721 1174 Elsqui
1 1157 30 1181 his
