888 1312
256 64 557 93 PANEGRIS I.
705 71 742 95 673
1 101 620 143 Cenſuramque adimit ne res inquirat in actas
40 141 529 172 Iuſtitiæ dux ipſe ſuæ, regiſq miniſtris
1 153 549 203 Imponit placitis æterna ſilentia pactis.
1 194 618 239 Nec læſi poterunt habitis ſua damna rependi
38 231 551 264 Poſcere iudicijs, ſed qui conatbus vlli
37 260 594 291 Iniuſſus proprijs incommoda fecerit, iden
37 292 614 320 Sarciet, & lucrum reddet priuatus iniquum.
328 330 432 354 III.
105 368 623 403 Publica qui rerum tenuerunt lora magiſtri,
1 399 636 435 Tempore Pannonijs ductor quo venit ab oris,
1 428 620 466 Quo fuit Andinos amplexa Antuerpia faſces:
1 458 597 495 Et quo concilijs procerum ſocialibus vrbis
1 489 639 523 Conſtitit imperium, qui tum decreta Senatus
1 519 609 555 Protulit in medium, qui belli edicta togæq
2 548 599 593 Infenſis ſanxtre animis, qui publica cenſus
35 578 516 617 Curauere nuo præfecti æraria iuſſu,
1 607 575 648 Nulla paciſcentes vexet cenſura colonos.
35 639 582 668 Nec confecta ſua diſſoluent nomina cura,
860 649 886 677 I
35 667 583 704 Im penſaſq; trucis bell, repetentur ab illis
35 697 584 735 Qui ſua communes fecere peculia cenſus.
388 750 430 771 IV.
2 771 36 793 u
113 785 627 822 Regia ſed pietas fuerit qum sæpe recentis
85 816 625 847 Cauſa mali. toties victores diſcimus, & quam
85 847 612 883 Impunita nouas inuitent crimina culpas.
88 874 622 907 Sc itis enim domitis quoties ignouimus antè
86 905 626 942 Vrbibus, vt ciues pietas complexa ſit omnes.
1 933 602 973 At conceſſa quibus genio clementia ſordet
35 965 515 1006 Ignauo qui pacta iugo ciuilia molli
35 994 631 1028 Ecutiunt. iterumq; nos accenderemotus
2 1024 615 1064 Conteudunt ſtudio artifici vel ſemin belli
36 1053 602 1088 Vrbe fouentalia geriturq; aucto? us iſtis
91 1084 558 1124 Vt ſi qui monitis vinci potuerte rebelli
92 1113 648 1148 Obdurent animo. ſeq; i ſua dua reſeent,
705 1145 752 1172 Qua
519 1147 559 1165 VI
166 1154 328 1175 Tonmus Primus.
