888 1312
1 1 100 28 -
221 55 528 83 PANEGIRISI.
675 64 717 88 77
32 95 651 132 Donâque per ſimilem donator prodigus iram
30 132 568 161 Irrita ſint quæcunque dedit, legataq; nullo
32 161 637 191 Pondere, ſed tabula dominum fruſtrentur inani.
34 191 622 220 Legitimſque bonis ſuc cedat vt omnibus hæres
34 220 516 244 Teſtatore ſuo vel deficiente iubemus.
343 264 404 285 IiI.
33 303 574 335 Si Bataui poſthac & bella infanda Selandi
55 335 576 364 Continuata gerent, ſi veſtras æquore merces
55 363 507 394 Diripient, terraq; bonis hoſtiliter vllis
55 394 529 424 Exuerint pacata tuos, Antuerpia, ciues;
32 422 605 453 Omnia diſſicilem Princeps in fœdera ſpondet
32 452 605 478 Sefore. cùm Batauos melius ſibi conſcia virtus
32 482 523 514 Imperio Iouis Heſperij parere docebit,
32 511 615 549 Donec ad arbitrium repararint omnia veſtrum.
347 556 404 575 XV.
31 590 582 625 Atque monetarum diſcors tollatur vt vſus
27 622 586 660 Et ſimiles populo reddant commercia numi,
27 651 547 683 Dux ea compoſitis tractare negotia rebus
30 681 562 714 Perget, & ad primos referet ſuffragia ciues,
50 709 658 744 Commoda quo minimo ſubſiſtant publica damno.
1 740 504 773 Præſenti interea pretia umarius vrbe
4 769 526 802 Vſus erit tota, quod non augere licebit.
358 816 405 835 V.
70 852 606 889 Vtq; ſuum rurſus commercia priſca nitorem
55 882 589 918 Accipiant, pontes pateant portuſq; iubemus,
28 914 478 948 Deſuetæque viæ. ſed vectigalia regi
24 943 582 983 Pendat quiſque ſuo, ſoluant portoria nautæ.
345 999 411 1020 xvI.
30 1037 636 1074 At quia veſtra nouis plebs eſt onerata tributis,
8 1070 550 1105 Impenſiſque trucis belli, ſperauerat armis
8 1099 633 1141 Quas abolere ſuis ductor, populumque iacentem
621 1123 711 1146 ictri
410 1133 476 1154 Vu 3
