888 1312
198 71 507 93 PANEGTRIS I.
43 110 562 139 Vrbs orerata metus externis hoſpes inoris
1 140 538 171 Ne quis ab ignoto amnetur iudice ciuis,
34 171 539 200 Publica priuato nec debita corpore nexus
34 200 524 231 Dettiſq; bonis luat, indulgemus, ad anni
35 230 543 260 Venturi ſpatium, quo proſpiciatur an vlla
46 260 527 288 Interea vrbis onus poſſit ratione leuari.
334 304 401 322 L.
78 342 559 372 Seraque poſteritas ne deteſtetur auorum
50 372 547 400 Impietatis atrox ſcelus, vaſtata profanis
1 401 579 430 Templa Dei manibus, ne crimiis area teſtis
52 431 552 460 Sacrilegi totam conſpectu polluat vrbem,
52 460 569 489 Cum primis popul ac citis, ſummoq; ſenatu
1 490 570 520 Ductor aget, quibus hoc aboleri dedecus aris
47 519 600 549 Conſilijs queat, vt ſolitis cadat hoſtia templis,
842 513 886 556 I
54 548 602 579 Sanctaque ſemirutas tollant penetralia moles.
325 594 406 613 XXIII.
35 631 516 662 Atrefluo ciues æſtu migrare volentes
51 660 531 689 Pro tuto nautæ reditu, nauiſq; ſatiſdent.
323 704 403 723 V.
78 740 614 773 Captiuoſque placet gratis dimittat vtrinque
53 770 584 802 Quiſque ſuos, ſed qui pretio commercia belli
52 800 497 831 Et vitæ fecre ſuæ, promiſſa redempti
52 829 519 859 Præmia victori pro libertate rependant.
336 885 405 906 XV.
37 923 597 956 At ſua compoſitis Antuerpia publica rebus
1 954 592 990 Arma duci claſſemq; dabit, ſeruataque dedet
55 983 572 1012 Armamenta, alios ductor quæ vertet in vſus.
1 1014 563 1049 Præſidioq; recens pedites bis mille receptæ
53 1043 647 1075 Vrbis erunt, equitum gemina comitante cohorte.
55 1072 585 1104 Si frenum accipient Bataui, nec bella Selandi
41 1102 575 1135 Continuata gerent, Antuerpia libera, nullis
639 1131 711 1156 Præsi-
418 1135 494 1158 Vu 4
