888 1312
255 62 571 85 PANEGYRISTI.
699 70 744 96 7
92 96 616 133 oliri, & ſocio ſperare ex ſanguine regnum
38 129 619 160 Etrem quæque ſio regio ſub principe geſſi
37 159 563 189 Diuiſo imperio, donec Malana propago
38 188 598 219 Cum Burgundiaca ſanxit connubia gente.
1 217 593 249 l Et tandem illa ſua Belgis ditione receptis,
91 248 619 279 Virgineis patriam Belgaſq; reliquit habenis.
1 278 672 312 Nomen at illadomus ſceptrumq; à ſede patern
46 307 633 340 TIranſtulit, auguſtas adiit cum Maime tædas
95 337 646 369 myliane toroſq tuos, hinc nomenopelque
1 367 636 398 Creuit in immenſas dotalibus uſtria regnis.
95 396 668 429 Inde genus diuûm, ſatus hoc genitore Philippus
97 425 589 454 Heſperias gentes & Bætica regna marirus
98 455 587 479 Obtinet, occiduis latt dominator in oris.
840 468 885 519 I
98 485 633 514 Ex illo inferior Germania tempore tanto
99 514 611 546 Iuncta eſt imperio, & titulis acceſſit beris.
43 543 631 574 Editus hinc maior proauis poſt fata parentis
97 575 622 604 Carolus excepit Eelgas. patriamq; benignus
97 604 583 633 Ornauit meritis, tantoq; inſignis alumno
96 633 577 661 Belgica ſidereis altè caput abdidit aſtris,
96 662 589 693 Inter & egregias bello non vltima gentes.
96 691 600 720 At qui deinde loco ſucceſſit Cæſaris hæres,
96 722 597 751 Hic ille eſt hæres patriæ virtutis, & ingens
97 751 623 780 Gloria Belgia cæ gentis, numenq; Philippus.
93 779 680 809 Aſueuitque humeros oneri quibus orbe ferend
94 808 606 837 Sufficit impoſitoſque ſibi iam ſuſtinet axes
1 828 607 868 Getuluſque ſenex translata mole quieſcit.
93 868 595 897 Belgica ſed primis nato conceſſit ab annis
94 897 682 928 Sceptra pater. morienſque ſuo inandata Philippo-
93 927 621 957 Dicitur & monitis hæc præcepiſſ benignis:
44 956 619 983 Nate, moras grauium fatali in lce laborum
93 986 695 1017 Maiores mihi Parca negat, nunc meta propinquat,
2 1015 586 1046 Boſcit & emeritum cœleſtis regia patrem
90 1043 634 1076 Imperioque tuo gentesque vrbeſq; relinquam
1 1073 626 1105 Innumeras, populoſque tua ſucce lor habebis
92 1103 621 1133 Sub ditione, nouos radiis vbi deipicit orbes,
667 1141 746 1170 Atque.
17 1149 51 1181 i
840 1223 886 1274 I
