888 1312
205 66 571 103 PANEGYRIS II.
692 76 734 99 697
71 107 578 140 Conuerrit piſcator opes, & fœta profundo
38 139 571 170 Retia Belgiacas implent ſubducta carinas,
38 167 637 198 Diſtribuuntque freto populis ſua dona remotis.
37 197 582 234 Non ego geſta canam feliciter ordine bella.
1 225 644 262 Nec quibus in rerum dominos pugnare ſolebant
35 256 618 290 Viribus, & populis hoc nomine fortibus addi.
34 285 586 323 Sed velut auſonio domitis a Cæſare Belgis,
34 316 641 349 Iulius æquoreos penetrauit ad vſque Britannos,
34 346 556 379 Submiſitque iugo, tua ſic victoria Belgis
34 376 550 406 Pacatis aliis laurum ſibi quærat in oris.
1 405 562 446 Et tranquilla ſuas vltro tibi Belgica vires
35 435 632 472 Suggerat, ad quoſuis belli oportuna tumultus,
35 464 647 500 Imperiique nouum contingat terminus orbem.
79 494 562 527 Dixit, & aſpectu paſcit ſua lumina victor,
1 510 704 556 Hinc vrbem videt immeiam, claſſemque latentem,
35 552 604 581 Hinc iterum verſo lembum doflectere curſu
35 582 602 617 Imperat & fluctu remeare in caſtra ſecundo.
35 611 606 646 Tum de præſidiis tractatur in vrbe locandis,
1 640 604 680 Ingreſſuqne ducis, quem paucis ipſe diebus
34 670 597 707 Diſtulit, aque ſui celebrem natalis hnore
34 699 595 736 Ittroitus ſtatuit lucem decorare triumpho.
34 731 568 768 Sic vbi venturi repetent ſua fata nepotes,
82 760 577 787 Vrbis Alexandri natalibus ante redemptæ
35 788 580 825 Præmia ſolennes epulas, & vota quotannis
36 874 640 915 Iamque dies aderat, quum ſe ſe exercitus omnis
38 904 623 941 Apparat & geminis lectis cum millibus heros
35 927 698 970 Ingreditur, portamque petit, quam nomine primua
36 966 640 1000 Carole, Cæſaream finxiſti: hic pompa Senatus
37 992 622 1030 Occurrit, ſolioque ſedens Antuerpia ſummo,
87 1022 669 1059 Virgineas nunc compta genas crineſque decoros
1 1049 576 1085 Tendit & leſperiis ſecuriorobuia ſignis.
39 1082 607 1116 Portarumque duci venienti interrita claues
2 1110 593 1147 Porrigit ex auro ſolidas, dehinc talia fatur:
670 1133 741 1168 Inque
481 1144 559 1165 Xx5
2 1155 40 1181 i
