888 1312
687 62 733 84 6yo
215 63 572 87 PAN II,
75 101 557 138 c ego plebeios admiſi improuida faſces
73 132 555 169 Paulatim, vulgique iugum deluſa rece pi.
34 162 533 195 Peccaui, reliquas fatis imitata ſiniſtris,
75 191 565 223 Siue dolo, ſiue auſpiciis vecordious vrbes,
72 221 580 255 Liberiorque fuit multis peccantibus error.
1 251 696 287 Sed quid ego hæc refero? ſemel inſaniuimus omnes
74 280 605 316 Totaque noſtra tuæ prouincia Belgica palmæ
31 311 601 343 Ceſſit, ad antiquam ſub te reditura quietem.
31 339 625 375 At neque dedendi fuit omnibus æqua poteſtas,
1 368 556 405 Nec te cauſa latet, nec qua me luſerit arte
17 398 592 435 Hydra, ſinu quam munifico ſtultiſſima foui
33 429 559 463 IlIle ille Auraicus populati turgidus aura
33 455 631 489 Graſſator, nimiumque diu, Nemeſique ſiniſtra
33 486 596 522 Felix prædo, malis gaudens opponere gentis
1 517 603 549 Excidium, ſtragemque ſuis, mundique ruina
34 544 615 578 Obſtrictam mutare fidem. Tu cauſa maloru
77 574 602 610 Ambitioque tui pretium, Gulielme, furo.
77 603 624 640 Tu peſtis, tu pernicies, icelerumque magiſter,
18 635 543 669 Et Belgis fatale nefas, tu fœda bonorum
34 663 516 700 Ingluuies, belli tu funeſtiſſima noſtri
34 691 648 729 Buccina, tu patriæ ſcelus & communis Erinnys,
34 723 533 759 Seductique tuæ luimus periuria culpæ:
1 752 543 784 Inuiſum caput, at cœlo digniſſimus ille
1 781 603 821 AIcides monri domitor qui prodigus auræ,
843 789 886 834 P
1 810 657 844 Contemptorque animæ crudeli in funere magn
1 838 621 875 IHmpauidus, cladem e medio victricibus armis
78 867 607 902 Suſtulit, abrupitque moras in luce nefandas.
78 897 518 927 Exillo rebus fiducia tempore noſtris
79 924 673 958 Maior erat, meliorque neci quum Delſica Python
37 955 609 986 Occubuit, multis vtinam cecidiſſet ab annis,
78 984 616 1021 Et Phlegethonteas infans remeaſſet ad vndas.
1 1013 620 1056 At quia me blandi monſtrum nouitate furoris
80 1043 589 1079 Præcipitem rapuit ſecum, tu parce dolenti,
1 1072 702 1117 Paree, nec immeritos quorum eſt pars maxima, ciues
81 1102 615 1139 Culpa grauet, nec tabiſi cum ſi corpore virus
642 1130 737 1152 Tollere
