888 1312
219 62 577 90 PAEGYRISII.
700 66 739 84 7O
78 100 565 136 Auxiliumque polo tulerit ſociale ruenti?
79 129 577 165 Nec mortale genus telis accinxerit orbem
79 160 644 194 Vindicibus, ſortemque Deûm ſpectaririnerme,
80 189 652 223 Donec ab exuſto fumauit Phlegra Typhœo?
81 219 597 254 Sic ſtetit Heſperiis innixa Antuerpia ſignis,
81 248 605 287 Certaque cum belli cauſa meliore pependit.
81 278 696 319 Pats quoque magna fuit, ſtatuit quæ ſponte penates
81 309 624 342 Deſerere, externiſque procul conſidere terris,
83 337 618 375 Sed metuens ne pauperiem, duroſque labores
85 366 588 408 Quæreret exſilio, propriiquc ingloria lethi
84 395 657 433 Cauſa foret, Stygiaſque ſua damnetur ad vmbras
85 427 595 466 Præcipitata manu potior fuit inter iniquos
84 456 607 496 Degere viſa viros ſententia, quam ſibi cauſas
85 486 580 525 Rumpere ſperatæ te propugnaute quietis.
84 516 589 555 Adde. quod aſſiduis pulſarunt ſidera votis,
88 545 570 585 Suppliciterque tuæ curam geſſere ſalutis
89 574 598 615 Solliciti. ſi quando acies inſtruxerat hoſtis,
87 603 619 644 Inſidiaſque ſacro capiti tum numina mnœſtas
87 633 606 671 Audiuere preces, tibi quas Antuerpia tectis
88 663 605 702 Anxia fundebat tacitis, tum pectota palmis
90 691 646 733 Tundebanttimidæ matres templiſque negatis
91 723 661 768 Qiſque ſibi propriis ſacrauerat ædibus aras.
92 751 626 794 Quis ſcit aauperis ſuſpiria noſtra benignis
90 781 633 822 Te ſaluum te victorem, reduceſque maniplos
92 810 619 846 Obtinuere. duceſque tuos in caſtra reuerſos,
91 840 591 878 Conſtiteritqu meis partim victoria votis;
67 870 596 907 Et meritaoftenſas poſſintabolere priores?
93 897 615 942 Forſitan & roſtris aditum patefecimus vrbi
95 928 611 971 Cingend itudiis atque expugnauimus ipſi
94 963 568 994 Indiciis ceu cum media gladiator arena
94 988 602 1028 Conſiliu capit & præſenti lumine ſignat
94 1020 567 1058 Hotileſquc dlos, & tela aduersa tuetur
94 1045 622 1087 Prouidus. & pinæ oram prudentior intat.
96 1076 644 1113 Nunc vero aulpiciis diuſm mlioribus adlunt
96 1105 660 1142 In numerum, tibi gratantur, te cominus ardet
643 1135 753 1157 Cernere,
1 1151 29 1173 u
