888 1312
242 58 599 81 PANE SI.
706 65 757 88 7os
41 100 668 130 Et tecum immenſum venerando numine natum,
87 130 620 161 Quodq; ſalutifero recum regit alite numen.
41 162 621 192 Chriſte pater tu rox regum,tu gloria undi,
40 192 579 222 Nate Deo,tu perpetuis vt ſponte tenebris
35 222 587 282 aarec
88 281 585 311 Tu necis æternæ domito fortiſſimus œſtro
40 312 634 342 Regna paras, aperiſq; viam credentibus illam
1 341 624 372 Qua tn Chriſte ſedes dextta genitoris, & inde
93 371 614 402 Iutus eris totum venturus cenſur ad orbem.
91 402 696 433 Hunc igitur deſende gregem famuloſq; redemptos
38 433 600 462 Morte tua parer, auxilio nos protege ſacro,
37 462 681 493 Et tua cum reliquis manennt nos præmia ſanctis.
37 491 619 519 Redde ſuam populo, ſeruator. redde ſalutm,
37 521 617 550 Et bona cuncta tuis vindex hæredibus auge.
37 548 516 581 Et firmata tuæ veſtigia dirige turbæ,
92 581 628 609 Donec ad æternam fuerit ttaducta quietem.
54 609 618 639 Non redit, & ſeris nunquam ſol occidit oris,
1 639 581 670 Virtutis quin sacta tuæ laudeſq; canamus,
37 670 640 699 Perpetuoq; tuum celebremus nome ab æuo.
94 699 578 723 Huc ades, vlla nefas non te cuſtode rusna
95 728 683 760 Præcipites feret in vetitum, miſerete precantum,
39 758 590 786 In te noſtta velut ſpes inclinata recumbit.
96 788 616 813 Non reddet fuctus fiducia noſtra caducos,
95 816 551 847 Nec ſperare ſines vt ſit ſperaſſe pudori.
100 847 621 875 Talibus orabant: deducitur ordine pompa
1 877 550 913 Regali, mediaq; pater diuertitur arce,
96 905 631 936 Pactaq; compoſitis tanto ſtant obſide rebus,
38 935 663 966 Hic primum veterum ſeruando tramite legum
98 965 637 995 Inſtat Alexander, faſces priſcumq; Senatum
40 995 540 1024 Reddit & antquo ciuilia iura nitori
1 1025 601 1058 Conſiliiſq, bonos mores inſtautat, & aris
101 1054 692 1082 Sacra ſuis; reducemque nouis præfecit habenis
99 1085 617 1114 Te Perenotte, cui melior fortuna redempto
100 1114 579 1143 Erabie manet & violenti turbinse vulgi:
665 1144 766 1170 Scilices
19 1148 88 1169 I
188 1146 346 1178 Tomus primus
