888 1312
191 69 586 92 PANEGCRICVS.
680 74 727 96 ;
62 111 607 141 Et diuos genitura, p robat cenſeiq; tenendum
35 141 666 173 Conſtitui qudcunque parens. animoq; benign
32 172 614 238 Ptoſenuitur g minos igo ter maxima ftatres
101 200 636 230 Cu. s nunc Oebalii ſoholem iactare Tonantis
32 233 508 268 Audeat & nautis felicia ſydera partus
32 260 624 299 Laudet Amyclæos? tales non Sparta gemellos
32 292 553 326 Edidit ornandis quales Gereania regnis
32 321 608 355 Obtulit Heſperiæq; duces velut aſtra carinæ.
75 352 603 380 Cæſareæ ſunt illa domus, ſunt lumiua gentis
66 382 540 414 Auſtsia cæ quâ nil terris anguſtius vllis,
76 410 653 445 Nil minus cſt ſplendoris egens. Non imputatillis
75 439 724 475 Hu fortuna gradum, quo per ſe dignus terq; eſt.
74 469 727 502 Non ſ uor ûunc ppulque dedit conſenſus honorem,
74 503 571 533 VIla repentino nec gratia reddere magnos
32 531 568 563 Euentu potuit, nec calculus arbiter auræ:
33 561 586 592 Naſcendo meruere decus. primoq; ſub ortu
33 590 584 622 Felices. paitumq; domi ſumpſere, quod vlli
33 620 570 653 Non datur i tota per mille pericula vita.
32 649 620 680 Eſt tes mana ſuo prouectum munere cunctos
31 680 578 739 (
32 739 570 770 Fortunæ proprs excedere culmina ſactis,
77 769 670 799 Nec rnodo ſupremum ſperare, at habere cacumen.
76 797 573 830 Alterius nec landis eget gens Auſtria nulli
31 821 686 859 Concedens animoſa locur,gens ſi qua ſecundum,
32 856 628 892 Nulla paem cpiet metitis, nec origine ſtrpis
32 887 656 924 Ex hac gett virum plectro celebraimus vuum
33 917 661 946 Auſt iaa, licet vnus amor debetur in omnes,
33 942 663 977 V honos: verum vt ſuperi ſunt laude colendi
32 976 614 1007 Aſſidua & ſ cris veneradi in ſedibus omnes,
33 1004 605 1036 Dona tamen diuûm ſolemnia reddimus vni
32 1037 601 1068 Interdum votiſq; vnum placamus. & aram
32 1064 711 1098 Cuiq ſuan ſtruimus. proprioſq; adolemus honores:
32 1094 651 1129 Haud aa inluds citharam ratione Camœn
34 1125 534 1157 Eneſi ſumpitr maæ præſentia cuius
682 1154 739 1175 Hoc
485 1158 566 1186 I S
