888 1312
252 56 526 80 PANEGYRICVS
690 67 741 88 72
74 94 641 125 iæbet & aſſenſu facilem, patiturque repulſam
74 126 586 154 Inconceſſa rogans &. quæ ſperare decorum
77 156 672 186 Non foret, aut patris haud congrua legibus eſſent.
76 186 700 216 romittit quæcunque dabit facierque; nec vnquam
75 215 617 244 Pœnitet in quenquam meritis certa ſſe. vel vlli
76 245 636 273 Obſtrinxi ſe fidem, quam ſeruat & inſerit actis
76 275 624 305 Omnibus, & nuio temerandam cenſet in æuo.
77 305 656 337 Conſona men iiuæſt, animo nec diſſidet illa,
76 335 603 365 Vera probat, cunctisque inſunt oracila dictis
76 365 597 395 Certa, nec aabiguo ſecu puanantia ſenſu.
76 395 607 426 Quis reliquos eius trahat in præconia mores?
76 424 608 453 Virtuteſque iri, ludeſqe recenſeat omnes?
75 453 601 485 His capient vitæ itvenes exempla, ſeneſque
75 483 598 511 Auſpiciis trahitur ſtudiis a ?rincipe ſumptis
74 513 693 543 Vulgus & in partem ferimur quamcnque ſequaces
74 542 565 573 Arbitrio rectoris, eget tam moribus orbis
74 572 576 602 Imperii quâ ſpe metu, cenſura vocatur
75 602 549 632 Vita boni ductoris;, agit reuerenta cuius
75 632 537 660 t populus vitiis anini ſe corrigat vltro
855 636 886 662 I
75 661 626 691 Exutis laudemque frat quem pœna manebat.
76 691 566 721 Hæc ratio ſ it Erneſto praſcriptaque recti
74 721 586 749 Regula propoſiti ſceptris aptar da gerendis;
75 751 610 779 Se primum formare ſibi, tum reddere dignum
77 780 547 810 Imperiis, altiſque ſuaitute monendis.
74 809 581 840 Supplicii teror menteſque exaſperat vltrix
74 838 589 868 Pœna magis. blandè vita meliſque iubetur
74 869 568 897 Exemplis; cimnil faciat Du: ipſe licenter
74 898 586 928 Qui potuit nunquam voluit: ſic incipit vno
74 928 594 957 ADuce iudicim quod deriatur in omnes;
75 956 648 986 Vt potius ſuadere bonum quat cogere Princeps
75 986 583 1016 Auſtriacus monitis animi videatur honeſti.
75 1016 614 1045 Eriget his mentem ſtimulis accenſa iuuentus,
76 1046 573 1075 Optabiique ſibi quos audiet æmula mores
74 1075 547 1106 Laudari, vitaque Ducis meliore probari.
75 1105 539 1140 Non iam deli iis cenſs impendia vanis
457 1136 747 1161 a.5 Euertent
1 1144 38 1172 h
