888 1312
378 78 529 110 o OC I
120 93 178 115 742
136 118 598 151 Nec frater petit vt radiis obnoxia ſirgat
134 149 624 179 Fraternis proprio ſumet de ſdere l cem.
856 157 886 180 5
47 178 683 210 At vagus hanc oculis tamen aſpicit ille ſerenis,
861 183 886 210 i
129 207 629 234 Et claram radrare videt, ceu lumie primo
856 220 886 238 e
130 235 662 271 Surgit & obſcuras Tithonia diſipat vmbras.
174 295 738 321 Hi diam natalem Aleanrdi Farnſit, Parmæ a Placen-
375 324 532 347 tiæ Ducis, &c
130 381 611 414 Vnde caput slito falgentius exerit aſtro
130 411 667 439 Phœbus, & auricomos diffundit clarior ignes?
129 441 705 469 Faſlor an hoc facit ipſe die atque annua magni
130 469 612 504 Feſta puerperii quo ſydere prodiit in fans
131 499 668 534 Magnus, in æherias primum Farneſius auras?
132 529 695 561 Tempore quo gremium flammato virginis ortu
128 557 694 589 Luſtrabat iubar Erigones, Lbramq; ſeqnentem;
134 584 749 620 Cum decus Auſtriadum ydii prope Tvbridis vnda
133 616 659 649 Enxa eſt geminos coniux Farneſia partus,
126 645 681 680 Magnaque magnanimis fecit primordia natis?
133 675 663 703 At tbi sæua manus iniecit Tarca priuſquam,
135 704 655 734 Carole, Cæſareos cum nomine ferre labores,
133 734 660 766 Virtntemque ſeui potuſti imitator auitam.
127 764 638 797 Nagne puer cur te terris oſtendere tantum
127 790 684 825 Non ſupereſſe volunt ſiperi? terrasne gemellos
131 821 643 855 An quia fata negan ſignis habitare relictis?
132 851 608 883 An cli ſernare vies præ ceis vt orbis
133 879 648 915 Signifer Auſttiacistiam ſlectatur habenisi
132 908 680 943 An quod Alxndro gentes frænante ſuperbat
132 939 644 973 Te ſit opu Polluce prius qui Caſtora ſerues
132 970 679 1000 Ieolne vitæque moras virtutibus æques,
133 997 657 1032 Fxcip iſque nuum poſt fata laboribus actis
136 1026 658 1060 VAmycIi ſ; ſendesnt ibus orbe gemelli.
126 1056 669 1087 Læt q cda monſtoti ſy.lera nautis?
124 1087 638 1117 Inserea faco elehraimus omine lucem,
132 1116 651 1151 Natalemque dieiu. qui te genitriis ab alu;
730 1143 783 1166 Far-
