888 1312
335 52 583 76 POEM. LIB. II.
115 65 174 88 743
114 95 609 124 Farneſi, rebus coĩimen producere noſtris
103 127 631 157 Dignus erat. pacemque tua promittere vita.
103 156 618 185 Fesſte dies, auguſte dies, Antuerpia nomen
114 185 595 217 Auſpicio meliore tuum venerata iubebit
100 215 571 239 Te ventura ſui aſſcribere ſæcula faſtis.
115 245 585 275 Ex quo te Latias teneris vagitibus auras
115 273 633 304 Mulcentem pater aduit Therinus ab lto
117 302 740 335 Gurgite, Romulidûmque cohors veneranda deorum,
115 333 609 365 Ex quo ſeptenis, Farneſi. è collibus omnes
114 363 618 393 Ad tua purpurei veniunt cunabula patres.
115 392 658 422 Et tibi ſancta datis amplexibus oſcula figunt:
115 421 654 454 Ex quo Romatium nutu qui temperat orbem
103 451 670 481 Nomen Alexandro pater indidit & tibi diuûm
118 481 642 507 Sancta ſalutifera cumulauit munara dextra;
115 510 641 543 Victoremque dedit fieri, quo nominis hoſtes
113 541 694 574 Chiſtiadum ſe diſq ue ſacræ ſperare, gregemque
114 572 591 604 Te queat ipſe ſuum propugnatore tueri.
114 599 649 632 Nec ſpes vana fuit nam primo in limine vitæ
113 628 660 661 Deſtinat imperio quod non ſis territus infans
114 659 607 692 Tarpeia de rupe Iouem vidiſſe tonantem,
115 689 595 720 Quod Vaticana ve ſtiia parnulu aula.
69 717 610 750 Romanique patris genibus firmare beatis
113 745 708 780 Prima puer teneroſque gradus primoſque labores
100 777 619 809 Inter Agonales didiciſti, & prælia Circos.
114 809 722 840 Nunc quantum te nostra virum mirantur, amantq;
117 835 651 867 Sæcula, quanta tui animis accreuit & annis
116 864 666 897 Gloria ſtelligerĩ quæ margine termtat orbis:
114 895 553 926 Felix ille dies qui vitæ exordia noſtro
103 925 604 953 Finxit Alexandro, ſed feliciſſimus ex quo
115 955 539 985 Natali comes illa fuit victoria luci,
103 983 658 1018 Cum:e ſuſce pit ict remAntuerpia primum
115 1013 640 1043 Dedita, Htitiaque f emens occurt it oua nti,
116 1044 654 1072 O bene tam fauſto deductam ſydere pompam.
112 1072 640 1106 Auſpiciiſque diem tantis. Date ſerta coloni
115 1103 564 1135 Et natalitiis ductorem ornate coronis
538 1128 779 1160 Aaa 4 Ipſe
