888 1312
217 49 478 82 PROEM. LI. II
640 67 691 87 4
25 100 518 132 Luget arenoſo de verrtice turbids rnus,
24 131 483 160 Et ybeti ſolito lenio amnsluit.
24 161 569 190 Submittun que ſuos Capitolia triſiia faſces,
31 191 514 221 Mœſtaqae ſunt acuo facta theatra foro.
24 221 543 251 Mutatu: que patrum lugbrpurpra veſte,
65 251 563 281 Romaque funcreas voiuit ad aſtra faces:
26 281 584 310 Astonitæque itgis lacrymaurur Ote ades altis,
21 311 517 338 Adnoa pllat fronte ſpulcra rutmt.
25 340 542 369 Huc hc ferales, paterApennine, cuptcſſos
65 369 486 399 Defe ad emerit fata ſuprema dræ.
22 400 622 429 Tu quoque tu dominam teiius venerare iacentem
65 429 502 460 Daunia. tu pattii vellera ſterne gregis.
20 459 559 488 Vt ſuperimp ſiti decumbant molſite artus,
66 488 547 519 Margaris & placida tecta quieſcat humo.
27 519 532 547 Interea dulces phyros comitetur lapi,
34 549 487 571 Nec Diomedeas Adria turbet Anes:
27 578 527 608 Donec inexpletum deflentes buſta pnellæ
1 608 541 637 lt Auxerunt latices, pulher Aterne, tuos:
22 637 581 667 Dum ſuperi matres habitantes litora ponti
841 648 875 687 5
1 667 557 698 Conueniant paſſis illaorymenque comis:
26 696 599 726 Donec ad ex equiasnymphæ Samnirides adſint,
34 727 538 755 Et feat Auſt acum nænia Macſa rogum:
44 755 535 782 Donec Erithræas inter lectiſſima conchas,
1 786 480 816 ,Margaris à Paphia ſit repetita dea;
33 815 540 845 Heu quod vicini excipiunt ſuſpiria eclles,
71 845 544 875 Pulſaturque nquiæ fletibus aura tnouæl
1 867 557 905 Heu quam deſerti ſqualent mœrore penates,
29 904 483 934 Aulaque delitiis diſplicet orba ſuis
11 933 558 958 Nec minus à miſeris ceſatur in vrbe colonis
18 964 506 992 Nec minus attoniti conticuere lares:
31 992 582 1025 Quam gens tota ſuæ ſi principis eſſet in vno
33 1024 528 1051 Funus ad exanimeu ſunre lata pytam.
24 1053 534 1089 Ite Truentinas abſcordite r.aiades vndas,
31 1082 515 1113 Mœſtaque Picenis nect:te ſeria i gis.
26 1093 494 1151 taia
504 1144 696 1176 Et cum
