888 1312
259 64 551 86 THEATRVMI.
694 68 744 98 7t
41 106 580 141 nſlitus, non visa prius portenta tuendo.
40 137 577 176 Non riſus aliqua mentis nouitate morari
41 167 636 200 Actores cmpioſq; ſales non pulpita ſpondent
41 197 551 231 Noſtra Boneo nec agetur tabula ſocco
41 225 656 265 Non Pelis geu inſidum non fata, truceſq;
41 257 640 290 Labdacias orcheſtra dabit, non funeris ignes
2 288 608 321 )Ogygii male concordes nec dixa querentem
38 317 547 351 Hoſtia, Vetricemq; sui Cicleidanati:
41 348 621 380 Sed rtutis opus referet magnumq; loquetur
39 375 695 414 Scena So hocleum ſuperaus graitate cothurnum.
1 405 674 440 Per cædes, tormentu cruces, per vincula flammas
39 436 584 472 In cœlum ſternetur iter, quo ſemita ducit
40 466 607 499 Ardua, ſanuineiq; terunt veſtigia paſis.
40 494 661 529 Sic opifex rerum umero quos legit ab omni.
41 525 555 559 Diſcipulos Deus exercet. fingitq; ſeueri
41 555 607 588 More patris, qui diectos non lenis alunos
41 584 548 621 Educat aſſuetſq malis indurat & illo
39 617 582 649 Se dignos acit exempi. regniq; nepotes,
39 642 615 676 Frudi aduerſis primum, qo deſtinat aftris.
39 673 580 712 Negl igit at vernas herus indulgitq ſinitq;
39 705 582 741 Laſciitre. boniſq manus inferre cruentas,
1 735 579 770 Et fieri æter n ſeruos poſe funera pœnæ.
39 762 581 795 Sed natos paerhæredes ſibi præparat acri
32 793 567 825 Edoctos ſtudio. magnoq labore quietem
40 821 602 853 Con. tiat vitaim læto. pro ſangine palmam
34 851 656 887 Gratus, & iemerita reduait pro cæde triumphum.
1 882 539 916 ibus hlts caea ceitaitur ia
1 911 607 948 Spectaror quibus aduerſis pugnare oiuptas,
1 940 606 978 Sunplicu ceſtare maſis,qui corpore vites
42 970 563 1007 tdotat anii. ſprs maq ſara iuerdo
42 1002 531 1035 Hexaii, æliq; ſnas graſlantur in hoſte
1 1029 655 1069 hſ qui, mnltq ſinul concuriere gudent:
43 1063 547 1096 Indociles ceiiſſe loco viitutis, in vum
43 1090 575 1125 Vis coniuati quamuis caput irrat orpis.
35 1121 578 1158 ec ccditſ otc aat conttania nt
476 1146 744 1175 Bbb5Nia
1 1156 76 1191 i
