888 1312
216 72 529 96 THEATRVM.
691 76 728 102 763
44 112 633 143 Impanida quorum mertitis bee conſ a virtus,
42 143 550 171 Et pias iotum radiis iiliuminat rbei,
71 172 549 203 Et t gina ecus fidei. pr ſœder ſaco
72 203 558 232 Hospicii. lacerana luæ p i ctaapaeci,
73 232 555 260 Sctica cleſi permutai ct pira corn.
167 318 617 351 mi oui Euangelii tractatus in Arglia.
74 360 501 391 Regius eerſes vates à gentibus aras
1 391 582 423 Fleu t Idumæas: ſec quis enetralia dit ûm
71 421 552 451 Sacrilega vſtata manu empliq ruinas.
72 449 592 481 onger emq ſacram noſtti non defleat æui:
70 479 548 508 Quis ſancts adiitis ipſos e fferre nepotes
69 508 634 538 Chriſtiadûm, Chriſti non indignetur honores?
374 556 406 576 I I.
147 596 634 626 De Ioænne Fiihro Etiſcpo ſſenſi, & Thma
300 628 488 648 Moro Cancollatio.
67 667 619 698 Nullus honos patria datur in tellure Prophetis,
66 698 561 728 Teſte Oeo ſed quale nefas & edecus vrbi
65 727 541 757 In ciaros pieate viros quæ parcere ſerr
65 757 627 788 Neſc:t at in ptoprios crudelis fæuit alumnos P
1 786 554 818 Nec iugulofuror nſonti nec vertice ſacro
1 816 579 849 Abtine ætertas cltbem quifcit in oras.
372 861 425 881 II.
135 901 643 931 DeCarthuſianis ſuſpenſi & amptatis catitibus in
274 929 479 961 IV. prtes dſect.
62 974 512 1004 Nec vos innoeuæ defendit tegula vitæ,
60 1004 548 1035 Ne culpa caruſſe ſat eſt voſque ſaluti
62 1033 598 1063 Humanæ inuig aſſe iuuat. ſed veſtra, ſo dales,
42 1064 593 1098 Corporaquæ ſpreto exercent ieiunia mundo
33 1092 610 1123 Carnifices ſenſere manus: cum crimina deſint,
42 1122 581 1155 Vertitur in vitium pietasedditq;s nocentes,
637 1153 720 1176 as. a
