888 1312
269 72 542 94 EATRVM
699 76 737 102 765
371 113 442 134 VII.
1 143 615 186 pftorem lupus aggreditr quo tutius omnes
80 187 557 215 Diripia ptædatoi oues cuſlode rs moto:
1 217 616 246 Sic caput inuadit primum erumq mgſtros
80 246 588 274 lpittas facili tum cætera iemal bore
54 275 593 307 Expugnat legiſq ſacræ montotibus orb:t,
1 307 593 344 l Spagatvt incaute furti mendai ie ui.
386 351 437 370 X.
1 377 648 419 Non ſatis eſt tormenta pati pro nomineChriſt,
78 420 608 451 Non audita prius: longis cruciatibus inſtant
1 451 625 480 Lercent fidem, nec mortem numinis hoſtes
77 480 637 509 Accelerant: trahitur mora crudeſciitq fuendo
78 510 666 539 Supplicium alternantq; vices ac lumi gaudent
43 539 519 568 Efrra tortores recidiuo paſcere leto.
396 591 430 610 .
1 626 603 661 Effgiem genus humanum cum fingeret oris
75 661 555 690 Ipſe ſui Deus expreſſit, qua turpiter audet
75 691 601 720 Impius ad quoduis ſpecmen feritatis abuti:
76 721 623 750 Seruitioq; homines brutis animantibus æqut
2 746 533 778 IInnocus additq; nouis alimenta dolori
1 770 594 805 Pœarum inuentis, & faſtu inſultatamaro.
55 874 615 907 on celare poteſt odium quod pectore erſa
36 907 531 937 Im pius, ingeniumq. ſo ſe prodit vbiq,
36 937 552 966 Iudicio, Chriſtum petit inſidiator, & eius
71 967 596 997 Iudæo de more gre gem, præſentia quem non
64 998 575 1025 Numinis, aut ſanctæ reue rentia terruit aræ,
72 1026 630 1059 itima quum ſufſixa Cruci fuit ipſe Sacerdos.
1 1123 564 1160 Non ſacri cineres Vrna,non oſſa ſepulcris
661 1153 723 1178 Tuta
1 1155 38 1193 l
852 1238 883 1273 I
