888 1312
199 54 598 85 THEATRVM.
702 67 747 93 769
51 99 618 137 Culpa ſibi meritas perſoluet conſcia pœnas.
363 146 440 166 XXV.
194 184 625 212 De Margareta Midleton, virtute celeber-
336 216 481 246 rima ſœmina.
80 254 621 286 Et tua fœmineum commendat gioria ſexum,
81 285 595 317 Dura nec in ſummis animo demiſſa virago
82 316 651 346 Supplicijs, teneramq; tui non pondera molem
82 346 578 374 Corporis, iniecti non turbauêre molares:
84 375 653 405 Quin, ait, his totos membris imponite mentes,
69 405 614 447 Spiritus innocuâ tranſcendet acd aſtra ruina.
361 450 454 473 XXVI.
65 487 526 518 Perſonata ſibi ſumit violentia partes
68 518 554 549 Iuſtitiæ tituliq; furit ſub imagine recti:
73 548 576 575 Non ratio, non certa fides ad iudicis aures
79 577 580 601 Peruenit infandi, ſatis eſt ius dicere ferro.
66 605 736 641 Damnatur, premiturq; palam bona cauſa, nec vnquam
74 638 636 672 Opprimitur, rediuiua malis, ſuperata ſuperſtes.
362 682 453 702 XXVII.
179 720 640 750 De Dormitio Hurleo Archiepiſcopo Caſſelienſi
339 749 469 773 in Hibernia.
81 787 566 818 Spumanti diuiſa freto glacialis Hyberne
80 818 561 845 Diſtat, & abſciſſis interluit æſtus arenis;
1 847 575 878 Vt regione tamen ſic & ferita te Britannis
82 878 577 906 Proxima, pernicies eodem confinia fecit.
81 908 562 936 In ſanctos pietate viros graſſatur eodem
80 937 573 968 Impietas odio, rabiemq; exercet eandem.
343 975 450 1000 XXVIII.
45 1079 592 1108 Et tan tum latijs api cem veneramur in oris.
82 1109 598 1140 At gregis electi cuſtodia non cadet vnquam
144 1140 297 1161 Tomus Primus.
472 1142 530 1162 C c c
6 1144 48 1175 c
673 1145 744 1167 In ca-
