888 1312
178 68 570 91 THEATRVM.
676 71 712 87 y
1 104 579 139 Expiet armatâ Rutupinaque ſceptra Boleni
37 135 619 166 Non metuat generis, procumbentemq; leænam
51 164 586 192 Robora victricis doceat nanſueſcere dextræ.
53 196 575 224 At te tantarum moueant ſpectacula rerum,
53 224 615 256 Hæreſis, in cutiantq; tibi tua monſtra pudorem,
55 254 676 288 Si quis adhiuc ſupereſt: tua nunc fraus omnis & error
52 284 549 317 Et taciti patuere doli, poſitiſq; bidentum
38 314 514 346 Exuuijs patefacta lupi præcordia crudi.
54 344 568 374 Sed tolluntur humo ſuſpiria nubila fumum
54 374 573 407 Sanguinis excipiunt inſontis, & ipſe piorum
52 404 604 436 Exaudit lac rymas genitor nec deſeret vnquam
52 432 564 463 Militiam dux illa ſuam, nec parua rependet
51 463 528 491 Præmia, ſed rutilis victores inſeret aſtris,
52 493 574 525 Perpetuoq; gaegem electum tutabitur æuo.
1 517 587 550 Non eadem tibi conditio, non fata parantu,
53 552 589 584 Impietas, dabis æterno, dabis improbe pœnas
52 579 614 615 Tempore, cumque tuis auctoribus ipſa peribis.
77 625 674 662 In figiem D. Virginis Mariæ, cleſtu curi Rgine, vriſs;
147 659 604 692 Antue pinſis patronæ, ante des ſcnutoria,
227 691 523 719 in locum pri fani curuſdam co-
293 722 452 751 lsi reſtitutam.
1 750 618 784 nde nouum Pario cælatum marmore Numen
1 787 545 823 Et medio Regina foro deſcendit? an alto
51 814 603 851 Lapſa polo. vanum moles veneranda coloſſm
52 849 561 879 Non tulit at ſolitum voluit complexa tueri
51 877 544 908 Maieſtate locum. primaſq; reuiſere ſedes?
49 902 627 939 Nam cum priſca nouis Antuerpia creſcere tectis
51 937 582 970 Cœpit, & exiguo primum ſe claudere muro,
1 958 559 993 Omnis ab immenſo fiducia tempore Diuæ
51 997 554 1029 Virginis auxilijs ſemper ſtetit, illa penates
51 1023 589 1058 Auxit & ingentem paulatim erexit in vrbem:
51 1053 577 1088 Illa domos opibus cumulauit & vbere fœtu
52 1085 576 1118 Quæſitſq; in pace frui conceſſit, & auranm
1 1112 591 1164 ;dulſit ſacilem genitrix, cultumq; benignis
667 1144 711 1160 I
439 1146 514 1168 Ccc
