888 1312
244 69 527 92 TEATRVM.
703 73 746 96 79
118 108 612 139 Clauſerat illa, fores hac reſerante patent.
88 139 548 167 Illam Tænario fallax è gurgite ſerpens
117 169 566 199 Occupat, impietas & furor, ira, dolus.
89 196 621 228 Hanc natus genitore Deo, qui fœderis obſes,
117 230 542 254 Letheo veteres carcere traxit auos,
90 259 558 289 Nec voluit ſeros Erebo parere nepotes.
835 259 871 281 I
834 282 871 314 I
120 289 539 317 Colla ſed excuſſo libera ferre iugo.
92 319 604 344 Victricis vexilla Crucis, credentibus omen
118 349 501 379 Extulit, imperii ſigna futura ſui.
836 356 869 381 Il
94 376 710 406 Vmbrarum hæc oculis haud auſpicit arbiter æquis,
836 382 870 403 I
121 408 563 438 Sæuit, & auxiliis expedit arma nouis.
89 438 581 467 In Crucis excidium Latias aptare ſecures
121 468 615 499 Apparat, & dominæ conc tat vrbis opem.
90 497 600 530 Primaque Cæſareus tentauit verbera lictor
119 527 540 557 Incaſſum, &rabie proficiente nihil.
91 556 652 588 Nam lignum Crucis ad quoſuis obduruit ictus,
121 587 616 618 Statque magis, quanto cæditur illa magis.
90 616 702 648 Chriſtiadumque fides munerum cruciatibus auget,
838 627 870 656 D
120 646 604 676 Et crucis Imperium creſcere pœna facit.
93 678 640 704 Crux vicit crucis artifices, tormenta propago,
123 705 633 732 Vnus & innumeros Chriſtus in orbe Deos.
93 734 647 766 Non tamen antiquus furiarum in ſede quieſcit
123 766 541 796 Hoſtis, at indicto prælia Marte ciet.
93 797 656 826 Omnia conquirit pœnarum inuenta, tyrannos,
123 824 649 856 Monſtra, faces, laqueos, flagra, metalla, feras.
93 854 579 881 Donec Romuleos Chriſti Victoria faſces
124 885 555 916 Subdidit, & victo Cæſare iura dedit.
32 912 681 946 Hinc aquilæ ceſstre Cruci, vaſtumque per orbem
126 945 560 974 Crux fuit auguſtis gloria prima viris.
96 972 627 1006 Vt quoties fera barbaries, aut nominis hoſtis
126 1004 610 1029 Chriſtiadûm, ſacræ mouerit arma Cruci;
96 1032 734 1064 Arſacides, vel mollis Arabs. Macedumque phalanges,
127 1065 583 1095 Pontus, & Iſmarii Luna ſuperba ducis;
99 1094 747 1125 Aut Scytha, vel Garamas, mediis vel Syrtib. Ammon,
129 1126 583 1156 Errorum aut furiis gens agitata nouis;
681 1154 753 1177 Proti
490 1156 572 1182 Dd 3
