888 1312
245 60 633 86 THEATRVM
727 63 766 84 7I
102 101 664 137 gi mens cultabonis non deficit artibus, hic eſt,
133 133 640 163 Lctor, in externa quod tibi quæris humo.
1 161 687 192 Hac iter eſt totus tibi qua pa tet. aduenia,mundus,
133 192 563 219 Et iatetartifici machina tanta libro.
102 221 624 252 Eoritur nouus Alcides, qui pondera molit
134 252 554 277 Eſt humeris auſus tanta ſubire suis.
106 281 640 316 Qui maris & vaſtæ fundamina maxima terræ
136 311 585 339 Subiicit hic oculis conſpicienda tuis.
1 337 625 372 Et Meroën ſpectare domi concedit & ortus
136 370 526 400 Nile tuos refugis luxuriate vadis.
105 401 592 429 Ile colorantem radiis Hperiona gentes,
134 428 628 462 . cgnaque ſub geliido dat Nabathæa polo.
106 460 561 491 IIla tibi Scythicas illæ ſa calce prunas,
138 488 560 520 Et Tanaim patrio dat ſuperare ſolo.
108 516 675 552 eptunumque fretis procul a tellure furentes
137 547 602 583 Ehibet, & tumidis carpasa vecta notis
108 574 674 607 Nec ſatis eſt tantam clauſiſſe volumine rlem,
138 606 566 639 Terrarumque ſitus edocuiſſe vagos:
108 633 687 668 Nec ſatis, immenſos regionum indagine tractus
140 665 533 698 Nec de montanis diſeruiſſe iugis:
111 691 638 726 Non frondoſa ſatis pandentes brachia ſyluæ,
141 722 670 756 Non mare, non portus, non freta pigra lacus:
112 755 706 785 Non fontes, non fana Deûm numeroque carentes
144 783 639 820 Qas pelagus rapido gurgite ſorbet aquas:
112 814 571 845 Nec ſatis aëriis æquatæ nubibus arces
142 839 646 879 Non vrbes domitis quæ dominantur agris
114 867 723 904 Nec ſolum innumeris populos diſcernere linguiss
145 901 635 931 Aut mores facili cum breuitate docet:
116 929 658 965 Sed liber hic patriæ docet incunabula gentis,
144 959 656 998 Et noua cum priſcis nomina quemque ſuæ.
116 989 652 1027 Mutataſque vices rerum, mundique ruinas;
149 1017 698 1058 Quum male, quas ſtruxit, ſuſtinet orbis opes.
116 1049 629 1087 Tempora præteritis euoluit plurima ſeclis
147 1078 652 1115 Hoc opus, antiquam conciliatque fidem.
116 1108 606 1147 Errorumque tuos auctor caſtigat in vſus
663 1132 780 1164 iai
439 1139 548 1164 Ddd 4
