888 1312
1 8 120 26 )
231 61 526 87 THEATRVM
675 65 715 88 97
1 97 539 136 Pergat, & heſternos continuare iocos.
32 130 660 162 Pars imitata nouas ſi qua eſt quæ petore flammas
88 162 517 189 Hauſit, eas venis conueniente. alat.
63 191 577 225 Præteritiq; memor thalami ſubrideatinter
88 223 550 256 Nupta recens poſita virginitat nurus.
65 250 564 281 Oſcula ſed noctis iubeant iterata ſecundæ,
89 282 546 311 Lu cinam decimo menſe vocare deam.
219 335 555 365 Ioanni Aſcanio Bochio, I.V. L.
1 385 578 423 Sudatum, fili ſatis eſt, nunc meta laborum,
91 416 515 452 Optatuſq; dato iam rude finis adeſt.
64 445 581 480 Nec decet antiquo tyronem includere ludo,
92 475 573 511 Amplius emeritus qui modo, miles erit.
1 503 616 545 Non ætas eadem, non mens. Quis prælia tractet
94 535 547 570 Semper. & aſſiduos induat arma dies?
67 562 628 601 Quem iuuet inſomnes ad claſſica ducere noctes
55 593 589 629 Continuo & glido ſub Ioue caſtra ſequi?
65 627 579 654 Præmia victores ni tandem certa manerent,
93 652 588 690 Pax pro Marte, metu palma, labore quies.
175 703 602 740 In Epemerides ſacra Niclai Oudarli IC.
334 736 464 764 Druxellenſis.
66 781 550 819 Feſta canit priſcis Annalibus eruta Naſo,
93 816 485 846 E ſacra, ſed ſictis edita manibus.
65 846 581 881 Aſtrorumq; vices occaſum ſignat & ortum,
94 875 552 907 Et notat ætherias, quas nequit ire, vias.
67 907 568 942 Exeimplo meliore pias Oudarte, Camœnas
96 934 519 965 Audimus, numeris afficimurq; tuis.
34 960 610 1006 Nam tua du laeros diſtinguit pagina Faſtos,
96 992 561 1028 Et veri Superum cum grege. Feſta Dei;
35 1020 619 1054 Admonet, & memores veſtigia ſancta ſequendi
96 1053 545 1083 Nos facit, & cœli carmine pandit iter.
68 1083 590 1118 l,nunc & genitum, Lector Sulmone Poëtam
37 1111 574 1150 Abiice, quem propriæ cura ſalutis habet.
654 1136 719 1168 Naſo
3 1156 37 1183 ;
