888 1312
163 47 559 75 EATRV.
659 55 711 78 7
31 90 639 124 Lesbius, vt fama eſt, modulis Terpander amœnis
74 123 496 154 Spataros potuit conciliare truces.
48 152 620 183 Hermogenem iactant alii, nos vincimus omnes,
77 183 471 209 Andrea, Muſæ laudis honore tuæ.
51 211 544 243 Terminus antiquis vitæ cantoribus idem,
76 241 474 267 Vocis & humanâ conditione fuit.
50 268 634 305 At tua poſt cineres modulamina docta ſuperſunt,
77 301 503 334 Ingeniiqe tuas orbis habebit opes:
47 329 645 360 Dum Charites luſum, riſumque Erycina mouebit,
75 361 511 393 Et puer Idalias, matre iubente. faces.
48 391 626 419 Donec erunt Muſæ. donec diſcordia concors,
841 386 876 426 I
73 420 539 451 Donec eruntfeſtris cantica grata choris.
134 469 606 503 Epigramma, cum Druxellis Muſicorum ordini
306 501 432 528 aſcriberetur.
839 519 874 557 l
46 537 674 573 Hhœbe pater, ouus ingreditur tua templa ſacerdos,
76 569 514 599 Auſus adoratas tangere calce fores.
49 598 603 632 Sit felix fauſtmque precor, da noſtra ſororum
840 613 885 644 I
75 628 505 660 Muſa ſit Aonios viſere digna choros.
50 659 589 693 Vos quoque vobiſcum ſocii Pœana caentem
76 688 545 721 Excipite in cœtum ſi modo dignus ero
48 716 581 751 Fingite vos ſimiles diuis quibus hoſtia multa
77 748 573 782 Diſplicet, & tauronon minus agna placet.
1 776 577 807 Forſitan & noſtri creſcent primordia cantus,
1 805 584 841 Si minus, t veniam, qui bene cœpit, habet.
209 849 535 877 Ad Ioannem Bapt. Houvaert.
49 886 540 920 Etas priſca ſuos celebrauit laude Poëtas,
75 916 472 942 Et iactat vates Græcia docta ſuos.
32 944 605 977 Nec minor Auſoniis eſt gloria parta Camœnis,
33 976 549 1009 Et ſequitur Muſam Gallica Cecropiam.
33 1004 652 1033 Carminibus Rhenus, numeriſque ſuperbit Iberus,
34 1034 581 1067 Arnus Apollineis gaudet He truſcus aquis.
46 1064 591 1097 Nec, Baptiſta, tuum nomen Bruxella tacebit,
76 1094 522 1129 Qui facis apta tuæ Belgica metra lræ.
590 1117 708 1147 Caſlalios
1 1144 28 1167 us
