888 1312
209 51 327 64 T
213 53 599 76 ATRV
700 60 740 79 S0
31 85 678 122 Quod non antè malis cum moribus extulit illam,
46 121 578 151 Cum fuit à primo tempore ducta dolet.
185 162 622 191 Ad Pctrum d oudegherſtI V. D. Hi-
318 193 472 223 ſtoriograpbum.
72 232 571 262 Flandrica, Petre, tuo, cœlis ſe gloria tollit
102 262 508 293 ngenio, ſcriptis viuet & ila tuis.
73 292 546 320 Vſuram ſimili iugulas ratione voracem.
104 323 606 353 Quis vir hic, & vitæ eſt auctor & interitus?
75 352 631 386 Regibus & imperium vitæ commune neciſq;,
102 383 607 413 Doctrinæ eximio munere Petrus habet:
77 413 633 442 Sic tamen æternæ Flandris cum Lampada vitæ
104 442 489 467 Prætulit hiſtoriæ ſedulitate ſuæ;
846 434 884 474 I
75 472 591 502 Ipſe decus ſibi perpetuus nomenq; parauit,
106 502 567 532 Quamq; alijs vitam præbuit, ipſe colit.
69 531 588 561 Fœnoris inuiſi ſeu cum diſpendia truncat,
104 562 543 589 Quærit in æterna nil niſi luce moras.
67 591 569 620 Sic vita, ſic morte ſuam producere vitam,
106 622 619 652 Qua m non, Petre, dies terminet vlla potes.
205 668 604 698 Manibus Arnoldi Myli Tpgraphi.
78 709 618 740 Sudatum ſaris eſt: placidæ nunc præmia viræ,
106 738 619 769 Docte Myli, ſuperûm cum grege læta capis.
77 769 544 796 In terris lux acta tibi per mille labores:
106 797 523 821 Mollius an dici nomine debueras?
78 827 617 858 An mola te Graio Mylium cognomine finxit:
107 856 587 887 Impoſitum meritis conuenientes habes.
77 887 646 916 Hoc operum moles hoc mille volumina dictant
109 915 545 944 Librorum, ſtudio ſplendida facta tuo.
81 944 703 976 Pars quoq; magna fuit Reſpublica magna laborum,
111 976 614 998 Creuit honos celebri munere, creuit onus.
81 1004 613 1035 Nulla quies homini piſtorum eſt vita, molari
111 1034 599 1063 Incumbunt humeris cura laborq; modo.
83 1064 549 1093 At petit ætherias cœleſtis portio ſedes,
115 1093 605 1127 Oſſaque marmoreo condita ſunt tumulo.
662 1127 740 1149 Terra.
464 1125 519 1145 ETe e
147 1128 304 1145 s Pus.
12 1150 47 1185 C
