888 1312
681 70 731 93 105
185 73 601 104 rHEATRVMI.
43 121 613 183 .
17 178 542 216 Iuſte, pari voto dirimit ſententia litem;
37 208 485 250 Hæc prodeſt alijs, prouit illa tibi
168 247 612 278 In Læuini Torrent Antuerpienſium Pra-
310 279 461 310 ſuls efgiem.
1 314 616 352 Chriſtiadum columes vatum Torrentius ille
38 352 441 385 Læuinus tali pingitur effigie:
1 380 609 416 Sed pietas, ſed priſca fides, prudenria, mores,
1 409 527 442 Ne lateant docti perlege ſcripta viri.
160 442 615 479 Ad Ioannem òapt ſtam Houvvaert in lirs
303 480 486 508 de IV. nuiim,
65 508 667 557 Hunc quicunq; manu tractaueris aduena libruam,
95 547 538 580 i neſcis. docti ſunt monumenta viri.
1 564 44 590 v
65 579 586 610 lam non Pelidæ decantat, vt ante, furorem,
92 610 540 640 Non Laërtia dem. nubigenaſve truces:
66 640 585 670 Nec louis hoc libro furtiuos, lector, amores,
93 668 528 703 Nec magni Alcidæ triſtia fata leges:
66 685 674 736 Nec muſa hæc tragico Baptiſtæ innixa cothurno eſt
93 724 591 765 ITagina, vis dicam quid docet ita? MOR.
361 770 434 793 Aliud.
34 803 628 853 Cm Bapiſta. docet flici occumbere morti,
83 836 632 885 Et quoextrema modo ſunera quiſque paret
42 867 585 906 Tumibi perpetruan tali pro munera vita m
1 868 81 897 j
98 901 581 933 . terris certum eſt, morte parare rua.
185 930 621 969 In itaem bami Ortel oſmgrapbii
1 947 43 980 i
370 969 430 999 Raj
72 986 677 1037 Hem. quam pauca ſatis terra eſt condantur t oſſa
101 1023 574 1062 Oreli, tumu:o quam iacet illa breuil
73 1055 570 1090 Pro meritis vrnam nactus ſedemq; fuiſſct,
102 1087 493 1122 Debuerat ſaxo ipiendidiore tegi.
76 1113 598 1158 Qui totum varijs inpleuit laudibus orbem,
683 1133 734 1162 Quà
455 1150 533 1169 Ee e ;
348 1287 609 1309 ea r
