888 1312
182 77 577 103 THEATRVM.
674 81 724 104 S7
81 120 599 151 Sic reparant tenebræ lumina, noxq; diem.
1 146 588 181 Oedipodioniæ redeunt ænigmata Sphingis,
43 180 616 204 Nec ſua noſtra minus ſecula monſtra ferunt,
18 207 644 242 Quiſquis at vmbrarum ſub nomine clara tuetur,
43 240 585 271 Quæ Scnotus illuſtri lumina mente tegit,
64 271 481 301 Inſigniſq; viri raras examinat artes,
93 298 596 331 Quas ſtupet & Latium, Græcia tota ſtupet:
66 330 598 358 Non mirum eſt illam radios emittere, dicet,
86 359 607 391 Lampada lumen habet Photius vnde ſuum.
1 384 615 419 Nec rutilas præferre faces mirabitur vmbram,
94 419 587 452 Quæ lucem hancaljs pluribus ante tulit.
67 448 557 480 Saluete, o tenebræ. fulgenti luce coruſcæ,
849 451 880 483 I
95 478 552 503 Sit ſatis hoc veſtri muneris eſſe decus:
66 506 617 539 Photius in medium quod purior exeat orbem,
849 535 879 572 I
92 537 557 565 Lux e nube, redux carcere, nocte iubar.
850 568 882 597 I
154 580 631 609 In obitum Iacobi Schotti Theſaurarij Antuerp.
849 598 879 623 I
278 610 505 636 P. And. Schotifratri.
67 649 598 681 Erramus dubij medijs dum viuimus vmbris,
95 679 608 710 Hoc, Scote, tu nomen conuenienter habes.
69 710 559 737 Vixiſti tenebris & carcere clauſus inatro,
97 739 545 773 Fulget ab ætheria nunc tibi luce dies.
2 768 596 802 Pr tellure polus mutatur, & orbe perennis
101 799 534 832 Gloria, pro leto vita, labore quies.
174 847 612 879 In eſiiom Clri ophcri PlantiniArchitypo
327 880 459 910 gapbi gij.
42 920 623 953 Plantinum ibi, ſpectator, proponimus, vt cum
101 949 520 983 Nomine perpetuo viuat & effigies.
42 978 585 1018 Sic vbi poſteritas miracula tanta librorum
103 1009 586 1038 Eius & innumerum ſera videbit opus:
75 1037 683 1076 Tunc & Chriſtophorus, tune ille es? dicat, in vnum
102 1068 550 1105 Et ſua conijciens lumina fixa virûm;
78 1097 613 1132 Muſarum,O pater, exclamet digniſſime, ſalus,
103 1128 557 1160 Reddita ſunt ſtudio ſecula docta tuo.
448 1160 535 1183 Eee 4
685 1155 738 1184 hri-
5 1173 44 1197 it
