888 1312
204 80 594 104 THEATRV M.
703 85 747 109 S09
1 104 628 152 Pugna Cleonæo necquæ ſpectata Molorcho
42 149 597 178 Tanta, nec Alcidæ tam ferus hoſtis erat:
45 173 646 214 Quàm tibi cum ſcriptis auctorum ſæpe vetuſtis
114 210 524 235 Dura, vel inuidia iudice, lucta fuit.
45 240 574 273 Et te Mænalio certantem vidimus apro,
114 269 582 298 Orcus, & Inachij te timet hydra lacus.
45 300 676 331 Nam tu tum vitijs corrupta volumina truncas,
115 329 548 358 Et latiæ, & linguæ conſulis argolicæ:
1 335 48 373 u
45 359 624 389 Veruses hoc noſtro Tirnthius alter in æuo
117 387 527 417 Ille uis, ſed tu Palladis auſpicijs.
365 430 475 458 Conſtantia.
397 471 440 490 III
44 505 678 545 Quiſquis es, i cuncts oeramtibi rebus inanem
123 537 558 569 mis, & in vana luditur ate labor:
1 567 648 615 Ni caſus animum fitmes conſtanter ad omes,
121 600 558 624 Duret, & in iinem coninuetur opus.
44 617 636 658 Propoſitiq; virum cnſtantia firma tenacem
122 658 558 690 Qærit, & aſſia ſedulitate gucin.
98 687 558 715 alis erat noſtri Plantinus glorra ſcli.
73 716 541 747 Curita? librorum copia teſtis erit.
392 760 433 780 IV.
831 776 885 796 u
96 795 678 828 Hoſpes, Idumam tumulo frondeſcere palmam
126 827 574 860 Cernis, lon ora:is ſerta parata comis.
97 853 694 888 Adſpicis aduerſa reliqut quod compleat orbem
131 886 568 913 Parre, Venafranis edita bacca iugis.
99 916 621 946 Non alia decuit Plantinum fronde corona,
130 946 536 979 Siſatis ad laudes vlla corona ſuas.
72 974 607 1006 Seu labor hoc meruit, deſudatæq; paleſtræ,
130 1004 610 1039 Editaq; innumeris ſcripta voluminibus.
101 1035 610 1060 Seu Pandioniæ cui maxima cura Mineruæ,
128 1064 578 1096 Palladis ornatum fructibus eſſe decet.
100 1093 603 1127 Vtq; reluctatur, depreſſaque brachia tollit
83 1126 609 1156 Palma, nec aduerſo pondere nutat onus:
728 1151 765 1173 Sic
508 1156 580 1178 Eee5
5 1160 50 1195 t
