888 1312
185 35 562 59 .
710 40 777 72 r3
89 74 597 110 Quod Tityi vultur ludibria, fabula ſaxum
131 105 639 136 SIt tibi, vel grauius ſiquid Auernus habet:
101 135 650 164 Inueterum decreta atrumtu ſc ripta refellis,
133 166 656 198 Et quod in immenſo creditur obe. negas.
36 192 677 231 Cum malus ætheriis tam angels exul ab oris,
134 224 578 259 Ad tenebras Orco lapſus hiante fuit.
53 255 692 289 Et quiſquam fluuium Lethes aulamq; tremendi,
132 285 585 312 Ditis, & Vltrices neſciat Eumenidas?
105 314 724 347 Noxia pro meritis hominum quæ c rimina plectant,
135 344 586 373 Vt Deus inſontum præmia diſtribuit?
108 374 633 403 Sed tu iuſtitiam ſubuertere Numinis audes,
139 405 590 440 Quin te præcipitem tetrior error agit.
106 432 670 467 Qui terram ex nihilo, qui cætum & ſydera fecit,
139 463 542 491 Non vis conſiliis omne poſſe ſuis?
110 492 660 525 Multa negas ſed nulla probas Caluine; furoris
142 521 661 550 Hæc nota. cuum condis pectore, vera tui eſt.
112 551 615 580 At rabies ea Tartareas te truſit ad vmbbras,
143 581 579 616 Vt quod conſueras ante negare ſcias.
111 610 643 644 Nos vero monitis dantes melioribus aurem,
142 640 615 673 Electi. ſequimur dogmata ſancta gregis.
113 670 623 701 Præſtat ad æternæ capienda reſurgere lucis
148 698 595 729 Munera, cum noſtro præſat Anaſtaſi:
81 730 647 764 Quam ſortem cum Caluino mutare beatam,
145 758 634 788 Cœlum Erebo, vitam funer nocte diem.
291 789 550 816 Ann clo lco. Nn Febr.
119 813 766 845 Prouocatus ab Soſte Gallicæ turmæ Duce Dde Breau
120 845 768 881 te, genere claro, ætate feroci Gerardus Abraham Sy-
118 875 768 908 uæducenſis in ducenda equit it turma D. Antonii Ea
121 904 769 934 ronis de Grobbedonc ces gerens, c L. duob. comi-
120 933 768 966 litonib. contra totidGallos, veteri Horatior explo,
120 964 770 992 virtute & ſueceſſu admirabili, cæſis hoſtib.VII. in co-
122 994 771 1029 ſpectu patriæ ac pro eius gloria fortiter dimicans cun
121 1022 772 1057 fratre Antonio ac duob. liis militib. luis cecidit, qui à
123 1052 772 1081 turmæ ſuæ Duce ſolni funereSyluæ ducis apudDomi
106 1082 773 1116 nicanoshuc delati, ob mort, qua no potuit ctingere
686 1111 770 1139 glorio
