888 1312
238 36 543 64 TETRv.
723 54 769 76 S;
95 77 606 112 De grege Tireſias vatum fuit vnus, at alter
1 93 589 136 Haud tibi par docta Muſicus arte fuit.
205 150 629 183 De Baecho Naiade. E. Graco,lib..
366 182 463 208 Epigram.
40 213 675 250 Hulminis oppletum Bromium pereunte fauillis
121 249 597 281 Matre, la uat vitreis candida Nais aquis.
1 266 668 310 Bacchus amat nymphas ideo, tu pocula ſumens
121 309 590 339 Ba cchica, coniunctos ni ſinis, ignis erit.
158 347 671 378 In ſignum Victoria, cum fulmen alas abſumſiſſet,i
838 366 884 399 I
372 379 436 397 Gro.
2 393 640 435 lternum dominæ manſura eſt gloria Romæ,
2 421 571 464 hNam ſpoliata ſuis alio concedere pennis
38 465 677 495 Non quit, & inuolucres victoria tendere curſus.
124 504 715 534 E Anthologia feſtiuisiima epigrammata de Amore d--
341 534 463 555 ne e ræco.
38 602 670 633 Quiſquisaues rutilos accendere protinus ignes,
126 633 588 661 Et tenebras media vincere nocte potis:
95 661 689 691 Huc ades, atque meo ſumas depectore flammam,
124 692 533 722 Vritur & multas eiicit vſque faces.
392 736 432 755 II.
1 760 881 812 Pectitur haud lacrymis amor relembrote, nec qi
123 793 564 815 Vllus inexſtinctas vincere rore faces.
93 822 664 851 Solus amor fuluo ſemper medicabilis auro eſt.
124 852 589 883 Nec periit mediis cu fuit ortus aquis.
396 895 436 914 III.
93 921 644 952 Sola poteſt ſedare fames vel tempus amorem,
92 952 656 982 Quod niſi letiferum tandem reſtinxerit æſtum,
51 981 613 1010 Nulla niſi laquei ſupereſt tibi cura petendi.
351 1025 435 1052 IV
39 1051 659 1083 Quis finxit rigui latices prope fontis Amorem,
120 1081 601 1114 Haud ſecus ac vllis eeſſet hic inis aquis?
600 1115 747 1138 . Heſtenæ
