888 1312
236 54 538 79 THEATRVM.
680 53 737 77 317
39 91 600 125 Eſſ meum cupias, perplacet omen Hagi.
38 124 629 163 Candor amicitiæ vult omnia candida noſtræ,
38 156 509 187 Cordaq; Sithonia candidiora niue
38 184 629 225 Quæ vel Amyclæos ſuperent albedine cygnos,
38 214 513 248 Poſtulat affectu diſſimulante nihil.
38 241 593 279 Hoc poſſum præſtare, tuo ſic dignus vt albo
38 274 543 313 Efficiar, primo & primus amore, loco.
264 326 556 354 Pi manibus Iuſti LipI.
7 364 611 399 Parcite. Lipſiadæ. lacrymis queruloq; dolori,
94 398 520 433 Qui facitis tuſto iuſta ſuprema meo,
1 424 558 458 Non obiit, ſed parte ſui meliore ſuperſtes,
96 455 575 488 E lato ad tumulum funere, viuit adhuc,
66 484 608 519 Mors rapuit mortale. nihil conceditur vltrà;
95 514 541 553 Quod periit terræ portio quanta fuit?
1 544 615 579 iTam parua vt vix vlla. volat nam mole ſoluta
94 574 636 609 Corporis, in tenues puluis, vt vmbra, Ntotos.
1 601 622 640 Sed probitas animi ſemper ſpectata manebit,
95 633 559 663 Et irtus, morum candor & integritas.
39 663 559 693 Hi comites illum ad ſedes duxëre beatas,
95 689 639 731 Cum grege victurum tempus in omne ſacro.
69 722 567 757 Nec minus in terris doctrinæ gloria durat,
97 755 600 783 Viuit, & in ſummo culmine Vernat apex.
70 777 660 818 Quæſitum eſt decus ingenio, quod nulla vetuſtas:
99 810 571 840 Imniinue , ſtudii nec monimenta dies.
70 839 604 871 Oclaram meritis animaml Virtutibus ornat
101 869 550 901 Sidera, tellurem moribus, arte libros.
42 898 625 932 Iuſte, tuum memori nomen cantabitur æuo
97 927 601 961 ternus, tua dum ſcripta leguntur, eris.
170 968 608 1004 In aſaris Paronii Anaies Eccleſiaſticos
43 1005 608 1055 Quimoles operum, miracula vana coloſſos,
101 1040 596 1075 Qui ſtupet a tiici marmora ſecta manu,
45 1068 599 1102 Miratus vererem ſpirantia fruſtra laborem,
30 1097 587 1156 Qu videt, aut penitus qui periiſſe legit;
1 1106 48 1133 b
658 1122 730 1155 Qi
478 1127 538 1151 F
173 1136 342 1165 Tomus pimus
