888 1312
240 75 534 99 THEATRVM.
687 82 726 103 SI
98 116 586 147 Idem opifex, idem et angulus, ipſe Deus
1 147 601 178 Cares & immodici faceant impendia luctus,
98 176 472 206 Et Mauſolæi culmina celſa rogi
39 200 669 238 Noſter habet vitam tumuus,mors ipſa ſepulta est,
100 236 548 260 Hæc cœli reſerat fontibus Vrna viam.
71 267 596 297 Eleumq; Iouem, toties quo præſide parta eſt
101 296 560 320 Gloria, Phidiacum Græcia iactet ebur:
69 325 608 358 Rectorem immenſi nos deciaramus Olympi,
102 356 543 386 Qui cœlo & terris imperat atq; mari,
71 386 568 415 Priſca fides Triuiæ atonia templa Dianæ
100 416 536 445 Laudet, & intacta virginitate Deam:
39 446 604 475 At nos, Virgo, tuis, genitrix aduoiuimur aris,
103 475 586 502 Quæ meruiſti vtero claudere ſola Deum.
72 505 595 534 Nota fuit timidis conſpectâ lampade nautis
842 513 875 526 IIm
842 526 879 545 u
103 534 556 564 Inſula Phœbea mole ſuperba Rhodos:
75 564 530 594 Hic fidei portus, ſax celligionis auitæ;
104 594 558 623 Nulla est præteritâ qua ſtatione, ſalus.
67 623 611 655 Miramur Libycis ſpectacula cincta columnis,
103 653 570 683 Magnaq; Romanis amphitheatra foris:
75 684 574 712 Emptus vtad cædem prertioſa certet arenâ
102 713 580 743 Et data commutet vuinera morte pugil:
74 743 538 766 Aut caueæ medio Getulis aduena ſiluis
105 772 534 802 Sæuiat in miſeros bellua dente reos.
81 802 575 829 Talia delectant ſi quem certamina. noſtris
106 831 557 854 Non minus inueniet triſtia fata libris:
76 859 633 890 Non mritis, nec ſorte pari, nam præmia victos
106 890 620 915 Pes tormenta, cruces, funera, certa manent.
76 919 526 950 Hoc gregis electi ſedes animoſa beatas
107 950 564 979 Pignore, nate Deo, te duce. turba petit.
80 979 570 1008 Si ſpectare iuuat, valeant antiqua, theatro
108 1008 528 1031 Cæſaris humanæ ſcena salutis ineſt.
42 1038 625 1069 Noſtra docent vitæ melioris pulpita normam,
110 1067 523 1095 Fabula laſciuos nil niſi priſca ſales.
1 1098 610 1143 Qque ſuit magni quondam victoria Circi,
16 1127 506 1169 Aitioobis eſt fugu, meta Deus.
518 1159 597 1182 F 2
704 1161 733 1185 E
