888 1312
255 65 548 94 THEATRVM.
105 102 535 133 Cyrrhæa articulis plectra ferire ſuis?
42 131 652 162 Soluere quem docuit ſacrarum ænigmata legum
107 163 492 184 Illa Leonini vox celebrata ſenis?
41 185 655 223 Pragmaticum longe quem reddidit Hartſius vſu,
103 222 540 249 Hartſius Aduatici gloria magna fori?
1 251 613 299 Quem fora mirantur, quo defenſore clientes
107 281 524 311 Impauide rigidi iudicis ora ferunt?
78 308 672 342 Qui nunquam accuſat ſemper iuuat, & mea cuius
106 340 542 370 Cauſa patrocinio. conſilioque ſtetit?
79 368 647 400 Sit felix, fauſtumque, Deus tua cœpta ſecundet,
107 401 542 430 Adſit & ad tædas pronuba Diua tuas.
40 430 636 460 Et tibi, clementem Clementia, nacta maritum,
109 460 534 490 Gratulor eſe pari conditione faces.
78 490 656 520 En geminos eadem virtus commendat amantes,
108 518 591 550 Indolis illa bonæ eſt, mentis & ille bonæ.
81 550 648 578 Hic clemens, ipſa eſt Clementia, certat vterqus,
110 579 540 609 Sitne pudicitiâ, vel prob:tate prior.
844 597 885 630 l
82 608 607 633 Omnia conueniunt ambobus & vtilis ætas,
110 638 562 668 Ne minor eſſe annis ille, vel illa queat.
38 666 725 700 Quid ſupereſt? niſi quem concordia iunxit vtrum
110 696 592 728 Duret ad extremum funeris ſque diem.
78 727 553 754 Illa, Henrice, tibi caſu ſolamen in omni,
110 757 560 788 Et comes aduerſus ſiue ſecundus erit.
81 786 595 819 Te quoque ſacrati moneat reuerentiaicti,
112 816 489 848 Ne te diſſimilem ſentiat illa tui.
81 845 603 876 Viuite, nam dignus non eſt mlicre maicus
110 875 545 908 Coniuge, nec coniux eſt meſireir
1 906 616 935 Ferte roſas calathis pueti innuptæxue puel
1 935 527 967 uAtquecupidineas ſpargite deliclas.
81 959 714 994 Murmura ne placidum turbent ymenæe, ſoporem,
110 994 520 1023 Siſte coronatas peruigil ante fres.
39 1021 613 1055 Fac Cytherea thorus reddat fcunda inalis
111 1052 647 1085 Gaudia, quæ decimo gaudia menſ ferat.
40 1081 691 1120 Quam cito conſuetum mntabunt nomen amantes:
110 1111 577 1146 Quam cito pro caſta virine mater erit
676 1141 744 1160 Tuno
478 1141 568 1165 EI 4
7 1147 44 1177 c
