888 1312
185 59 586 82 THEATRVM.
676 64 716 85 829
30 96 596 129 Vincla iubet, refluoque vadum ſulcare meatu
33 128 635 165 Rurſus, & æquoreis iterum colludere nymphls.
277 168 471 194 In naui velificanti.
37 199 542 238 Erneſti Ducis imperio, qui vellere fulget
38 237 541 269 ſonio, non Cyanei Symplegada ponti,
38 267 627 297 Non hoſtes horremus, auet gens omnis in altum
38 296 576 334 Vela dare, & ſolitas inuiſere puppibus oras.
206 338 567 368 In porticutemporaria Fuggerorum.
58 375 680 408 Aſpice, magne Ducum, terræque mariſque trophæa
60 407 597 436 Factis digna tuis, ad quam te Belgica palmam
60 436 607 470 Fata vocant & vota, Deus tua cœpta ſecundet.
2 488 700 537 In introitum ſerenis. Prineipp. Albcrti& Iabella, Auſiriæ
145 520 628 545 Archiducum, &c. ſto Idus Decembr. M. D..
259 550 520 579 Ante portam æfaream.
62 588 627 621 Quod ſidus radiare nouum, quæ lumina, ciues
62 618 606 651 Conſpicimus non viſa prus? clariſſima Belgis
61 648 538 685 Lux Iſabella ſuis Tithoni ſurgit ad inſtar
65 676 667 712 Coniugis; iia diem, ſed pacem hæc inuehit orbi.
843 708 872 733 B
343 719 420 740 Ibidem.
64 757 573 797 Eoritur miſeris lætum mortalibus omen
65 789 544 825 Anſpiciis, Alberte, tuis, te bella reſident
1 810 26 832 u
64 818 568 854 Vindice, pacatuſque tuis virtutibus orbis,
63 848 529 885 Nquali veterem ſeruabit lege tenorem.
141 885 655 921 In curru triuphiali, cui Nympha forma inſidebat
329 921 455 948 Anucrpiad.
2 952 619 996 Candor ineſt animo, quo ſeſe Antuerpia vobis
39 986 563 1024 Dedit, & e toto pectore næuus abeſt.
40 1016 586 1053 Puraque ſiuceris ardent præcordia flammis,
93 1046 536 1078 Cra ſides illas ſubdit amorque faces
5 1073 701 1112 Mauge & magna Ducum, quid munere ſperet abiſto,
95 1106 566 1140 Ouaritis? antiquo viuere poſſe modo.
677 1135 733 1158 Vt
