888 1312
227 29 596 65 BoCtI IoA. FIII
710 49 752 72 845
88 77 631 108 Pergis, & in medio Victricias præmia cernens
120 108 595 132 uluere, Victoris nomina Victor habes.
1 128 642 163 Vidit, & alma Themis tanto fruitura miniſtro
109 168 586 198 Ad vaga demiſſum ſuſtulit aſtra caput,
43 198 588 229 Impoſitaque tibi lauri de fronde coron
120 228 521 256 Duxit ad arcani myſtica ſacra ſui.
1 250 606 287 Felices titulosl quibus eſt concordia curæ,
119 286 668 316 Abſque quibus pereant Orbis, & vrbis honos.
2 318 645 348 Perge, nec egregiis clarum, Franciſce, trophæis
118 348 544 377 Irrita ſacratum turba moretur iter.
1 377 576 406 In teliuor edax acuat ſua ſpicula: cœlum
121 408 664 436 Cum haetonte petet, cum haëtonte cadet.
90 438 604 467 Inuida concipiat rabidos Fortuna furores:
122 467 569 488 Nil habet ad mores iuida Diua tuos.
90 498 611 527 Nam veluti rupes latrantes vndique ventos
119 526 566 555 Spernit, & irati murmura ſ ua maris:
1 556 603 582 Liuida ſic morum deridet fulmina candor,
120 586 608 615 In quem cœca furens nil Dea iuris habet.
89 616 580 644 Ad mores Fortuna nihilqui fſoreat iſtis,
120 644 478 668 Non oſſt fato deteriore frui.
3 674 646 704 Candida ſimplicitas luctantibus acta procellis
120 704 570 732 Surgit, &aduerſi deprimit arma Noti
1 733 646 764 Viue igitur candens animo, tranciſce, Dearum
115 764 605 787 Deliciæ. & Themids verus & vnus amor.
1 780 607 821 Tu Diuæ columen, Diua eſt tibi gloria: Viue
115 821 498 846 Aſtræa iſtius munere, at ille tuo:
1 851 640 888 Quicqid enim ſummo laudis ſudore parabit;
116 881 555 909 Pars tibi ſudor:s pars tibi laudis erit
88 911 637 941 Et tibi donec erit ſacris laus vlla triumphis;
88 940 656 969 Quicquid erit. udens. crede. triumphus erit.
1 959 43 981 E
71 970 737 1000 Eruditione. d Morum prbiate onſoicuo luent Ioanni de FPape
174 1000 636 1031 Antuerpienſi IL V Palmam Referenti Gra-
361 1032 442 1051 tulatur.
1 1044 649 1088 Fraxinus in ſiluis dum ſquallet, pinus in hortis,
1 1088 609 1121 Ms Populus in fluuiis, montibus alma Ceres:
613 1120 736 1149 Cur
