888 1312
211 29 710 55 BOCHIIIOANFILI
681 42 741 66 847
110 72 565 102 Cernitur in iuueni viuere pube ſenex.
80 102 618 133 Ie, velut poſitis ſummi Iouis armiget anni
109 132 472 161 Exuuiis, viuâ iunior exit aquâ:
1 147 549 196 Et elut exutâ ſerpens rediuiua ſenectâ
108 190 627 221 Fortior aſſurgens languida membra leuat:
80 221 609 250 Cum viget in feſſo iuuenilis corpore feruor,
109 251 588 281 Inuicto inuictum corpore pectus habet.
81 280 594 308 Ie nec emeritas curarum ſoluit habenas,
108 312 545 340 Maius in erecto pectore pectus ineſt.
2 327 552 368 Filius vt ventis agitata furentibus ilex
109 370 552 400 Deſpicit aduerſi flæmina cruda Noti:
79 400 641 430 Sic licet immensâ ttudiorum mole prematus,
110 429 489 458 Eſſe nefas moli ſuccubiſſe putat
35 460 614 495 Sanctus vtriq; labor, VictrixTolerantia pub.
106 489 554 511 Dat ſenium. ſenio dat iuuenile decus:
79 520 613 550 Petge igitur. nec te legum grauiora fatigent
107 550 670 579 Posdera; quæ decorat, te quoq; palma monet.
77 579 703 608 Tempora quæ foliis quamuis tua lambit, & ambit,
107 608 599 637 Quamq; triumphali Victor in rce locas:
77 637 654 662 Admonet; vt ſummis ſtudiis Tolerantia Victrix:
106 667 590 697 Quam dedit in Caſtro floreat aucto tuo.
75 718 743 748 Epithalamium i Nuptias iſtophori Van Hoboen I. V.is
380 749 438 768 tiati.
74 785 555 816 Viderat Idalio reſidens in colle Dione,
105 815 529 839 Delectu m caſtris dum facit ila ſuis
73 844 652 875 Moribus inſignem, & forma præſtante puellam,
101 875 529 905 Sidereis oculis purpureiſque genis,
78 904 600 932 Tela Cupidineæ necdum ſenſiſſe haretræ,
104 934 600 964 Quæ iacit ex Cyprio vertice cœcus Amor:
39 964 626 996 Riſit & in Supero tua mittere ſpicula noſti
102 993 531 1017 Nate, ait, & veſtras neſcat illa laces
40 1017 528 1049 Audiit & rapidis laxato viribus arcu
101 1052 562 1079 Nunc eat, & noſtras neſciat illa faces,
69 1082 551 1113 Dixit, & igniuas viit præcordia flammis
646 1115 729 1142 Chia
