888 1312
32 1 173 24 a
196 66 572 92 BOCHIIIOAN. FILII.
683 75 732 96 1
71 106 560 137 Vrerque clypeum fabricaſtis optumum:
1 137 529 172 Sed ille ferro; tuque conſiliis grauem:
70 168 489 196 Magno ille Pelidæ: tuo tu Principi:
74 196 473 224 Illic rogatu Thetidis, at tu patriæ:
42 226 540 252 Contriuit hoſtes illo Achilles fortiter;
68 256 588 285 Hoc noſter hoſtes conreret Princeps ſuos.
80 285 513 309 Martis ſceleſta, Veneris ac connubia
68 315 504 344 Detexit ille: tuque fraudes, & dolos,
80 344 532 373 Aduerſa ſanctæ quæque uſtitiæ ſient.
850 353 877 376 Mi
81 374 581 404 Vtrique honorem peperit æternum labor.
1 387 573 427 Veretur iſtum Rhætus; Eumenides tuum:
80 433 583 463 Vtrumq; quicquid ſceleri, & exitio ſtudet.
80 462 554 491 Illo ille tutus eſt ouem hoc tu parriam:
78 493 491 523 Vtroq; vterq; quos tueri vos decet.
85 522 521 551 Sed t pares huic Iupiter agit gratias:
81 551 586 579 Ita & tibi ſtræa, ita patria, ita omnes boni
82 581 535 611 Statuent tropæum par tuis virtutibus.
197 629 543 658 In ſcitum Laurentii Van Liebeec:
244 659 436 688 Sit modus irebus.
850 660 886 702 A
80 697 569 724 Vicit Alexandrum victoria, Cæſaris arma
77 727 530 753 Authori nocuere ſuo,facundia Marco
40 757 616 785 Exitium, Annibali Cannæ; Romana poteſtas
76 786 530 814 Mole ſua ruit, & flatu fortuna ſecunda
81 815 584 841 Afflauit Mario ſullanum aduerſa furorem.
81 846 535 874 Icarus in gratis ſibi noxia vina colonis
1 866 584 902 Præbidit infelix. Vitium ſub imagine recti
2 903 595 930 Delitet, & ſummis iniuria iuribus aucta eſt.
1 934 588 968 Sit modus in rebus. Moderata potentia durat;
85 963 650 989 Non illum furibundæ acies, non toxica reddunst
87 992 626 1021 Sollicitum ſtrictus capiti non imminet enſis,
86 1021 612 1052 Qui medium percurrit iter virtute magiſtrâ.
86 1051 589 1080 Solibus alternis duplicato fœnore meſſem
83 1081 588 1111 Reddit ager duros equies alterna labores
87 1110 591 1142 Temperat, & vires rediuiuis viribus auge.
482 1140 738 1168 hh2Iupites
