888 1312
203 66 744 96 BOCHIIIAN.FILII. ss
249 109 574 139 Petro Papio lauream gratulatur.
228 149 598 180 Labor aſperat artes, Spina roas.
83 191 608 222 Floſculus ldalio veneris qui naſcitur horto,
110 223 554 252 Cum rigidis iniit fœdera certa rubis;
39 252 599 280 Hinc tribulos inter nativum ſpirat odorem
108 282 579 312 Veſtitus graciles fronde virente comas.
81 312 599 342 Duri ſunt apium ſtimuli, ſunt dulcia mella;
112 342 585 371 Sub ſtimulis apium dulcia mella latent.
83 372 584 398 Vidimus intortis denubere vitibus vlmos:
112 401 605 428 Vinctus amor curis, vinctus honore labor.
39 432 647 463 Inde frequens denis præponderat vua racemis,
112 461 597 486 Hinc amor ex curis certus; & exit honor.
39 492 558 530 Felices t halami felicia pignora gignunt,
113 521 606 551 Quos ſtabili durus fœdere iunxit Hmen.
84 551 609 579 Vidimus vt veſtris ſtudium denupſerit auſis,
113 581 568 611 Vidimus ex illo quis tibi natus honor.
83 611 573 642 IIle triumphali cinxit tua tempora lauro:
111 639 651 669 Hæ tibi ſunt frondes, quis, rogo, fructus erit?
366 680 441 701 Aliud.
81 709 549 740 Viderat ingenii radios Aſtræa coruſcos,
114 739 574 769 Conſtitit, & dixit, tu mihi ſponſus eris.
1 762 698 801 Quam bene conſpectam delegit ab æthere formam
111 799 521 830 Non porerat forma nobilore capi.
140 841 679 874 Ad Ioannem de Coutelande amicum ſuum,I. V. Li
359 872 469 891 certitum,
85 909 597 941 Qui fuit Annonæ Præfectus Principis olim,
110 940 580 969 Annonam Themidis, diuitiaſque tenet.
44 969 620 1006 Macte nouis animis genio meliore, ſacerdos,
113 1000 572 1029 Diſribues trepidis qui noua dona reis.
47 1030 694 1065 Alter honos magnus, ſed & hic, me iudice, magnus;
115 1059 616 1088 Et vigor, & ummus conſtat vtrique labor,
48 1081 647 1120 Sed tamen hic maior: nam rebus Principis iſtis
114 1120 583 1150 Dignion, & fructus hinc tibi maior erit
705 1150 748 1172 d
504 1151 597 1177 Hh
