888 1312
205 51 751 76 BOCHIIIOAN.FILII. 25
88 90 642 126 Atque ita quod vulgo, fuerat quæ filia, mater,
1 126 623 158 u Filia itque eadem, quæ modo mater era.
90 154 581 184 Phœbus & Eo deducit ab axe quadrigas,
116 184 566 214 Et lauat occiduo feruida plauſtra ſalo:
88 215 687 245 At poſtquam emeritos demerſit in æquore currus
117 243 596 267 Ad Nabathæa iterum clarior arua redit.
88 275 560 300 Aurea fraternos imitatur Luna meatus,
118 303 573 335 Deſuper & biiugis vecta renidet equis:
89 332 644 363 Menſtrua ſupremos vbi terminat hora labores,
118 361 615 395 Menſtrua prima noui forma laboris adeſt.
89 391 675 425 Iuppiter hanc reus legem dedit omnibus vnam,
118 421 584 454 Hanc fati ſeriem maximus orbis habet.
43 451 615 482 Ciculus iſte ſuis diſtinxit tempora normis.
120 481 586 511 Circulus nanimes temperat iſte polos:
1 510 602 539 lHinc concors tenebris lux eſt Aucora diei,
121 541 593 569 Sol Lunæ, alternas dum facit ipſa vices:
90 569 637 603 Denique concentus rerum concordia diſcors,
121 601 577 627 Hoc mundum ſtabili mobilitate regit.
1 626 729 659 Nunc, Guilielme, tuum paruum veniamus ad orbem
119 659 636 688 Conueniunt meri tis maxima quque tuis.
1 688 601 722 Non quia vitales agitamt ſe corpore motus,
118 718 609 752 Hoc etiam moles cætera munus habet.
2 748 641 783 Sed quia de magno quæ prodita diximus ore
121 780 558 805 onueniant animo maximia qu.
90 808 610 838 Te melior primis genius formaui ab asns
121 838 574 869 Propoſuit c ptis magna trophæa ni
90 866 675 900 Tu modo magna tenes, ſtudio quæ ſita ſreq . i
119 897 595 934 Quæ tibi ſunt ſtudio condecora lari
90 924 663 957 Scilicet hæc rerum ſeries; ars parta labore eſt,
119 956 560 986 Et nouus ex parta naſcitur arte labor,
2 971 643 1018 Nempeagitant trepidi quo defenſore Clientes
117 1016 529 1048 Impauide rigidi iudicis ora ferant;
49 1044 656 1073 Et vocat ad ſacram ciuem Reſpublica pppii,
120 1075 566 1104 Sunt vbi terrifici prælia dura Noti.
91 1104 578 1137 Sic tibi ſupremi quæ laurea meta laboris,
666 1130 750 1155 rinci-
454 1134 562 1160 H hh 4
