888 1312
197 48 755 73 BOCHIIIOAN.FILII. S59
1 82 38 114 ,
127 90 510 120 Speſlet ſimilis Flus eſſe Patri.
2 114 739 150 Vtique Palladem ingenioſiſſimam è louis cerebro pro-
37 149 739 180 genitam fabulatur Poëtæ: ſimiliter patris iudicium fili
1 171 740 210 ſibi coæquale peperiſſe quaſi fatdum eſt Supereſt mo-
3 206 739 239 a do, qui tantopere deſudaſti, t aliquando reducatur ad
18 238 741 269 actum parta iuſtitia: quæ potiſſimum eirca pupillarium
21 268 740 297 rerum ac viduarum defenſionem. ſtatuum rerumq; pu-
21 297 743 322 blicarum directionem verſatur, tribuëdo nimirum cui-
1 325 742 358 que quod ſuum eſt. Hæc deſideramus & Patria veſtras
1 356 740 387 fuppetias rebus præcipue ſic labefactatis, & in incerto
1 385 740 417 degentibus vt Andromeda Perſeum, implorat ſuſpirat,
1 415 754 447 efflagitat. Quæ ſi faxis tum demum conitebimur Arcum
1 445 740 476 ſ illumquem nomine ſubindicas ab Apolline diuinitus
1 474 740 507 p conceſſum: quo & maiora petere, nee n altiſſima ſcru-
1 503 750 537 i tari fuerat perquam neceſſarium. lta fiet, vt non ſolum
1 532 749 559 lt tua faſtis inſcribentur nomina, ſed & immortalitati
2 564 552 602 lu conſecrata, ſera poſteritas obſtupeſcet.
124 626 709 655 GISBERTIIBVLTELI
2 663 34 689 u
283 667 542 689 BRVGENSIS.
234 708 587 736 Iano Lernutio, deobitu Iuſti Lipſii.
98 740 666 772 Vdeamne Iipſii vmbras verſibus Trochaicis,
85 771 679 802 ADegicæ in luctu calente. lane docte, proſequi
24 801 708 831 uctus eſt grauis, Trochæi ſunt leues; non conuenit.
26 830 697 863 Publico ergo ego in dolore conticeſcam? on queo.
25 860 666 897 Sed tibi, tuque linquens Vrientio graueis tubas,
2 888 666 930 Bella queis cruenta Regum detonatur fortium;
84 918 638 947 Si Trochaicis inuts quid viciſſiim ſuccinam,
1 932 713 980 Non viri iraſcentur vmbræ: verum vt in concentibus
24 977 627 1008 Muſicis diuerſa vcm conlonant diſcrimina
1 1007 717 1046 Nec mius remiſla, quam co:tenſa, laudis obtinent;
27 1037 624 1074 Sic meis nugis fturum ſpero: nec manes pii,
1 1065 676 1106 Anſerem tot inter vnum ſtrepere olores, abnuent.
2 1096 598 1142 Mlga quis verus ta ceret, occidente Eelgicæ
674 1125 754 1149 Luce?
