888 1312
205 51 562 73 BVLELII.
692 59 733 77 S6r
2 85 666 121 Non prius dictus Batauus, non obeſus Veſtphalus,
33 116 677 146 Qui virum videre fortem & prorſus immutabilem,
842 117 885 149 E
1 146 684 179 Nec nouam ſequi, inter ipſos tot Nouatores, Fidem.
31 175 639 206 Cætera eius ſcripta quis non vnice admirabitur,
27 204 579 236 Plena ſucci, plena mellis & vigoris maſculi?
29 234 651 268 Cuncta ſunt neruoſa, cuncta plena ſunt myſteriis.
1 266 603 298 IIle namque antiquitatis adfluens armarium.
28 297 723 326 Qui cquid abſtruſum, & remotum in litteris bonis fuit,
28 327 622 358 Protulit nobis in vſum. & publicauit omnibus.
29 356 592 387 Iam tacent Muſæ Latinæ, conticente Lipſio,
59 387 634 417 Luget & Parna ſſus ipſe Gratiæ aſictim dolent:
1 417 635 452 Ipſe ego. vidiſſe nuaquam Lipſium cui contigit,
59 446 594 468 Totus ah mœrore tanti in morte tabeo viri
1 464 672 512 Nemo non amuſus, excors blennus, atquc barbarus
23 565 559 595 Lipfius mortalitatis rite curſum exegerit,
840 558 886 593 L
28 596 723 625 Laude ſumma, ſummo honore; quem locû adſignauera
28 624 594 656 Rex ſupremus, iſte noſter optime curauerit,
28 655 559 685 Inuidere non decebat parta ei ſua præmia:
1 676 683 714 Quando iam menſis Deorum gtatus hoſpes accubet,
1 714 723 745 Nectar, Ambroſiamque paſcens, cum beais mentibus.
1 742 516 773 Imperator euocauit ſponte paruit ſuâ:
57 775 553 804 Fata duxerunt volentem, non coëgerunt.
59 804 560 835 Lux beata æterna, luciluceat Belg vnicæ.
524 906 683 919 T
91 902 687 933 HA ANBVC 2
192 955 574 979 VLTBAIEC I.
307 1015 469 1042 Hier. olumna.
29 1069 620 1108 Res donis certaſſe Deas Hieronyma, teque
1 1103 651 1146 Omnibus nam omnesaccumulale bonis;
641 1135 717 1158 Fam
846 1128 881 1179 I
