888 1312
243 63 562 88 BVRCHI.
697 72 742 94 86
35 94 627 132 Teesmagna eſt; maius pretium tu creditor; illi
101 132 589 162 Quod debent ſoluunt laurea iure tua eſt.
247 176 556 200 AdLaurentium Gambaram.
72 216 644 246 Gambate quando tuos verſus & carmina laudo,
849 222 886 284 I
99 247 559 275 Nil ago: iudicio maior in arte meo es.
2 275 642 316 Sunt laudata ſatis quæ laus laudataque laudant
100 306 625 337 Quæ que ſuis numeris, res manifeſta probat.
160 363 641 392 Ad Lamb. Hcrtenſium, de commentariis eus is
331 396 439 416 Lucan m.
63 432 446 463 Nuper Barbarico furente Marte
128 463 496 492 Te tuoſque nimis ferox iberus
124 493 484 519 Læſerat miſere ac calamitoſe;
127 523 541 553 Sed tu non memor huius, expoliſt
126 553 558 582 Ornaſtique lubens Poëtam berum.
127 584 615 615 Omentem ingenuamque amabilemque,
125 612 515 642 Quæ iam oblita diu mali recepti,
120 642 516 677 Illi qui nocuit bonum rependit
211 686 579 715 Ad Lucium Fruterum Brugenſem.
61 726 586 755 Ante vale dicto placidis pro tempure Muſis,
91 755 502 786 Et longam iufis verſibus ire viam,
64 785 515 815 Im penſe ſacras leges & iura ſequebar,
92 815 617 846 Qumque fere legerem Bartholus vnus erat:
63 844 661 876 Nunc ego quod nurſum ſtudia ad ſemota reuetor
92 874 540 902 Factum carminibus ſuſpicor eſe tuis.
35 904 604 940 Quæ tu dum recitas, Luci doctiſſime, nec non
35 934 507 964 Magni Naſo nis verſibus æqua facis:
62 963 602 992 Neſcio quo præter conſuetum ardore laboro;
38 993 519 1033 Et videor plenus numinis eſſe noui.
248 1042 536 1071 Ad Ianam Pharmaccpolam.
59 1078 629 1105 Dulcia cum vendas, cur non & vendis amorem?
1 1095 511 1135 Primas inxebus dulcibus ille tenet.
688 1149 738 1172 Aut
