888 1312
282 37 599 73 EVRCHII.
680 48 797 82 65
220 91 656 123 Intumulum Fanciſo obreli pofeſſoris.
64 133 619 165 S Robortellum tegeret cum rhoretellus,
133 164 580 194 Cauſa dolendi cſiſtt iuſtior &grauior.
101 195 659 223 At mors æaa nequit a imi prſrnere vires,
131 224 565 254 Pæclaroue alens robur ab ingenio.
81 254 589 284 Debita telluri tellus erat, atq; ita nomen
1 276 580 309 uDiuiſum, veluteſt, in duo fiſlus homo.
294 339 568 368 De Euphrao Ariſtotel.
1 379 615 415 Euphraſius dextr nodoſa æimata ſoluit,
122 410 645 440 Qi dq; queat cuont a dicere ſemper habet.
41 439 672 473 Nec mirum torum docto cum pectre clauſum
119 470 619 499 Patronum ſophiæ g: ſtet Ariteicm.
348 514 576 541 De Cane Lidia.
101 553 590 583 Dum vixit timides latratu prodere fures
129 583 547 613 aAtq; vagos ſcurras vica cara fuit:
100 611 760 646 Sed gens grata pri ad dominam cum forte venirent,
129 643 580 672 Furtiui ora tenens fautor amors ett.
1 666 36 700 qi
98 672 697 702 His hera de cauſi & herus unc ſemper amarunt:
128 702 616 732 Sic placuit domno, ſic lacert dominæ.
361 746 505 770 Ad Tellam,
40 786 518 816 Bſium mihi quando das, coactum
127 817 502 843 Te dicis dare Bella, nec recuſas
104 847 575 873 Tamen; da mihi ſic amica noctem,
126 875 504 901 Et dicas dare re licet cactam.
349 920 516 942 Ad Antoiam.
1 952 583 992 ve it nigra tibi facies Antonia, & vtſit
83 992 583 1022 Qui locus in gtemii delitet ore nigsr;
1 1021 729 1057 s Omnibus na taen quod ſis pulchrrima enseſt;
78 1051 566 1081 Formaq; vix ſimilis dicitur lia tuæ.
1 1080 754 1123 Quare hc quod color is ſit corſlanvtiſfius, & qua
131 1112 613 1143 Hic ſlgat eneri pernetua ſſ de n
207 1143 388 1174 T. cu rs
325 1283 662 1305 ( g
