888 1312
260 71 565 99 BVRCHII.
688 83 743 108 867
245 126 563 157 Diicile quibſisam ſiletium.
1 162 552 199 Si taceo doleo; res eſt ſſpecta perinde
114 197 625 225 Siloquor & multum vetba tmoris hahent.
44 218 679 261 Quam vellem taciti quæ mente animoq; reolus,
43 255 535 290 Sic tacite à cuustis & ſine voce capi.
211 313 576 341 Dpuella qea claues amiſerat.
44 351 596 390 Clauibus amiſſi vmas effundit amaras,
115 383 525 413 it fur at 5a lip cione guat.
43 403 620 445 Condole. unra ſius caræ miſeratus amicæ,
114 445 588 472 Mœroremq grauem qualibet aric lenat.
42 460 619 503 Ila niuil contra, ſed helas exclamat amice,
113 503 535 532 in potius caulæ ſit t bi cura tuæ.
274 557 532 585 Ad Rhodia de ſomnio.
41 596 582 637 Heſterna ſuani dum nocte ſopore tenebar,
110 636 588 662 Et ſomn obſcuro carcere clauſus eram;
40 656 597 695 Neſio quæ læto mihi de te ſomnia men em
106 696 551 725 Impleruut lepidis innumeriſq bonis.
1 724 491 755 Dieere ſi fas eſt certe vicina iacenei
111 756 499 778 Et lateri iſa es conſeruiſſelaius.
38 786 642 815 Gaudebam. Venerique mex p.a ſacra parabam
109 815 574 846 At docui falſus quam fuerim orta dies.
79 843 644 874 Nam poſtquam ſenſus a ſomno aurora reſoluit,
109 874 501 902 Inueni ſteriles & ſine fruge ioeos.
37 905 604 936 Verum quicquid id eſt me delectare videtur;
37 934 656 960 Et miſerum, non tu, at fumus & vmbra iuuaut.
340 988 464 1015 De ornelia
37 1028 754 1063 Corneliam quod amem vel amet Cornelia quod me,
61 1060 732 1089 Tam mirum eſt quam quod corpora ament animas,
37 1081 731 1120 Corpus ego,illa anima eſt e. d mox corpus,ego idem,
4 1116 698 1152 Mo anima: anne amor hoc mutuus omne facir?
516 1150 643 1181 Iii 2
693 1152 734 1173 Ad
230 1278 402 1304 5
