888 1312
254 53 583 82 BVRCHII.
708 63 752 89 8q9
84 99 698 130 Proque opera poſcit multo plus quam licitum ſit.
95 129 641 161 Hic ſbi commiſſo le munere fur gitut, ille
87 161 616 188 In patrsam & ciues eſt imporrtuna loctus:
94 191 628 220 Pellatut poiis qurm ciue prodat & vrbem.
125 220 684 251 Fab la forr veni, dubius premetoa tacetque
95 250 626 281 Aſacalapus. nudao teitice prætereuntem
82 280 601 311 Coiter & olande ficto ſesone ſalutans
79 311 730 340 Scilicer italicum hoc: bi te quem Roma nec vrbes
97 341 637 371 Italiæ videre vnquam id didiciſſe putabo?
99 371 568 404 Viciis nininr nipons piſturius illud
79 401 680 431 Edocuit, pulchra & premouit in arte magiſtrum,
849 393 886 478 I
102 431 605 461 vii nrmpe fro & relle viure laus et;
98 461 688 491 Erras & neſci uid houncule poſtulet æquum.
99 491 689 519 De me ocûiis sr be fucorm, & pone bifrontem
100 520 678 550 Vertumni faciem olanque an amicus an hoſtis
95 550 748 582 Sis oſtende, virum decet hec rectumque probumque.
361 593 492 614 Ad Toilum.
95 632 586 664 Sinaſite tuo nihilum de moreremittis,
134 664 560 693 vel de carpendi quo clnis officio,
104 693 647 725 Nil tibi qud laceres aut nigro dente laceſſas
134 724 626 753 Hic dcrit. ſtygiis quodue petas ſlimulis.
97 752 664 784 Nam ſi ta gna ts nequeust euadere morſus,
136 783 616 815 Qiurua hæc cautis nexibus effugiant
327 839 525 865 E Perarcha, &c.
96 879 580 908 Tam ſunt elato nonnulſa animalia viſu
137 911 548 942 vt ſolis tadios intrepida aſpiciant:
107 939 641 971 Sunt & quæ lucem fugiant, atque egrediendi
138 971 624 1000 Sera ſub obſcuræ tempora noctis ament.
852 979 883 1059 I
108 998 771 1033 Sunt quoque quæ flammæ ſplendor ſtulta ſequantur.
135 1032 609 1064 Atque illic aliquid dulce latere putent,
111 1059 672 1093 Sed miſerè: nam quæ delectat lumine flamma
142 1091 630 1119 Diuerſo effectu mox eaden ipſa cremat.
102 1120 598 1154 Ex iſtis ego ſum: nam nec ſufferre puellæ
689 1145 771 1177 Splen-
508 1150 641 1175 ii
263 1277 657 1299 rdr
