888 1312
234 64 568 92 BVCII.
707 76 753 100 7s
1 105 591 142 um crudelis amor vita ptitare iacentem
112 137 584 167 Nolit, non tamen is iuere pticur.
1 166 636 200 abſq oculis video clamoribus æthera rumpo
114 196 535 228 l ngis, claros do ſine voc ſonos
35 219 607 257 Hiuere dule puto, moriendi paſcor amore
113 256 650 287 Vt viua, vt moriar, quæto frequenter opem.
1 274 652 316 Depereo quemcumque alium, me feruidus odi,
111 316 594 345 Rideo flens, Iachry æ ſunt mihi delir æ.
36 345 731 380 Nec m hi vita placet, nec mors, ſimul vttaq, grata eſt;
112 376 623 407 Neutra placet, ſed nec diſplicet vlla tamet
35 406 623 437 Conditione vtor duba hac osœmina pe te:
114 435 578 459 Tu mihi cauſa honi t mii cauſa mali
301 490 527 513 Pia ett ationes dc.
1 521 617 573 rititia propèconſectus, tormena ſcel ſtis
115 573 589 602 Digna pati vt factis ſ videt Antoca,
34 593 568 634 Heu quos in luctus curarum mæſt:: iæq;
113 632 520 653 Me deiecerunt criminatriſtis ait.
33 648 557 691 Quem vo felicem toties dixitis amiei
113 691 494 713 E iaceo caſus flebilis anſa mei
115 751 366 780 Oratio lenit quidem.
32 782 433 811 Sed lachrymæ cogunt Deum,
84 811 392 834 Homines vt anxios iuoet.
83 840 407 870 Pumgunt pre ces, vngunt pii
84 870 417 893 Pletut & intimide innolant
31 895 347 928 Cœleſtis aulæ regiam.
31 967 654 999 Flebili in exilio & lachrymarum valle profundâ
114 998 681 1028 Quid facimus cum nos aſpera quæq; premunt?
32 1029 648 1067 O Deus, ad te oculos &lu:iua mœ ſta leaamus,
117 1059 551 1088 Aſſuetum optatæ ferre ſælutis opem.
32 1072 583 1124 Nec ſpes nos fallit, latum ſeutimus ab alto
114 1119 512 1146 Mætum diini numinis auxilium.
4 1133 40 1175 Mu
649 1146 751 1175 Excepi
462 1148 547 1174 Iii4
152 1275 356 1292 -
