888 1312
243 57 560 80 BVRCHI.
692 55 755 82 73
103 102 469 128 ternos illos vita beata facit.
40 132 567 170 At diſpar longe ratio & natura malorum,
108 162 594 195 Qui fœdant vitiis cr,minibuſq animam,
80 192 597 223 Et dum ſe long victuros tempore ſperant,
111 222 520 253 ſſe ſatis, ſero tœnituiſſe, putant
62 277 607 308 Vt nulla inuenias in terris gaudia, quamuis
71 310 583 339 Maxima quæq; omni parte beata putes,
81 339 561 370 Quæ cum lætitia poſſis æquare perenni,
112 368 663 398 Sic nullum in terris tam graue ſupplicium,
73 396 706 430 Quod cum tormentis quibus afficientur iniqui
110 430 583 460 Obſcelus arq; nefas, æquiparare queas.
81 484 557 517 Vt decollerur iuſtus ſantulq; Iohannes,
1 513 567 551 lu Fœdè conſpirat ſanguinolenta manus.
37 545 541 582 Lætatur meretrix. ſaltat laſciua puella,
112 576 612 605 Et perit innocuum ac rtaudis inane caput.
75 604 601 636 Sic epulas inter videas plerumq; malorum
111 634 551 668 Decerni quæ ſint penicioſa bonis.
75 698 660 736 Sicut òœna premit eulpm comes, & ſceleratis
113 734 589 765 Intant crioibus cbita ſupulicia;
85 764 586 794 Sic videa pulis plerumq; ſubire dolores,
114 794 513 824 Et luctum finem claudere Lætiæ.
85 822 653 855 Sæpe vbi gaudentes conuiuæ abiëre. ſbintraet
114 853 647 884 Morbus, quin etiam mors inopina domum.
83 907 686 940 Pudens eſt ſeipſum quiſquis ſic iudicat, vt non
73 940 408 969 Sit iudicandus poſteà:
85 963 649 998 Quem mens læta, mali nuilius conſcia blando
107 999 405 1030 Dulciq; omnplet gaudio.
83 1025 593 1061 Verum cum fletratq metu ſe iudicat ili
123 1059 434 1088 Qui crimini eſt obnoxius.
111 1111 741 1145 Sicut poſt vementem ibrem pluuiaſq; frequentes
662 1143 756 1164 Puru
484 1143 565 1167 i i5
1 1156 40 1187 u
226 1274 557 1292 aaî
