888 1312
278 45 556 68 B.ACHII.
110 84 537 108 Aut mundi vexan Ia bilis illecebræ.
80 114 616 139 Mit e dolorem, ac ſide Do: t rebus in arctis
80 145 577 174 AnIder, & pronpia protegt almus ope.
79 174 656 206 Quin etiam quidq d tii peſſc nocere putabis
105 204 572 233 ucro & mana parte ſalut erit.
78 263 661 295 Eſt miſera illa domus, in qua licet omnia abundè
109 295 370 324 Ac copioſe ſupp tant,
78 325 631 356 Irrequies & iurgia habent: verum illa beata,
109 356 352 383 In qua licet penuria
82 385 672 412 Sit rerumi & modicus victus, rcxcantlabitantes
109 415 376 445 Læti & erena gsudia.
81 474 608 505 Sict blatta ſolet paulatim abſamere veſtes,
109 507 544 536 Linaq; ac tim lgrta vermis edit,
82 535 709 565 Sic animo eſi mœror grauis; aiq t corpora morbus
112 566 535 588 Sic corda abrodit triſtia mœſtities
81 595 608 626 Ocuam ſæpe hmi ægros sii diffcileſq;
109 626 564 656 Abſamit ſenſim, eomminuitq dolorl
81 685 547 715 Nullæ vt diuaitiæ tanti ſuat. v ſuperare.
112 715 419 745 (uea ut ſalutem corporis.
83 744 567 768 Sic nulla ſuat delitiæ, oblectamina nulla
112 776 461 807 Qiæ dulce crdis gaudium
82 803 679 836 Lærtitiamq; quare quant: quid enim eſſe quie
112 836 465 864 Anim nmagis gratum potest?
86 894 562 924 Cum vitiis inimicitias gere, ætera lætus
113 924 580 954 Virtuti & ſtudiis dum ſinit horavaca.
84 954 582 983 Abſtent in ſomnes curæ triſteſq; querelæ,
113 984 609 1013 Et quidquid tetricâ pectra mole grauat.
83 1013 610 1042 Mens gaudens facit vt fluat & ſit florida vita,
114 1044 602 1072 Cor mœrens homines enecat ante diem.
91 1104 585 1141 Mens igneta mali nulliq obnorxia culpæ,
656 1135 747 1160 Libea
367 1278 593 1292 r
