888 1312
260 46 576 76 E VRH
722 62 765 88 87
87 92 555 124 Ebullit, & lioorem in altum proiicit,
88 122 461 156 Sic inctaa chatitatis ignibus
86 154 582 185 Mens euicit iathrymas foras, ex fontibus
89 184 564 214 Oculorum, aufetrat abluatq, lotdidas
88 213 599 243 Notaquibus ſeſe inqinatam icit, dolet.
86 274 618 305 In cœlonec mors. nec mori pœna dolorue
116 305 648 339 Sol icita quem quam conditione premunt,
1 324 662 365 Non ſitis q, laes, non angint frigus & æſtus,
117 365 577 395 Nullus ab occaſu eſt interitune timor:
86 395 663 426 Atpax aq; quies ſecuraq; gaudia regnant,
115 426 564 454 lria :eruis concortaa bonis,
1 483 655 518 Triſtis es, & cordi eſt angor mœrorq; moleſtus,
114 515 399 543 Solatium quære a Deo.
2 545 671 579 g Si precibus lachrymiſq; illum placaueris, omnes
114 575 404 598 Animo dolores eximet.
1 604 586 639 Atſi blanda tibi ſors eſt, lætare, & eundem
113 636 439 665 Venerare laude ac gratis.
28 695 581 726 In cœlis æterna quies & gaudia abundant,
112 726 551 755 Taxq; viget ſecli innumerabilibus.
29 756 597 786 O miſeros nos mortales, qnes flebilis orbis
114 786 529 809 Perinet. & vanis enecat illecebris
28 816 708 847 In quo ors domina eſt, Mars & fera prælia rgnant,
110 846 537 875 Graſatur peſtis, ſæuit acerba fames.
81 905 605 936 Hlæ iq; acta ſenes referunt indigna referri
109 936 532 959 Dum viridans ætas iuuenilis erat.
81 967 677 997 Et quati laus aliqua aut fructus conſtaret ab illis,
111 997 543 1026 Nequitiæ iactant ſemina prima ſuæ;
80 1025 597 1056 Nil mmore. ſiluirſſe ta, quæ ſi diceret alter
2 1040 33 1071 s
110 1057 541 1088 Tmgte debuerat ora rubore pudor.
79 1115 678 1153 Trititia ſunt vere lachrmoſaq; gadia, cum quis
643 1150 735 1174 xultat
340 1273 696 1296 òæggræ
