888 1312
262 46 579 91 BVRCHII.
696 65 740 88 79
109 82 399 114 Siique ſunt contraria.
72 112 622 158 Tit rato quin nunquam, vt diuitiis opibuſque
108 145 391 175 ln orbe qui poliens fuit.
78 172 508 207 Et ſ deitiis mmerſit ſentiat illa
107 205 411 241 Quæ ſmt ſupertè gaudia.
77 262 594 307 Per taro quibus eſt viuis cpnleniia magna,
107 295 647 337 Ho qneq poſ obitum fata ſecunda manent.
76 324 565 365 At qos in vitis paupertas ind iga preſſit,
107 355 591 391 Æ ernis propeat mo:s cunsulare buonis.
76 383 533 423 gre à diuiit iis mundæani itur ad ilas,
104 416 525 451 Quas diina ferun gaudia, delitias.
75 467 632 507 Dum ruare in ſelerum ſcrdes & crimina ille
105 500 395 530 lundi videmu incolas,
76 528 652 569 Qus quæ ſo a planctu & gemitu queat abſliniſſe
100 559 382 590 Lugbribuſq: canticisi
72 586 640 631 Nec certe Oceanus quamuis totus lachrymetur,
102 620 370 649 Peccata plene fleuerit.
71 675 667 723 Nn tam qud quantumq; aliquis largitur egenis.
1 704 41 729 M
101 708 637 751 Qiam dantis mentem ſpectat amatque Deus,
69 737 571 777 Sa pe elemoſynas exanget læta voluntas;
62 768 584 808 Etquæ parua putes munera, magna fcit:
68 795 579 835 Verm qiæ vensunt animio donata co ct,
845 800 886 831 I
92 827 633 866 Bxiguum quamus maxima pondus habest.
67 888 591 939 O Chriſte æterni ſoboles æterna parentis,
72 920 531 953 Nos inimicorum vindica ab inſidiis.
1 929 40 953 i
64 947 643 993 Triſtitia eſt mœrorq merus qui torquet & angit,
87 980 617 1021 Dum magis atq; magis bella cruenta vegent.
63 1007 567 1047 aginam repetat mucro. pax læta recurrat,
90 1040 473 1077 Atq; vna pietas iſti: iæq; vigor
42 1081 622 1129 Sæpe propinquort m lugemus corpora, mortis
624 1135 713 1166 Quibus
3 1157 40 1186 ſ
