888 1312
247 59 484 80 BVRCHI
683 61 734 82 9.
47 100 628 131 Ceraprque indoeilem veile manere pudor.
46 130 570 156 Sic ita d flendum non eſt in cimina labi.
1 149 602 190 Qutiu taud im à lapſu nole leuare pedem
2 185 623 230 Qem vee ſeeletum & pecai pœnitet, illum
108 222 572 244 Pee haud diſſimilc d: xcr. innoco.
44 280 460 313 Incerca ita initur mortalibus,
1 307 561 341 liaQuer lis r fert & hic d iiic planctibus
1 341 531 372 Teri culiſque ac mille morbi nexibus:
1 371 544 401 tOuæ ccta cum te trans olaſie ccgitas
1 401 533 432 u. Pperat ſccta triſtis, & te mortnum
44 430 610 460 Terræ in nigram nolis velis trudit domum
81 490 418 520 Qud t lhomoincnſlantiæ
1 511 45 535 i
109 521 366 549 m2 Idius inſlens
1 547 46 565 l
110 549 384 577 Soij vagæ. inuident iæ
109 579 444 601 Trutina & doloris. cæte, um
1 600 417 635 is arteria bili & phiegmate
2 633 399 662 l Ccacta non manensdiu.
100 695 493 725 Ood xudus eſt? dcam breuie
109 728 426 755 Domus caduca, quæ meras
109 758 377 787 Arerbitates cotist,
1 756 44 778 i
110 785 412 809 Mltis ſcaten deloriſs,
1 813 416 844 HuiLabre plena. quem quies
111 844 421 874 Secura nunquam ſbleuat
1 900 643 946 Tiſte quid & durum moribundi aſſi ſtete leco,
110 933 620 963 Quem conſanguinitas vel tibi iungit amor:
1 960 634 1007 Sed mihi crede, malo non eſt leuis vſus in illo,
111 991 566 1023 Lætaque ſpectanti prouenit inde ſalus,
1 1017 658 1064 Dum quoque ſe certo moriturum cogitat, & dum
44 1049 677 1098 Finem perdendit qui omnibus vnus erit.
45 1107 633 1139 Cum vir fortis rit, cui vitam famam ſuperſtes
1 1129 47 1154 d
609 1138 736 1160 ACtemam
