888 1312
266 44 497 77 BVRCHII
675 62 733 86 As.
84 90 565 124 Tardigradoque ſoler pœna venire pede:
1 118 46 147 u
85 122 537 149 At ipoccator vitæ malfacta nefandæ
85 152 585 181 Continuat, iungens crimita criminibus,
1 177 525 214 Reddit acerbatadiuini numinis iram
39 210 545 245 Feſantem tempus pondere ſupplici
1 261 553 307 Leges eſſe bonas non eſt ſatis, aſt opus illas
840 286 885 320 I
79 304 580 333 Fortiter ac iuſte rigidos deducere in vsus,
77 333 687 373 Atque oppreſſrum non tautum audire querelas
86 362 564 395 Et Tiſtes voces verum præcidere culpas
86 394 609 424 Suppltciis & dgua bois vt præia dantur,
88 423 569 456 Sic terrrt ialos pnis ac vindice fero.
61 482 622 516 Auditorum animos qui vult inſl ctere, eoſque
36 514 460 545 Ad achrymandum c gere,
1 539 616 574 Vultu Triſtitam ſiulet prior pſe reccſie eſt,
852 563 881 587 I
35 573 396 602 Ne verba factis diſcrepent,
27 599 640 636 Ridiculumque quid eſt, vno ore & Trſtia fari,
33 633 290 664 Ettſui ſe dedre.
842 651 882 688 E
34 683 564 724 Felix ſorte ſua quiſquii contentus,am œe
831 699 873 720 D
85 723 377 755 Et ſuaute v. tam ruet.
27 754 645 784 Qui vult eſit qod eſt. ſiue islum inter medio cre
88 784 356 808 Siue iſimos locueric,
26 814 587 844 Seu prmus atura o quam Læte atque eate
87 844 455 879 Hoc qurdquid æ ſttranſigit,
3 902 539 935 Si vtitare velis igrata & riſtia qudama,
89 934 400 964 Aniimin quse Iquæ cient
31 962 581 995 Motus. ac uorlus, tugias nimis eſſe ſodalis
66 995 367 1016 Rerui tta cCniiCO,
31 1022 582 1055 aucebis inus, interdum fruſtratusàmico,
89 1053 421 1088 Verum D leis & us.
22 1102 390 1142 Plerum que fit, qi turpiter
626 1144 706 1168 Altena
323 1284 428 1300 x
