888 1312
291 52 486 76 BVRCHII
685 57 735 86 97
48 95 659 127 Aut lepores in aquis; errat, quin ſtultus habetur
72 128 584 157 Sic vera in mund qui ca ptat Gaudia, verè
46 156 566 184 Fallitur,omnia ſunt triſti perfuſ dolore.
45 187 657 218 Quæte iu aquis piſces lepores in montibus, atque
44 217 672 246 Lætitiam in clo ſolidam, ſemperque manentem.
1 290 580 322 Nil habet in votis potius mortalis & optat
99 322 377 345 Amaximo illo numine
65 350 638 382 Quam vita t multos ſibi prolongetur in annos
101 381 435 411 Quod dum petit miſer petit
65 410 586 442 Augeri ſibi triſtitiam, & fomenta dolorum,
2 440 467 472 Quæ tempus & mundus ferunt.
43 512 571 546 Eripuit ſeruus de morte rbinium, & eius
97 544 406 569 Verſute amictum veſtibus
1 560 614 604 Seoccidi eſt paſſus: quando paſtantius illud,
99 604 419 633 Quod vt ſuos ſeruos neci
11 631 624 665 Eternæ eximeret, Chi ſtus ſipaſſus acerbum
97 665 417 694 Et triſte ſupplicium crucis
68 721 529 754 Mercurium virgâ auratâ finxëre Poëtæ
97 760 376 784 Or co euocare mortuos.
67 780 623 814 Rectius hoc vereque magis Chriſto applicuiſſe
96 815 404 844 Noſtro redemptori queas
67 841 626 876 Qui inferno eductas animas baculo crucis, illa
94 874 360 901 Lætis locauit ſedibus.
67 929 550 962 Mira videbatur res Myſi promere poſſe
97 962 579 994 E ſaxo populum qua recrearetaq am.
66 992 634 1026 Succeſſit tamen, & ſalieus dedit vnda liquorem
95 1021 540 1054 Percuſâ petra: quid magiinſolitum:
66 1051 651 1086 Quâm durum eſt illud pe ctus, quod sa più ctum
97 1081 563 1110 ADomino, neſcit ſoluier in lachrymas
65 1122 633 1158 Vita quidem breuis eſt hominis ſed loria vitæ
534 1152 729 1178 LllAc
164 1160 312 1191 Tomus primi
