888 1312
281 69 495 90 BVREI
705 73 765 96 8
40 101 625 145 3licet orando quiui locu au, &omnis
115 140 386 167 Lucus lada u
439 145 542 165 Deo,
48 166 635 199 Templa tamen ſibi cnſt:tu. iuſit voluitque
114 199 616 228 Nomine condign dict domuos Domini.
85 228 616 259 In quibus offeræ t opulus ſa vota Deiqus
111 259 569 287 Numen perpetuis laudibus eveheret.
45 312 549 347 Cauponibus cum Chriſtianis forte erat
112 348 617 378 Lis ſub euero utrinque contendentibus
141 379 651 409 De publico quodam loco. quem illi ſuum
140 409 574 438 Eſsc aſerebant, Chriſtiani at pro ſuo
139 439 676 467 Duduim occuparant. ut in eo orarent Deum
140 468 548 499 Aſt imperator, Quæſtio dubia licet
140 498 597 527 Sir inquiteſt ſatius tamen Deum coli
139 528 621 557 llio in loco, quam habitae cauponarios.
138 556 623 586 Sic Ethnicus quamuis foret, cultum Dei
107 587 518 616 Ponebat ante res profaas & leues,
137 614 656 646 Quid nos ad hc, qui templa diuo numini
106 647 500 677 Sacrata ſic euertmus, veſtigia
106 674 555 705 Nulla ut ſuperſiat, & proranis uſibus
1 708 473 741 D dicatas apiicauus areas.
77 762 623 795 Cum Sacraret Alexander, Supplexque litarer
107 797 392 819 Diis dicatam victimam
77 823 656 856 Cuidam ex nobilibus pueris qui thuris acerram
107 856 371 878 Manu tecebat de xterà
1 875 591 916 Exiliens carbo media inter vota preceſque
104 916 386 944 Aduſſit igne brachium.
1 931 614 971 Conſtitit ille tamen, ſæui patienſque doloris
105 975 396 1004 Iaobſequendo perſtit. t.
74 1004 667 1033 Et nos in precibus ſegnes ſumus, atque mouemr
102 1034 427 1065 Ad quat.libet leues minas?
38 1092 708 1127 Ni lpro nt ſt:epi tus labrorum, & murmura vocum,
40 1121 605 1159 Sîor c.autam, at aliis ſc men anmuie
659 1150 732 1169 O cu-
464 1154 550 1172 l
