888 1312
1 1 83 20 b)
263 62 480 84 BVRCII
695 67 737 87 50I
101 103 644 133 Quam quod ſcis cauſſam poſſe iuuare tuam:
74 133 675 163 At vpi cum Regum Domino, & Rectore ſupremo
105 163 648 193 Serio tibi et rrahitur mens animuſque alio:
1 184 617 223 Orant labra Deum cor per mundana vagatur,
107 221 675 249 Nec vultum aut geſtum verba precantis habent:
79 251 627 282 Et miraris adhuc quod rarum Oratio ſructum
110 280 547 309 Proferat; & caſſas ſæpius eſſe preces?
76 339 738 370 Sunt quædam quæ animam flecti & reſipiſcere pronam
108 372 354 401 Orationi ptæparant:
80 400 650 430 Nempe tleemoſynæ. lachrymæ ieiunia, queſtus,
108 431 403 459 Eiuſmodique alia opera.
78 457 736 490 Quod ſ impura anima eſt, vitiiſque immerſa, precato
106 491 451 520 Non placa, at tentat Deum.
79 547 629 578 Bini homines templi ſubierunt tecta, volentes
109 580 568 609 Solicita OD mino fundere voce preces.
80 609 559 634 Vnus facta tumens faſtu sua iactat inani;
106 639 547 669 Et ſe dum laudat, damnat opus ſocii:
78 668 585 698 Alter at in terram figens demiſſus ocellos,
107 699 619 728 Et tundens tremula pectora mœſta manu,
77 728 598 758 ODeos humanos ſemper miſerate dolores,
107 759 523 789 Da mihi peccati lenis, ait, veniam.
87 791 668 818 Audit vtrumque Deus non vno more precantem
107 818 552 847 Et non vna precum finis vtrique fuit.
1 847 682 882 LImpetrat ille nihil, tenet hic ſua vota domumque
110 876 585 908 Ex templo t templo crimine purus abif.
30 906 601 941 Sic penetrat cœlos ſincera oratio, quamuis
117 936 598 966 Sit breuis, affectus ſed grauitate valens.
89 994 643 1028 Sæpe Deus differt homini conferre quod orat.
118 1021 690 1057 Vt quam ſit conſtans, quam patienſque probet;
1 1055 579 1095 Etne continuo precibus votiſque potitus
116 1085 609 1112 Hinc leuius munus, vel minus eſſe putet.
1 1111 725 1156 enique cunctando t doceat plus virium habere
481 1140 753 1170 Lll3 Solicite
