888 1312
269 34 545 67 BVRCHII
689 46 764 66 O
840 41 885 78 I
74 79 714 116 Nee dubita quin pronam eius tibi terque benignam
110 116 424 140 ox ſenties clementiam:
75 141 726 176 Quamque petis, dabitur non tantum gratia, verum &
841 157 883 207 Is
124 175 461 199 Ab homin ibus celebraberis.
96 232 619 266 Captiuus iacet in tenebroſo carcere vintu
124 264 541 294 Herodis iuſſu compede crura graui
95 294 599 324 Petrus ſeruatus centum cuſtodibus, atque
125 323 607 353 Clauibus, vs non ſit ſpes ſuper vlla fugæ;
95 354 594 381 Ile tamen dum ſoiicitas eccleſia concors
123 383 594 413 Fundit, vt euadat. continuaſque preces,
94 410 642 447 Angelico inſtinctu ductuque per inuia tranſit,
127 443 521 476 Et per vallatas exit, abitque fores.
93 470 664 503 Imendax nunc. atque precer contemne pioru
126 501 584 537 Atque illis aliquid virium ineſſe nega.
95 568 345 598 Acceptius nil eſt Deo
95 598 368 622 Candore conſcientiæ,
94 629 385 654 VTirtuteque innocentiæ,
95 660 440 688 Quà quiſquis ornatus preces
95 688 327 715 IIli obtulit ſatis pie
52 718 367 752 Orauit & digne ſatis
94 748 367 770 Ltait eius numini
96 774 470 808 Semper benigno in qemlibet.
95 830 657 867 utipharis quaquà locuples ſubſtantia creſci,
129 865 594 897 Augentur cenſus, multipiicantur ope,
95 892 606 928 Ex quo loſephum ſeruum ſuſcepit in ædes,
126 921 613 955 AÆmula quem fratrum vendidit inuidia.
97 950 618 981 Sic bonus & iutus vir ſæpe eſt cauſa fruatur
129 983 544 1013 Vota vt felici proſperitate domus.
99 1008 730 1040 Sic etiam excidium nonnunquam à mœnibus aren
127 1040 643 1074 Paucorum quibus eſt vi:ta probatapreces.
99 1070 602 1099 Ceſſeratè vita ODauid, tamen illius, vrbem,
114 1102 580 1130 Se ſeruaturum cauſa, ait omnipotens.
520 1129 625 1153 Lll4
