888 1312
278 59 511 81 BVRCHII
697 64 749 85 0s
75 100 552 129 Sicutab eiuſdem ſoli feruore liqueſcit
102 132 550 160 Ceta, a dureſcit molle calete lurtum:
74 161 565 192 Sic eadem rebus mœſtis anguſtia caſam
101 192 605 222 Dat iuſt vt conſtet permaneatque bonus.
2 220 632 252 Aſt lli cuiu cor pauum atque effera mens eſst,
101 252 583 284 V poro peccet, continuetque malum.
33 312 574 343 Vt ſale conſperſs carnes durare videmus,
101 343 541 372 Et Samio clauſas vaſe manere diu;
32 371 591 411 Abſque illo vero putrſcere. ſic anima ipſa,
104 402 546 433 Cui iueunda Dei gratia ſemper ade ſt.
31 427 603 470 Salua manet; nullique obnoxia corruptelæ
102 464 468 493 Aternæ ſperat gaudia læt itiæ
30 488 570 529 Verum diuini aux lii præſentia vbi illam
107 523 558 552 Deſtituit, ſceleri ſu iact, aque perit.
29 578 614 620 Vt coma ſpiſſ licet per tempora difluat, illa
102 612 530 644 Attamen exigua frfice ſecta cadit:
28 640 611 682 Sic inimicorum Chriſti ſit maxima quamuis
101 673 501 705 Copia. ptimæu dedita nequitiæ;
26 698 535 741 Victa tamen cedet diuini numinis iræ,
113 733 589 767 Et proſtrata manu cunct potente ruet
25 787 685 832 Dulce quideſt ſomnus quin lene laboribus atque
101 821 527 856 Agris pe fugium ſolli citdinibus.
24 843 627 889 Blanda ſoporr feræ ſed poſtqam pauſa quietis
101 881 585 916 Tranſit & rurſus mens oculique vigent,
23 896 594 948 Fortunæ ſimulachra & inania ſomnia rides.
100 938 673 976 De quibus haud minimum quid upereſſe vides.
24 974 623 1012 Sic etiam quæ mitamur quæ magna putamus,
100 1002 546 1028 Et læta in viuis ſorte beare hominem,
24 1030 591 1072 Diuitiæ generoſa domus. præſtantia formæ
96 1062 497 1095 Vires, ingenium,gloria. nobilitas
23 1088 623 1120 Cuncta euaneſcunt ſtulti phantaſmatis inſtar.
129 1119 635 1153 Nam ſtabile in rebus nil manet eſtve diu.
698 1147 739 1170 Fe-
506 1150 593 1174 ll5
