888 1312
279 59 516 80 BuRCII
687 64 747 84 997
100 101 569 132 guorm pelagi ſuiriermque d met.
71 132 590 161 ic & vi ſarens iranquill tempore viiræ
116 162 646 191 Dum euss lis t enſque ſaluſqne vigent,
40 192 587 220 An t oclo pnt vicin a pa icula motis,
115 223 645 251 Qu q els occuirat preuiciet ante viam.
87 280 658 311 Caſtigatt alerumqne atres. raoſque flagellant
112 309 565 339 Cum p œnaiu faco promerute mao.
79 340 707 370 Propenet tamen. & prona eſt mens ſen per in iilos,
117 371 602 400 Et uem ſ ſim ulat ponere drt amor:
86 401 687 430 Sic qauis Dus interdum pro, crimine pœram
115 431 592 460 Inf gr t clemens eſt tamen atque otus.
71 460 600 489 Humanæque ſolet miſereſcere Iubri itatis.
106 489 642 520 Quando hominem ſceleris pœnituiſſe videt.
87 550 625 581 Nonnunquam natos, quia deliquere parentes
119 578 623 609 Amenſa procul, atque ædibus iſſe iubent.
33 609 587 641 cilicet hoc animo r deundivt copia fiat,
117 639 559 667 Si quando melius ſe probiuſq geren
32 645 653 699 Haud alite quam, quæ ſcabie ſœtente laborant,
116 699 541 730 Se inngit puro de grege paſtor oues.
88 726 659 758 Ne toum in ſicrant. verum à porrigine mundas
116 758 571 788 Mox reliquis ſocas, vt prius eſſe ſinmit.
87 816 643 847 M orbide ouis reliquas omnes porriine fcœdat,
118 846 552 877 Ei ſcabie totum polliit vna ggem.
74 875 618 908 Sic quoque eccator de nltis nus & alter,
72 906 537 933 Coimaculai ſocios collunione mali
73 964 614 995 Cum cubat aſſixus lecto, morboque laborat
119 995 569 1021 Conſcins humanæ lubcicitatis homo,
87 1025 537 1057 Vi priſcæ ſe reſtituat reddatque ſaluti,
118 1056 600 1087 Poſtulas, atquse humili ſupplicat ore Deo,
88 1085 580 1116 Pro ittit ſe vitaturum crimina & actus
114 1114 572 1147 lllicitos cauſſam quo putat eſſe mal.
709 1141 746 1163 t
144 1287 376 1310 aeere(æ
