888 1312
265 66 471 90 BVRCHII
682 70 727 88 9O9
17 104 583 133 Sic niſi ſit Doctor monitis qui conſiliiſque
94 136 555 166 Humanat mentes inſtruat atue c olat,
2 159 605 195 Producent ſpina vitiorum & inutile uiduss
92 196 512 227 Per ſe turgeſcent ſemina nequitiæ.
67 254 547 286 Sicut opus lentæ poſuiſſe pedamina viti,
1 283 545 309 Ne nullis ſudius fulta reclinet humi:
66 315 580 345 Sic monitl s ac præce ptis rexiſſe uuentam,
88 346 528 372 Vt non in vitium credula turba ruat,
67 405 552 433 Lætatur merito cum dulcem ruſticus à ſe
97 436 560 469 Fructum plantatis carpit ab arboribus,
67 467 575 499 Inque ſinu ridet paſtor, cum de grege natos
95 496 556 527 Lanigero teneros conſpicit agniculos.
25 524 621 565 Nonne putas & credis idem plane accidere illi
97 556 556 588 Qui curam optandis ponit in ingeniis?
69 585 625 613 Dum videt in ſtudiis fcuctus fecſſe iuuentam,
97 614 552 650 profectuque operam non caruiſſe ſuo.
71 674 576 709 Sæpius in cauſa eſt mutatio crebra medelæ
97 705 545 738 Agris cur nequeat priſa redire ſalus
71 734 617 767 Et tar plantam capere incrementa videmus,
98 765 558 795 Quæ non eſt vno qua manenſque loco:
72 793 636 825 Sic iuuenum quos multorum variata librorum
100 825 553 854 Lectio, & auctorum copia larga iuuat
72 855 666 887 Diſtrahitur plerumque animus, varieque mouetur,
99 885 466 914 Et matureſcit ſerius ingenium.
36 941 666 978 Par ſpeculo tenera eſt ætas, quod quidquid ob illud
102 974 509 1007 Ponas, perſimili conditione refet:
71 1007 597 1038 Sic pueri duce natura, plerumque parentum
99 1034 570 1062 Mores conſuerunt moribus expriere.
36 1094 566 1133 Sicut de vario cùm plectere flore coronam
100 1126 508 1160 In vitidi piato virgo Pudica paat
674 1152 728 1175 Non
