888 1312
307 62 523 85 BVRCHI
50 104 521 135 Sinceræ lumen ſmplicitati habet:
1 166 693 205 Siut qui multum eomedunt ventremque ſaginant,
84 196 509 223 Non ideo meliu ſæpe valere ſoient,
1 217 620 255 Ouam qui contnti modici moderamine victus
83 256 531 285 AIſ uet paruo viuere corpus alunt
44 286 634 321 Sic, qui multa legunt, quimaga mole librorum
93 316 644 346 Qos voluunt oculos ingeniumquo gtaant
65 345 618 373 Non ideo ſuperant du ctrina, aut artibus, illos
85 376 602 407 Qi te tam multis optimaquque legunt,
42 426 565 465 Gratior eſt numus, cuius non magna figuta
87 465 560 493 Sitlicet, ex auro non ieue pondus habet.
41 495 654 524 Si recreat magis atque itritat ſermo loquentis,
40 524 609 554 Cum brenibus verbis materia ampla ſubeſt.
39 554 543 587 Vix aliquos ſimul& verboſos & ſapientes
38 584 587 615 Inuenias bina hæc non bene conueniunt.
805 607 867 639 A
38 621 593 673 E;e ſuſurrones vidas quibus unica cura eſt,
86 673 505 703 Vnanimes mentes ſoluere di ſſidii?
59 703 599 732 Et qamnis poſſint ve:rbo componere lites,
86 732 500 759 Malunt inuidie ſubſeruiſſe malum
63 763 640 792 Vt velut ardentem cum lignum mittis in igne m,
84 792 604 817 H inc incrementum flamma nociua trahat,
58 852 554 881 Sicut ſunt gemm veræ fucoque carentes
87 881 614 910 Quas merito in man is mundus ha bere ſolet
33 912 651 941 Sunt q ioqe quæ falſa ſplendoris imegine ludunt,
36 941 533 969 Et nil egregium. ſi bene cernis habent
56 971 614 999 Sic eadem ratio eſt & par dinſtinctio honorum
86 1000 589 1030 Veros & falſs hquoque mundus habet.
55 1030 560 1060 Veri ſunt, quos quis ſolida virtue meretur:
84 1060 588 1090 Faiſi quos homine faude latente parant.
55 1120 507 1150 Intrnatur dotes præſtantia ſrmæ,
661 1153 712 1175 u
