888 1312
1 9 118 32 vm
248 63 570 89 BVRCHII.
693 74 734 95 9Ii
2 87 612 135 Attonitum ſemper cor animumq; gerunt,
74 133 632 167 Quamuis, crimina qui reprehendat corrpiatq;
101 163 538 188 Sit nemo, & ſoli ſint manifeſta Deo.
72 224 648 253 Nonnunquam accepto corruptus munere iude
2 252 560 283 uDiffert quod ſtatuit dicee, iudicium
71 284 585 313 Expectans ſi forte queat componerelitem,
103 314 527 342 Ne victus cauſa cui fauet ipſe cadai:
72 344 565 374 Sic trahitur concepta Oeo ſententia sæpe
98 374 546 403 Ob data gratuito munera pauperibus.
68 431 591 462 Feſſuset in ſyiuis perquirit flumina ceruus,
1 463 568 497 Quaq;, ſitim ſedet ſumere geſtit aquam:
68 494 582 523 Sic pia mens oni voto de ſiderat, omnem
96 523 576 552 In quo ſpem poiit, poſſe videre Deum,
66 554 525 583 Et dulcem viai fonts libare liquorem,
93 583 597 615 Cu ſimiles fluuius non haber vlius aquas.
64 641 645 674 Flumine in obliquo velut vnda ſuperuenit vndæ,
93 674 543 702 Et ſemelela pſam non reuocare oes:
64 703 645 730 Sic lucem heſternam lux trudere craſtina ſueuit,
90 733 575 765 Et fugit inſtr aquæ non reparanda dies.
2 790 604 822 Neſc amens hominm fati ſortiſq; ſupremæ,
90 823 510 852 Omnes illius tempuris hora latet,
34 853 567 883 Et veluti piſces curuo capiuntur ab hamo,
89 885 531 913 Et laqueo ncautæ dec ipiuntur aues:
1 913 607 945 5Sic eiam occultis mors ret. bus implicat, atqs
33 942 499 978 Lethalis teli cuſpide quemq; ferit.
56 1002 555 1032 Inter tor ſpecies & ferculamille ciborum,
88 1033 501 1061 Nullus pane poteſt vtilis eſſe magis
57 1063 523 1092 Vicorpus va:eat: ic inter tot pia facta,
86 1091 591 1122 Queis anmæ conſtar ſalua, manetq; ſaus,
34 1117 598 1151 Omnibus eſt potios meditatio ſedula mortis,
455 1152 708 1183 Mm m Præq:
138 1155 290 1185 Tomus primus
