888 1312
227 38 551 65 BVRC II.
640 36 775 68 is
843 72 885 91 EI
1 81 678 116 Temper auarus eget, nec opum ſi: maxima quamus
843 92 883 118 I
65 115 530 144 Copia. contentus conditione ſua eſt,
843 118 870 145 I
1 142 577 174 Et nunquam rebus partis ſaturatus abundè
843 151 885 185 I
96 174 508 203 Diuitias vltrà quærit habere nouas
67 203 633 233 More canum qui cum menſæ inſidiantur heril,
96 234 550 263 Obie ctos capiunt quoslibet ore cibos;
69 263 531 293 At laſſata manus dare ſi ceſſarit, hiante
99 294 586 324 Vultu, importunè mox iterum aſpiciunt.
74 354 575 387 Sputando veluti ſcintilla extinguier ignis,
107 384 537 408 at flando vires ſumere flamma ſoler,
74 413 569 442 Et tamen hic illudq. vno procediabore,
104 442 615 475 Inq; manu eſt hmiu, quod luhet òficere:
36 469 587 498 Sic nmolli ſermone animum ſeda bis, & iram
105 502 570 536 Eius, cum quo lis vel tibi diſſidinm eſt.
78 532 547 561 Si verà in flatis illam corpeſcere veris
109 562 483 593 Coneris fiet, quæ fuit ira furor.
38 621 595 654 Nil quod naturæ pugnans est ſiue colum
110 652 558 682 Vei vi ſancitum, perpetuum eſſe poteſt
36 682 661 715 Cernifne inſolitis quando arctas finibus annem
111 712 545 745 Inuito curfu quàam maſè flume eat?
1 741 648 783 Quàm mal ſccreſcant plantæ ſi flectere contre
113 771 549 802 Naturæ ducum, germira nata voles?
84 825 617 863 Vt facile i pnteu ſeſe eſ demittere verùm
117 860 601 889 Difſicile eſt retro flectere pſſ gradum:
89 890 583 919 Sic leuiter videas exordia ducere bellum
116 922 544 955 Aſt ægrè finem ſumere cum cupas.
33 981 584 1017 Sicut mucoſas nimium ſi mungere nares
121 1010 556 1042 Quis certet, guttas ſanguinis eliciet;
34 1041 633 1076 Sic populum per ſe facilem & par e puratum
126 1070 516 1101 Si noua & inuiſa lege ligare velcr
35 1099 607 1134 Inſurget contranimis imperioſa is, entem,
480 1130 624 1151 Mmm 2
1 1147 36 1172 n
