888 1312
1 13 54 30 ur
839 39 886 82 I
251 71 566 93 EVRCHII.
697 79 739 99 9I7
843 93 885 126 I
73 112 620 143 Sicut qui memor eſt modica mecede, aliena
110 143 548 167 AEtin cnducta ſes habitare do o,
1 171 693 204 Aguoſcit Dominum, nec cum m igrare neceſſum eſt,
110 204 547 233 Detreca ſedeaquætere velle o as:
2 232 604 263 Sicqucq;. qi meminit naturæ munere ſeſe
844 225 885 266 I
108 263 543 293 ndui fragili corpori ſſe domo.
75 293 633 322 Ad brere & exiguum tepes & viut honeſtè,
110 323 633 354 Et p rnptu moritur cu neci hora iubet.
80 378 596 409 Vt capiuorum da quos compede vmctos
112 409 566 437 Derinuit laſos c rcere longa dies,
81 438 605 468 Tunc etiam cn ſun à vinclis libera crura,
112 468 533 496 Inſi n i grſſs d:fcieſq mannt;
85 497 606 527 Sic qi aſſueuerunt vitii ſeleriq; nefando,
112 528 542 559 Virtut quamuis dedr ſe incipiant,
83 559 548 586 No v taſi & more mtar piores
112 588 577 612 Pc ſſit auttor ollere mene malum
40 617 735 648 Quin leuiter rec?dnt eonnunquam in crimina, donec
106 648 579 678 Omnes abſtulernt tem pora relliquias.
39 707 647 743 Vt nlla in cœlcpendeſcunt lumina. quæ non
116 737 580 763 Solis ab æthere. lne lumen habent:
38 763 565 798 Sie remo iſtui, qui non virtutis & æqu
113 798 565 828 Fulgorem a ſimo numine percipiat,
37 826 606 866 Nempe Deo qi ſol verus, d ffundit abunde
112 857 549 883 In mentes lominum iuſltitiæ radios.
38 917 552 948 Bifronte vultu & ore dup ici, qitondam
36 948 597 986 Finxere lanum. quod medius vtrumq; inter
36 978 532 1016 Annum Videret itumtecedentis
36 1010 511 1040 Erordiumq s bſquentis: ta vera
36 1038 461 1074 Et ura pœnitentia apicit vit æ
36 1070 524 1103 Telicta prrſcæ. & ſpicit ſequuturæ;
37 1099 539 1130 Dolore vt acri purget illa at hæc peius
82 1128 544 1165 Cane & angue deteſtetur, atq; deuitet.
464 1159 749 1191 Mm 3 Inu
