888 1312
839 41 885 83 I
241 79 557 104 VRCII.
691 79 735 98 9IT
1 117 630 156 uo plus ardentem lignorum mittis in ignem,
108 147 643 176 Hoc magis ugmem viuida flamma capit:
1 174 704 213 Sic homo cu mens eſt oiua, animuſq; malignus,
111 205 584 238 Quo mage res veras percip edmonitus.
82 233 593 267 Hoc rmagis à veri declinat tramiie gſſm,
845 243 881 285 I
114 261 591 296 Nec mores ſeruans deſinit te mlu
117 327 455 363 Quamuis opera quis optima
88 361 361 392 Patret; tamen ſi deficit
1 388 428 426 Fdei bonum, ſimilis viro eſt
93 420 503 453 Qui mitiit haſtam e fonte aqua
92 452 369 486 In pertoratum dolium.
96 503 635 538 Vt timidus miles venientes dum videt hoſs,
127 536 619 567 Conſilium & causam quætit vt aufugiat
98 567 576 598 Sic & adulator. cernens diſcrimen amici
130 596 537 631 Cuius opes ſuerat diuitia ſq; ſequi
101 627 566 665 Qua iatione queat ſeſe ſubducere noxæ
119 654 568 693 Cogitat, & puiſa proſperitate fugt
108 721 701 763 Qu maiore patres ſobolem amplectuntur amore,
139 752 611 791 Quoq; magis natis omnia fauſta vouent,
109 780 597 819 Eoc magis n ſſigare illos, & verbere ſæuo
139 812 572 849 Caſt gare ſolent, vt ſapere incipiant:
113 837 622 876 Sit Deus hos etiam quo arctè diligit, arctè
143 868 630 908 Corripit,vt perſtent permaneantq; boni.
147 940 387 970 Latet ſepulta somno
118 968 436 1000 Mens, languidi ignis infa,
121 999 375 1030 Cinere tepente teci;
123 1034 398 1062 Qui, ſi parum mouetur,
122 1060 356 1086 Vires ſuas reſumens
123 1088 419 1118 Rurſum ardet ac citatu:
124 1118 363 1155 Euiglat, & valeſcit
541 1143 678 1167 M m
136 1287 241 1310 .
