888 1312
1 1 300 19 sr
844 31 886 70 I
249 61 562 83 BVRCHIIE
702 65 758 85 925
45 98 503 142 atientiæ, & notabilis conſtantiæ.
860 110 885 126 I
76 156 651 187 Mercaturus equum, ſi ſtultus epippia tantum
107 188 590 218 Frænoſq; auratos non reliqua inſp iciat,
844 196 884 224 Il
75 219 577 249 Luderdus venit & dignue qur decpiatur:
108 250 507 279 Sirationis eget iudicioq. aret
76 276 670 308 Non ene perſpectum ſis qu ſciturus amicum
106 308 568 337 Veſtbus è ntdis æſtinia aut cpibus.
76 360 620 392 Omnem deperiiſſe diem inenioſus Apelles
104 393 533 421 Dicebat, quo non linea ducta fret:
76 421 603 451 Sic vacuas t anſire benus vir dputat horas
104 452 552 481 Queis nullos fruus in pietate facit.
73 505 546 536 Vt facile abiumunt ignes erentia ligna.
102 536 599 565 Humida non æque flan ma voae olet:
73 567 529 597 Sic aliter lapſos in crimen labe recenti
106 597 458 625 Gratia iuini teſpic: t auxilu,
73 626 639 656 Quam delinquendi quibus e st mos inueteratus
102 656 528 687 Qui miſeri tide ſe ceciſſe dlent.
72 715 628 748 Gemmarum probitas, quas viles nec recioſas
70 748 582 777 Prima fronte pi tes atirtu at; experiendo
69 777 551 809 Apparere ſolet: Sic & dctria oe ſti
69 807 607 839 Demiſſiq; hminis n entis ſece ſt s hæ:rens
67 837 565 867 Ex ſermone & conctu ſe proder ſeuit.
36 906 567 940 Vt quæ frugifera pendent ex atbore poma
95 938 550 967 Maturata ſo teipore. ſonie cadut:
66 966 545 999 Sic plerumque ſenes decurſa ætate ſenili
94 997 528 1028 Et viæ expleti finibus. hine aneut.
42 1028 576 1060 Planè alirer uuenes, viridi quo ſæpius æuo
95 1057 611 1087 Vt crudos ftuctus, mors inopina rapit.
36 1112 604 1152 Quem premit eſuries, alios ſi ſpectat edentes,
629 1142 721 1167 Creſci
