888 1312
236 44 553 66 BVR
696 50 742 72 927
1 60 49 94 q
104 83 564 114 Qui vetera exurit siccaq; ligna, focus:
1 97 549 146 Gic maior longè vis eſt & feruor amoris,
106 143 551 173 Cum quis nil odii diſſidiiue memor.
1 164 645 201 Ili etiam bene vult qui verbo aut verere æſit,
843 164 886 195 I
101 202 632 233 Proq malo damnum reddere velle fugit,
44 233 636 262 Qam cum pro recte meritis deuinactas amico
104 262 485 286 Penſare officium nititur offico.
77 318 543 348 Sæpe duas videas ita conflictarier inter
109 349 522 378 Seſe vt prolapſædecipiantur. aues;
75 377 648 407 S quoq; fit plerumq; vtdum fera prælia Reges
107 408 519 438 Miſcent. alternis feruida diſſidiis,
1 437 578 468 Tertius eurgat, qui victor vtroq; ſubacto
111 469 515 498 Illicitis armis occupet imperium.
112 528 373 550 Acerba veluti vulnera
84 559 369 587 Si vel leui tangas manu,
82 587 438 617 Dolent, nec il am ſufferunt:
1 617 334 639 Turbata ſic & anxiis
85 646 425 678 Mens quasa curis, tetiica eſt
82 678 389 708 Minimoq;, motu læditur.
115 734 555 766 Vt pœna grauiore meret punirier ille
86 765 614 794 Qui maculat fontes, tetro aſpergitq; veneno
43 792 637 824 Vnde biunt omnes quam qui lethale ſalubri
48 822 627 856 Miſcet aquæ vitus. de qua bibit vnus & alter:
60 854 611 887 Sic mage delinquit qui mores ingeniumq;
87 883 640 916 Principis obliquant quam qui priuati alicuius
87 913 615 947 Deprauant vitam, & vitii porrigine fœdant.
88 967 648 995 Cum ceſſant morbi, non eſt medicaminis vllus
121 999 588 1029 Vſus. nec ſanos pharaca poto iuuant:
40 1024 700 1065 Sic non iurandum eſt niſi cum iurare neceſſum ess,
124 1059 548 1088 Et firi id ratio conſiliumq; volunt.
42 1085 575 1115 Scilicet vt litem dirimas, ſeu rem tuearis
698 1127 758 1155 Qæ
7 1131 40 1166 C
