888 1312
1 6 118 24 a
246 34 570 69 BVRCHII.
711 48 754 66 9
82 87 565 123 Tempus, non homini at Deo relictum.
86 144 645 183 Quo mage fæcunda eſt tellus, atq; apta ferends
116 176 544 211 Pronaque frugifero luxuriare ſinu,
48 205 631 242 Hoc mage producit ſontes & inutile quiduis,
116 239 551 269 Si deſint operæ, ruiricolæque manus:
2 263 644 303 Sic quibus ingenium eſt felix natumq; doceri.
118 296 573 330 Ni ſit, præceptis qui colat & monitis,
87 325 587 362 Degenerant. & ſe vitijs dedunt magis ills
116 356 556 390 Iudicij quibus eſt vis acieſq; minor.
75 413 645 448 Non Medicus ſpectare ſolet meritone laboret
119 446 568 482 ACgrotus calida febre, vel immerito,
89 473 600 508 Aſt vnum curat prudens, & totus in illo eſt
120 507 518 538 Vt ſeſe morbi præbeat artificem:
90 535 541 570 Sic & vir patiens, facto dictove doloſo
119 566 530 597 Læſus non illud protinus inſpiciet
93 591 658 638 Quod non ſit meritus: verum ſuperare ferendo,
121 625 587 656 IIlæſa & ſtatuet vincere mente malum.
121 684 579 720 Fit ſæpè vt quatuor ferant humandum
92 717 507 747 Ad triſtem tumuli locum, cadauer:
94 747 526 777 Sic bis bina animam coinquinatam
91 776 461 807 Peccati & ſceleris lue pudenda,
93 806 528 837 Infernum miſerè trahunt ad orcum;
94 836 485 870 Vitæ nempe caduca logioris
95 861 564 904 Spes ac propoſitum hancce corrigendi.
94 894 489 930 Vindict quoq tarditas ſupernæ.
43 919 651 963 Quartum eſt, quod Dominum malis benignum
95 954 479 987 Audent ter facilemq; polliceri.
356 1043 497 1075 ?
687 1125 761 1148 HE-
498 1131 564 1152 Nn n
159 1141 320 1165 Tmus Primus.
