888 1312
235 64 537 85 V5C
702 67 746 89 S
1 102 659 135 Barara lauricomus non ardet pectora Phœbus,
107 135 579 162 Fila nec his doctæ tradit habenda lyræ.
34 165 659 195 Dulcia Threiciæ nunquam ſapit organa linguæ.
107 196 572 224 Quæ lcuis immunda rana coaxat aqua.
35 223 607 254 Sic ego Coricio nunquam verſatus in antro,
110 255 550 284 Aſpera barbaricis erba refingo ſonis
78 284 698 314 Quidreferam? veluti totum mare fluciburbem
107 314 610 344 Implet; & effuſas deinde receptat aquas:
78 346 609 375 Nonliter, tituli tribuis quos laudis, amice,
106 375 578 404 Te repetunt; ſoli conueniuntque tibi.
110 411 636 445 In AÆmulum: de portaum fama perpeta.
79 455 638 485 Emule, victuros vatum qui ſpernis honores?
111 485 531 515 Aſpicias oculis hæc mea verba tuis.
80 514 605 545 Sordidus inuiſis daberis cim vermibus eſca
111 545 609 575 Cumque eris in fœda vile cædauer humo:
80 573 648 605 Cm genus omne tuum perijt, noſcere nec vlli
109 604 525 634 Nec ſuperet facti poſtera fama tui
80 633 622 665 Nomina grandæuis tradentur noſtra libeſlis,
109 665 522 692 Et ſtabit doctæ laus diuturna lyræ.
81 693 634 724 Et cum mors actæ metet impia tempora vitæ;
112 723 558 754 Viuent poſt domini carmina fata fui.
839 758 868 789 H
312 765 507 792 Alexandro Hlegio.
83 805 522 838 Si quis in Aonio pouit veſtigia luco,
112 835 613 864 Scndit & intonſam ſi quis ab arte lyram.
83 865 610 898 Si quis Graiorum didicit facunda virorum
114 895 616 926 Scripta: ve uſonia fulmina digna toga.
31 925 561 958 Si quis Romanas acies; & prælia nouit;
113 954 593 987 Vel quæ Cumæus Partheniaſque docet:
82 985 555 1017 Tu qui clara tenes Pellæi nomina regis
106 1014 566 1048 Diſpeream, ſi non hic mihi ſolus eris.
279 1055 563 1086 Ad qutendam Sciolum.
31 1085 616 1119 An tu Terſitesdubitabam, an Loilus eſſes:
116 1114 665 1150 Sed puto conueniens nomen vtruimq ic tibi.
423 1149 519 1170 Nnn 2
661 1144 757 1168 Gvia
842 1288 886 1310 A
