888 1312
208 51 535 80 CANTERI.
688 51 727 69 9B
834 51 885 88 I
94 88 565 124 Audierne vnquam te tria verba loqui?
1 114 698 159 on equidem, non vnquam: at certe ſemper amabo,
1 151 594 188 rSemper acerba tua carmina ſorte canam.
1 187 524 218 Interea te ſuſpiciam, te more paterno
1 212 599 245 Care colam, aleri, dum mihi vita manet.
1 242 568 298 Tu Latiæ primus docuiſti ſacra Camœnæ,
100 271 509 309 Et quæ iucundo Tullius ore ſonat.
72 297 583 342 Quo quis diſſeret pacto, quo necteret orbes
100 332 553 371 Argumentorum, quis daret iſta locus:
2 360 627 400 Quæ foret illuſtris dicendi forma quid aptum,
1 386 682 430 Quid graue, quid medium: cauſſa quid exigeret.
75 417 631 455 Naturæ deinde eſt rato mihi tradita & horum
102 448 607 486 . there quæ medio nata ſtupent homines.
1 476 600 516 Hinc etiàm cli motus obituſq; pateſcunt,
108 509 592 546 Stellarumq; ortus, atq; opus organicum
81 538 600 581 Quin etiam Auguſtas leges perplexaq; iuira
108 570 489 608 Cœpiſti tenero conciliate mihi.
82 599 605 641 Queis ego pro factis non vno nomine grates
111 629 543 666 Non video quantas dicere ſ:ſficiam.
82 653 643 701 Quin potius totum me, quantuſcunq; videbor,
115 689 612 728 accipe, quodq; tuum dicere, ſume, queas.
85 715 622 755 Aurea nunc ad te vox o Lemouiſſa reuoluor,
115 747 557 783 Auro Aurate mihi nomen amabilius:
85 778 513 819 Vnica qui ſol Naturæ cura vocaris
115 807 567 844 Vnica Muſarum glor. a & vnus honos.
88 833 609 875 Tu mihi Graiorum primus ſecreta recludis:
120 867 516 909 Orgia tu vatum teca idere inis.
90 893 666 940 Tu potes obſcuris lucem dare quæq; prpata
122 929 551 963 .tas & vitium tollere menda pote:
94 954 632 999 Sed quæ fata mihi te poſſe videre dederunt,
124 985 565 1022 His etiam tempus longius iſſe velim.
95 1012 613 1059 Implumes vt cum ſe primum tollere nido
127 1041 622 1086 Prætrepidant volucres & loca ſenta ſequi:
99 1065 656 1118 Sic ego vix poteram per me mihi fortis adeſſe,
128 1103 594 1149 Depoſitoq; altum cortice nare vadums
701 1124 761 1144 tm
460 1139 554 1159 Nnn 3
1 1164 33 1193 dit
52 1281 191 1297 a
