888 1312
820 29 885 61 i
836 57 885 88 l
208 78 535 99 CANTEI.
683 82 729 104 M
83 116 503 151 Errat, & incertas itq; reditq; vias.
56 150 606 180 Scd quid ego gemitus cieo renouoq; dolores,
92 181 518 204 Acfruſtra vulnus letificum refrico?
63 209 661 241 Luximus hæc quondam. lacrimiſq; rigabimus ora
92 241 498 263 Et ſuit in cinees officioſa manus.
65 270 586 302 Sed non et cuiquam Parcarum nectere fila,
91 301 577 330 Cum tetigit furuum Perſephionea caput.
59 330 547 356 Vna ratis fati cuctorum nomina tollet:
89 360 517 389 Pelix cui ta cita mors venit apta die.
61 389 523 420 At te vexatum per multos vIq; labores
95 420 517 451 Fama manet nullo deperitura loco.
66 450 560 480 Inuide, diducto quid ſemper ringeris ore?
94 480 478 504 Liuorne & fati littora tranſiliet?
66 510 594 541 Maior ab exſequijs venitatris nomen in ora,
97 539 523 568 Svera eſt Vmbri dictio Callimachi.
64 568 621 598 Hæ c ſat erat rudibus, Dea, concinuiſſe cicutis
99 599 539 633 Quæ tu, ſi libeat, maxima reddideris.
68 629 563 661 At vos interea, Valeri atq; Auirate, valete,
100 660 499 692 Illuſeris geminæ gloria Calliopes.
229 701 568 732 Oarius. oytberus, Leucothea.
73 740 632 773 Cor. Salue cura mei nunquam non iuſta doloti
841 762 868 795 I
94 773 619 804 Vnica, digna homines, digna mouere Deos.
72 800 641 834 Leu. Salue præ cunctis animo gratiſſima noſtro,
103 830 570 864 Telluris quotquot munera læta beant
68 860 601 891 Cor. Felix ille dies, felix & menſis & annus,
105 889 554 927 Quo primum tua, lx, ora videre fuit.
34 919 605 951 eu. lla mihi ceri creta fuit hora notanda.
108 951 543 987 Qua faciem vii, dulcis amice, tuam.
79 978 634 1013 Cor. iſtad ſi Phrygius ſpectaſſet pectus adulter,
109 1009 554 1043 Iſſes inferior quæ Dea Cypron habes.
34 1039 587 1078 eu. Iſti ſi Triuiæ patuiſſent forſitan artus,
109 1068 578 1099 Fama tibi formæ non foret Endymion.
35 1096 654 1134 Cor. Si pater hos Minois amans vidiſſet ocellos,
105 1128 535 1167 Europæ taurus non tenuiſſet onus.
691 1157 748 1186 Le,
483 1160 585 1185 Nnn
