888 1312
1 11 51 28 -
823 36 885 69 I
223 73 547 97 CANTERI.
686 76 724 97 9B
172 125 603 158 In Geg. Ratallerum ſenatus Vlraiectini
347 160 446 187 Præſidei.
1 169 39 198 u
36 195 604 242 Quæfuerat primas inter memorabilis vrbes,
97 227 607 260 Proſpera cum velum tenderet aura ſuum,
36 258 623 292 Multaque debebat cœleſtibus, vnica, quorum
98 288 487 317 Viſa diu blando cura fauore fuit.
69 317 553 351 Nuper communi pariter concuſſa ruina,
103 349 489 380 Depoſuit faſus ore rubenti ſuos.
36 376 615 418 Publica cum totum clades conterruit orbem,
101 408 538 440 Diſiecitque nigras Tiſiphonea faces.
36 435 578 478 Stabat non vllis vrbs raiectina procellis
102 470 516 501 Obruta nec fati fila ſeuera timens:
36 499 588 529 Læta viris opibus præſtans, ornata iuuenta,
1 527 598 560 Mœnibus inſignis, ſplendidior domibus;
76 557 607 589 Omnia ſortunæ præportans munera paſſim,
105 588 600 620 Munera perperuum non habitura locumi.
36 618 608 655 Vix ea communi fuerat medicata dolori,
102 646 618 685 Quem peruerſa trahunt ordine fata graui:
36 676 655 717 Cum caput eripi tur primum, quo ſe duce victrix
111 707 590 734 Sub medium collo ſtante ferebat onus.
36 736 607 774 Sic nihil in toto conſtans deprenditur orbe,
114 766 560 800 AlItior & magno pondere caſus adeſt.
35 795 674 841 Nec tamen vt ſene ſt rigidis vrbs dedita palmis,
114 826 565 860 Iemporibus longis ſuccubuiſſe volet
35 854 693 899 Certè equidem poſtquam noua lux afualſit, amicus
112 887 563 920 Prſes, capta diu lumina tollet humo.
34 915 573 954 Ergo Ratallerus prætexta Gtorgius vrbis
113 948 522 980 Arte reget claræ nomina iuridica:
39 975 610 1011 Nempe Ratallerus, quo non integrior alter,
115 1008 527 1036 Curia. trauſilijt lumina, crede, tua.
37 1034 567 1074 Gaude, quæ viduo tollis lamenta cubili,
115 1066 539 1097 Vulturibus longo præda parata die.
36 1095 603 1134 Gaude quem turor ſurto nudauit iniquus:
113 1126 509 1160 Iuſtitiam Præſes qui tueatur erit
704 1154 748 1176 Ves
474 1159 556 1183 Nnn5
57 1287 190 1303 F
