888 1312
265 54 509 78 CANTERI.
690 56 735 75 S45
841 61 886 87 I
74 96 511 130 Egitio terras donec lux redqeret vna
106 127 563 157 Carmina non Vnquam deperitura tua.
41 153 597 198 Et iam cana tuos admorderat hora labores,
108 189 552 219 Qui rerum cauſſas explicuere graues:
40 214 542 251 Atque in reiecto tentarat Aranea docti
106 249 554 281 uruum Lucreti nomine texere opus:
76 271 640 305 Cum ſua ſub Lucem Lambinus cœpta vocando
106 306 494 340 Conatu magno, nec leuiore fide,
75 330 674 368 Clarum te nitidumque dedit, qualem vna perenni
104 365 559 397 Mens hominis poſſet laſſa labore dare.
76 393 577 424 Sed non vna valet tantas abſoluere moles
107 426 558 455 Mahina, nec tantæ rei ſatis vnus erat.
1 455 550 498 Ergo. ceu Theſeus, Gifanius altera dona
106 485 511 514 Diitis in vatem contulit ingenij:
76 513 554 548 Et ſtudio curaque pari congeſta ſecunda
106 543 572 581 pello Nemeſin nunc meliora dedit.
78 574 627 611 Sic igitur priſcum poſt longum lacte nitorem,
105 605 488 634 Lucreti, viues rbis ad exitium.
150 645 632 676 In Lanbinum & vvingerum Eihicor. interpp.-
64 685 635 724 Palladium quondam Tydides cautaque vulpes
109 719 468 757 Siſyphnia dæis deripuere ſocis.
78 744 651 782 Nam duo cum pariter greſſum ſociare videntur,
109 779 520 810 Tutius incedi dixit Homerus iter.
844 790 872 830 j
80 806 652 842 Non aliter clarum Lambinus ad æthera nomen,
108 834 570 875 Et Sophæ columen quod taſilea tulit
80 864 626 906 Lvvingcrus Latio ſtudiis communibus vnum
107 895 584 936 Ex plana nt morum ſemen, Ariſtotelem.
40 920 636 962 Gaude icomachi. ſi quid apis inclita proles:
111 955 629 999 Quæ dederas, paſim iam tua ſcripta patent:
181 1002 590 1045 In Epicureum craſmi,a Cauerſio Græcè
342 1042 422 1068 erſum.
81 1074 640 1116 Multa dedit Latio Graiorum magnus Eraſmus
113 1105 645 1148 Scripta, quious pectus cultaque liuga foret.
529 1129 732 1158 o oPluta
184 1147 338 1176 Tou pivs.
1 1153 41 1180 Hii
