888 1312
1 6 94 27 e
252 70 487 91 CANTERI
666 78 714 99 47
1 95 576 139 Sm malus; vnde ferax copia mellis adeſt.
66 140 664 169 Siue volens vror;quorſum hæc lamenta dolorque?
43 169 568 199 Siue aliter; nunquid plangere profuerit:?
42 199 543 229 Omors viua, malum non illætabile, ſiue
1 219 619 257 Non conſenſus adeſt. quomodo tanta potes?
61 258 645 288 Sin conſenſus adeſt non recte conqueroramens:
59 288 524 319 Sub geminis ventis in rate perfragili
64 319 575 347 Dorſa maris rectoris egens incerta peragro,
2 343 573 377 Plenus & erroris, menteque tata vacuus;
66 378 610 407 Vt non quid cupiam, detur mihi ſcire facultas,
1 407 561 437 Ipſa ſtatc tremens, vſtus & ipſa hieme.
271 450 462 480 Deſeipſo ex eodem.
52 489 566 519 Tam forti quædam pollent animalia viſu,
97 519 546 548 In Solem vt poſſint lumina coniicere.
69 550 624 580 At quædam lucis quoniam vim nipatiuntur,
96 578 530 609 Vix prodire. niſi Sole calente. ſolent.
71 608 532 633 Iam nonnulla leui deſiderio ſemel icta,
76 637 575 668 Dum ſplendore volunt ignis iepta frui;
1 654 506 695 Ardoris vires alias mox experiuntur.
102 696 609 724 Proh dolorl extremus me tenet iſte gradus.
1 723 590 754 Nec dominæ lucem valeo perferre nitentis,
105 754 600 782 Nec tenebræ, vel me tempora ſera tegunt.
49 784 572 819 Ergo non firmis illam contemplor ocellis,
101 816 582 842 Et ſcit inardorem me properare meum.
292 867 466 886 I Theocratrem.
77 901 554 937 Quis te Deorum, inſane, mente priuauit,
42 931 481 967 Vt pertinaci dona ſperneres Muſæ
43 959 533 998 Auimo; Dearum Diua quæ tenet ſedes,
42 991 466 1022 Ac laude dignos eripit viros fatis
80 1020 599 1054 Quis nunc Achillem noſceret quis neam,
45 1049 550 1078 Ni Mantuanus hunc, &illum Athenæus
81 1080 461 1108 Ad aſtra verſu detuliſſet æterno
80 1107 530 1142 Poëta, lymphæ vterque notus Aſcreæ.
465 1143 569 1160 0 2
676 1141 734 1161 At te
