888 1312
310 50 402 73 i
1 124 655 184 IOANNIS CARPEI
249 181 500 202 A1 EBA
32 223 709 278 Malehus Maroniades, ue Monachus fugitiuus, ex D. Hiero-
129 264 636 303 nmo, à Ioanne Carpenteio Attrebat. Iuriſconſult,
266 297 497 322 heroico carmine reddi-
359 336 397 350 us.
60 380 684 420 Vem vitæ melioris amor, quem ſancta voluntas,
60 410 675 453 Propoſitumque tenax mundo valedicere ſuaſit.
61 442 599 481 Quem Deus arcano perfuſum numinis hauſtu
59 475 511 513 Eripuit terris, tutaque in ſede locauit;
60 507 551 541 Hic vbi in exeſo ſcopulo, ſub rupe cauata,
61 532 584 565 Aut denſis vmbroſa comis, vbi ſylua vireſcit,
61 561 574 596 Aut mons aërius celſum caput inſerit aſtris,
62 594 528 626 Aut dulci vallis riuo depreſa ſuſurrat,
64 617 618 659 Vrbe foroque procul, curiſque ſequacibus: ipſe
1 646 26 666 u
63 652 566 691 Antiquo colit exiguum de more ſacellum,
65 679 627 718 Nocturniſque canens horis, pallenſque diurnis,
67 712 533 749 Eoliuagos inter lucos, & luſtra ferarum
66 738 633 774 Vnanimi aſetus paucorum cum grege fratrum
67 772 557 812 Contentus paco ita toleraæe beatam
67 798 600 835 Deſinat ille meo monitus doctuſque periclo,
70 819 727 871 Namque experta loquor, quæque iſe miſrrima paſ-
170 869 212 892 ſus,
70 888 611 930 Et quorum pars magna fui ſtatione relicta
70 916 626 960 Degenerem tentare fugam, patriæque videndæ
75 952 549 983 Abſtineat deſiderio, nec cura parentum
72 978 566 1013 Aut fortunarum felicibus extrahat antris:
75 1008 589 1043 Non illum victus tenuis, durique labores
76 1035 639 1072 ollicitent, vt caſtra petat, galeaque cucullum
76 1067 585 1103 Mutet, & aduerſis ſe miſeat impius armis
107 1092 628 1132 Malchius eram Maroniaci non pauper agelli
451 1123 761 1153 Ooo4 Cultor.
