888 1312
1 1 208 26 T
832 39 876 60 I
210 56 554 81 CARPETEII.
682 60 719 80 853
61 96 613 129 Acceſſi fames vrgebat portæque propinquo.
90 127 596 160 Forte ſenex ilic conſederat otia nam tum
61 155 655 185 Sol medium ſcandens ſuadebat flammeus orbem
61 188 601 222 Et globulos numerans filo pendente rotatos
62 215 577 250 Neſcio quid tacite ſecu per labra ſonabat:
63 245 567 279 Obupui viſu ſubito, greſſumque repreſſi;
64 275 708 311 Nam noua forma viri, ſacco huorri.la membra tegentis,
66 308 604 339 Pelliceoque ſupra cncti ependimate corpus,
65 335 604 369 Et dira illuuies. macieſque emiſſaque barba,
67 366 664 396 Terruerant: ſenſit trepidantem & vana timentem
67 394 682 430 Vit bonus, accepitquemanu, traxitque ſequentem:
71 425 642 461 Ingredere o quicunque es aitnec deſpi ce viles
73 455 609 488 Stramineaſque caſas: fuit hic Antonius olim
72 484 667 517 Ordinis ille ſacri princeps, fuit hic quoque Paulus
74 514 614 551 Progenitus hebis & quem Thaatta creauit
74 545 599 579 Hllarion, poſtque hos non inferiora ſecutus
74 574 672 607 Maccarius, famaque thmas ſuper æthera notus:
73 603 617 642 Ergo nouus noſtris ſuccede penatibus hoſpes:
74 632 671 669 Proximus ad cœlum gradus hine, hinc itur ad aſtra
77 663 609 700 Tramite inoffenſo. Quod ſi via forte ſcfellit.
77 692 630 732 Iamque alio ire paras hac ſaltem nocte qulefce
62 727 574 757 Nobiſcum victuque famem ſolare parato
79 752 600 787 Cras iter inc œptum melius celerare liccbit.
109 782 620 815 Sic ille orabat: cui protinus oſcula ſupplex
80 809 668 849 Vda dedi genubus, dexttamque amplexus inhæſi.
83 840 649 883 O ego quam teneo, quamte nater optime ſdixi
80 871 626 912 Apicioque lubens, non me via cœpta fefellit,
84 901 659 937 Non alio ire paro numen mihi numen amicum
84 933 686 964 Hoc monſtrauit iter; patriam charoſque parentes,
84 956 741 1001 Quæque homines potiora putant rem. prædia, fundos,
84 991 637 1025 D eſerui. loca vt hæc ſanctiſſima nudus adirem:
84 1019 640 1055 Nec vero extimui fratrum quodductor, ab illis
88 1051 600 1086 Ncte ſtatos humnos. & duros luce labores
84 1079 630 1120 Exigeres, tenuiſque foret veſtiſque cibuſque,
86 1112 578 1151 Longaquse præciperes ſtabili ieiunia lege
700 1139 753 1159 Hæc
445 1145 594 1165 Ooo
