888 1312
229 58 571 86 CARPETEII.
697 59 744 80 955
34 96 653 129 Vfedem, ſedem hanc, in qua non tiro, ſed annos
76 128 643 158 Iam multos Chriſto miles vetus auſpice vincis,
77 159 563 188 Deſeruiſſe velis, nullo certamine victus?
77 186 706 223 Hæc promiſſa fides? hæc eſt data dextera quondam?
77 217 622 248 At non ſic olim cum portum naufragus iſtum
79 248 565 277 Omnibus & terris eiectus ſponte ſubires:
81 274 706 313 Quam bona verba dabas l quam fortia promittebas
82 306 639 339 Certe verba dabas, quæ nunc rapuere procellæ:
81 337 596 367 Num tu tot ventis, tot tempeſta tibus atus,
83 369 534 397 Audes infido rurſus te credere ponto?
83 394 670 430 Noſ ne fugis? nec noſter amor, nec gratia flectit?
85 426 634 456 Nec retinere valent fratrum pia vota tuorun?
86 456 686 488 Sed matrem annoſam, ſed nullo hærede vacantem
85 486 611 514 Prætendis fundum: cauſas heu nectis inanes:
87 518 525 549 Inſidia trices agnoſco dæmonis artes:
87 544 592 576 Crede mihi, non a ccipio, non audio, tales
86 576 539 605 Incantatricis voces ſunt aſpidis, aures
1 578 35 602 u
88 603 614 639 Cera impe, miſerere tui pereuntis, & iſtam
90 635 671 671 Oro ſi quis adhuc precibus locus exue mentem:
88 663 574 697 Ah miſer: ah neſcis ſctæ pietatis honeſto
90 693 626 727 Sub titulo, antiqui inſidias fraudeſque latere
91 726 600 761 Serpentis? primos olim ſic ille parentes
91 750 646 789 Perſuaſos, pomum vetitum ſi forte comeſſent,
93 780 678 819 Qu bona ſcituros, quæ non iam iamque futuros
91 810 623 849 Diis prorſus ſimiles felicibus expulit hortis?
94 843 621 880 Scilicet ille hominum dirus prædator aperte
91 867 648 910 Nuſquam ſe prodit, ſed clam tectuſque tenet ſe
93 897 659 938 Semper in inſidiis, vt cautius opprimat hoſtem.
93 927 635 964 Nate caue, tetroque pedem refec vnde tuliſti,
92 954 690 992 Dum licet, & facilem pandit tibi porta regreſſum.
125 985 700 1026 Talia perſtabat memorans,ego marmore pectus
93 1016 635 1053 Durior, aut ſeopulo pelagi qui tunditur vndis
94 1050 565 1081 Aſſiduis, nullas tractabilis audio voces,
95 1074 666 1114 Mens infracta manet, at protinus ire, nec vllas
95 1107 611 1141 Eerre moras; hlc tum ſenior perterritus, ire
658 1131 765 1160 Co gitur
832 1282 886 1302 u
