888 1312
289 65 568 87 CARPENTEII
700 73 742 92 95
75 106 639 138 uce Deum, noctuq; Deum implorare inuabat;
81 136 639 172 Sæpe queri, interdum gtates miſcere, ſuperque
81 166 608 197 Ounia, ſolennes non intermittere Pſalmos,
83 197 687 232 Quos memori quandam cantatos mente tenebam.
111 227 695 261 amque adeo minus atque minus fortuna videri
80 256 711 288 Dura mihi, nec quid quererer iam prorſus habebam,
79 286 639 320 Quum vitæ genus in patria quod forte periſſes
82 316 558 345 Deſertos inter montes reperiſſe viderer;
80 346 641 380 Ecce nouas iterum fraudes, noua liuidus hoſtis
83 376 566 410 Furta paratbelli uec vi graſſatur aperta,
84 406 630 441 Sed petit inſidiis ſolitum ſihi. O nihil vnquam
85 436 575 466 Securum tectumq; ſatis, ſubtilia contra
84 466 664 496 Tartarei commenta ducis technaſque latentess
84 497 570 530 Ile meæ vocem dominæ mentius & ora.
84 526 628 559 Talibus greditur redeuntem rure maritum:
87 555 629 589 Seruus, quem noſtro pecori praæſecimus, olim
85 585 608 622 Captus in E ſſenis cum ſerua montibus vna,
84 614 644 650 Vir frugi, ſideique bonæ eſt, patienſque laboris:
86 644 679 679 Illum ego. quod fauſtum felixq; ſit opto voloque,
86 674 569 712 Ni quid tu renuis, coneruæ tra dere lege
86 703 595 736 Connubii; duplicata gregis cuſtodia noſtri
88 734 581 765 Slc erit & melus concordi rœdere iuncti.
88 763 610 795 Seruitii non molle iugum tolerabit terque.
88 792 617 826 is dictis. placuit ſententia; protinus ambos
87 822 594 856 Enocat & pactum præſenti pignore firmat,
87 849 740 891 Deque manu vt mos eſt conſeruam tradit habendam
89 881 655 919 Cumque recuſarem prorſus, vetitiſq; ue negarem
88 911 600 945 Vſurum me connubiis, taleſque hymeneos
89 940 585 974 Concelebraturum cum viui vxore mariti
89 969 613 1011 Nam vir conſeruæ nobiſcum captus, & vltra
88 997 636 1034 Abductus, domini alterius conceſſerat in ius
89 1027 685 1064 Nec ſinere hæc Cnriſtum nec quæ iurauimus olim
88 1057 643 1094 Chriſticolæ ſacra iura pati, clamoribus inſtans
90 1089 657 1124 Aererem magnis; iam dudum lumine toruo
89 1117 630 1156 Nos herusaſpiciens, furiiſque accenſus, & ira,
680 1150 757 1169 Vnu
1 1158 32 1178 ue
