888 1312
264 36 543 67 CARPENTETI.
699 50 784 76 96
77 81 686 113 nos numquam radijs oriens mediuſve cadenſve
84 113 682 143 Phœbus adit; ſed nox habitat. triſteſque tenebræ,
83 143 655 175 Vmbræque horrentes, & frigora grata chelydris.
82 173 665 204 Hanc tum ſpeluncam quo me nulla antè pericla,
86 204 599 232 Non furiæ, non ſanguineo fera bellua rictu
80 233 601 263 Pone ſequens non infeſtis exercitus armis
85 263 539 295 Mortis adegiſſet vitare inſtantia certæ
81 295 714 323 Funera, non aliter quam portum intramus amicum,
87 324 745 357 Iec quod eam draco ſquammoſus, quod torrida dipfæs
88 354 619 384 Amoditeſque ſuis colat indiſcretus arenis,
88 384 611 412 Aut ſeps tbificus, ſpnave minante ceraſtes
90 415 616 445 Ctifer, aut iaculi volucres, aut regulus ante
1 439 36 460 aus
89 444 647 470 Fua venena nocens antris ſtabulentur in iſtis,
90 475 613 504 oremus turbati animis, incerta timemus,
92 504 731 534 Quam manifeſta minus, mortiſque timore propinquæ
92 534 684 563 Currimus in mortem præſe tem: denique noſtra
91 563 746 593 Fnera præcipimus. ſed poſtquam ad Iimina venti eſt
93 593 701 622 Veſtibulumque ipſum, primiſque in faucibus antri,
93 624 690 653 FlIeximus ad læuam paulum primumque repertis
93 653 629 683 Hæſimus in tenebris, & foſſa condimur alta.
95 683 649 713 Quid mihi tunc animi ſociæque fuiſſe putatis,
95 714 675 744 Cum terra merſi nullo vndique & vndique cœlo
1 743 31 759 i
95 744 704 773 Immoti affixique metuque animaæm ore prementes
96 773 661 804 Contracto. media miſerandi inmorte iacemus?
97 803 707 831 Tnum vero hæc mecum: Si nos Deus aſpi cit æquus,
97 832 694 862 Nec prorſus ferus eſt. dabit hæc sſpelunca ſalutem:
98 862 651 892 Sin aliter viſum. noſque hic occumbere diuum
91 891 753 922 Rex hominnmq; iubet. dabit hæc eadem ipſa ſepuchr.
97 922 711 953 Eheu, quam grauius mortem expectare morantem
101 950 671 983 Quam ferre illataml plag metus acror ipſa eſt.
100 981 753 1012 Nunc quoq; dum loquor hæc. & d tranſacta recordon
101 1011 699 1037 Maxima me formido tenet, tremor obſidet artus,
102 1042 642 1073 Pæquc pedita nouo balbutit lingua timore.
135 1070 655 1100 nterea enſe minax ad liimen ſtabat opacum
101 1101 643 1129 Vociferans ſuus, toto ſonus intonat antro,
472 1133 549 1153 Pu
693 1130 771 1160 Hurci
128 1283 289 1307 -
