888 1312
212 35 571 72 Fi
700 41 757 63 9
77 77 682 110 Qio nos defunctos rurſum nouus occuat horror,
78 110 540 137 Etiam vicnæ necis obuerſa tur imago
79 138 700 169 Terribilis, quam nimo paulo ante peracta redixit
80 169 632 199 Hiſtoeia. Et quis non perſuſam cæde recenti
80 198 636 231 Crederet aduentare feram? tamen ilſa velut ſi
82 230 540 259 Subuerita inſiias àa nobis viſa caueret.
81 258 600 291 Mordicus apprenſos ſaxoſo e fornice fœtus
81 289 654 320 Effert, reſpectanſq; retro. caudamq, remulcens,
84 319 581 351 Ce.ſa petit rupis, ſeq; imis ſaltibus abdit,
83 349 575 383 Hoſpitioq; volens vltroq; innoxia cedit:
83 379 580 412 Tanta pudicitiæ viseſt, tam grata tonanti
84 407 697 440 Diuum hominumq; Patri vitæ immaculata pudicæ
83 439 579 473 Integritas, vt eam metuant attingere ſæui
85 470 596 503 Serpentes, timeant fœtæ attrectare leænæ,
84 499 613 534 Tutaque ſit medios inter captiua chelydros.
114 526 683 563 Ergo metu necdum poſito, non protinus iſthinc
85 559 614 593 Impetus ire fuit, ſed eadem ſede manendum
85 589 683 622 Cenſuimus, totamq, diem, quàm longa ſub antro
84 618 692 656 Tranſigimus, ſemperque animis oculiſque recurrit
84 649 611 685 Bellua ſpumoſos circumlita ſanguine rictus,
84 678 684 714 Ardenteſque oculi. frons torua, vngueſq; minaces:
1 689 41 725 m
85 709 645 738 Inde vbi nocturnos accenderat heſperus ignes,
85 739 644 775 Egredimur labente die, circumque propinqua
84 771 586 800 Luſtrantes oculis, ad læuam ſtare videmus
87 799 587 832 Vectores cæſi domini ; quorum vnius alto
86 828 597 862 Mantica de collo pendebat onuſta repoſtis
85 858 645 895 Ad victum dapibus: prenſoſque ſtatim ſolutos
85 892 645 926 Inſtratoſque ægrè conſcendimus & per arenas
86 924 618 949 Ardentes celeræmus iter: te magne tuorum
88 954 599 980 Seruocum cuaſtos, animis & voce canentes,
87 979 616 1010 Et decima tandem ſtatione per auia duram
87 1008 648 1045 Difficilemque viam emenſi. Romana ſubimus
88 1037 671 1075 Caſtra. per Aſſyriam. quæ tum proconſul vtrique
84 1069 597 1106 Euphratis ripæ prætenta Sabinus habebat.
89 1100 620 1136 Hic dum longinquo defeſia labore fouemus
664 1126 756 1154 Corpo-
483 1133 558 1160 Peꝑ
