888 1312
237 37 530 66 CASSANDRI.
691 27 776 56 57
1 78 569 115 iSeabat odoratis Laurus amœna comis.
66 108 661 151 Quæ modo per trtas gratum ſpargebat odorem:
110 140 546 181 Delicias ſprat nunc magis ilia es.m
1 171 553 219 Non hæc a ſomno falſis qui luditmago
109 199 573 239 AIoue, quod par eſt credere miſſa fuit.
213 240 607 278 l antiquitates Laurinorum & Golizri.
3 278 677 346 Nulla per usonias quod præſtitit hactenus vrbes,
116 315 648 346 Hoc nunc. Romatibi Flandrica Bruga parat.
85 344 562 384 Dgoi perpetua redimiri tempora lauru,
117 375 544 411 Laurini perquos nobile ſurgit opus
89 405 652 439 Nec minus Huberti doctiſſima dextra meretur,
120 432 577 467 Aureus t volitet docta per ora virſim
424 534 637 553 VI
157 539 669 575 B
296 586 524 614 INSVLENSIS.
1 627 55 651 i
301 648 543 675 Veræ latitiæ dator Deus.
98 701 560 743 Ohlectent alios fallacis gaudia mundi;
130 731 607 774 Sola Deus, quæunt non uit:na ſequar
100 758 679 802 Caudia nam ſine te nil ſuntiſi mœtor acerbus.,
53 795 537 831 T fons, tu veræ lætitiaque dator
262 831 567 869 Nhiabſque Deo delectable.
103 867 607 917 Abſque Deo credas nil delectabile; mundi
136 899 554 944 Delitiis ſemper triſtis amaror ineſt.
103 929 617 975 Lætior vt viuas nimum nec tædia lædant;
137 962 597 1001 Fac tua ſit nunquam mens aliena Deo.
310 1012 566 1047 Dominus protector meus.
106 1049 659 1097 Armorum ſtrcpitu totum Mar terreat orbem,
139 1086 613 1125 Concuſſa & crebro terra fragore crepet.
688 1118 768 1143 Inſus
1 1139 44 1177 uhi
228 1286 391 1310 r
