888 1312
691 53 744 77 75
201 44 527 78 ERI.
104 93 610 126 Ceaſus & eſſe cupir vel ſtudet eſſe Midas?
1 113 652 156 ison virtus hodie. ſed nummus donat honores,
104 156 625 190 uo ſine. ſea aro ſis ſeu Plato nullus e1is.
241 195 555 222 D uritas d ſpi , Virtue cl.
77 222 619 257 Tranquillot viuas anmo viuaique batus;
106 254 511 282 Inidæ miſeras deſpice ſortis o pe
78 282 644 314 Haud auro loculos animam Virtute ſed orna;.
107 313 631 348 Quæ dare non poſſunt fulua metalla, dabit,
259 355 553 381 Non mun lum, ſed Deum cole
78 384 614 413 Vis nomen ſeruare tibi dum viuis honeſtum?
111 415 537 447 Prom:ſſiſque Deipot tua buſta frui?
79 442 665 477 Noxia ceu peſtem, immundi fuge gaudia mundi;
109 478 572 509 Et cole quæ pia ſunt & reuerere Deum.
296 518 522 544 Sub Sole nihil ſolidum.
48 547 603 585 Nil ſolidum ſub Sole iacet: ſublimia Regum
1 576 637 609 Teſta caſæ: iuenis, virque. ſenexque cadunt.
47 603 706 646 Cuncta trahuut ſecum tempus, mors, longa vetuſtas:
110 635 543 665 Sola manet Virtus, funere ſola caret.
1 647 48 672 I
325 669 462 689 De Oratione.
48 698 610 732 Non erat quiſquis ſtrepitanti murmurat ore,
109 726 586 760 Vboſaſque ſonat corde ſilente preces.:
50 754 619 791 Eſt opus affectu; crebro non murmure vocis,
111 788 528 818 Sed cordis capitur relligione Deus.
248 827 545 859 Qi bonus: Hefiodi ſententia,
80 853 648 888 Iudice me bonus eſt qui præuidet omnia per ſe;
112 886 594 923 Suadenti & paret recta fugitque malum.
81 913 677 953 Sed qui non ſapit, auſcultat nec recta monentem
110 946 515 982 Oro quis natum dixerit eſſe bono
251 985 531 1014 Vncere ſe, ſumma Victoria.
78 1014 565 1050 Effrenes animi motus qui vincere nouit,
108 1044 595 1077 monium ſuperat viribus ipſe Ducem.
49 1074 574 1107 Vallatas celſis euertere mœnibus vrbes
103 1106 547 1136 Ardua res; ſed ſe vincere maius opus,
660 1133 738 1156 Finoi
1 1133 48 1165 is
