888 1312
1 13 77 34 ,
691 53 737 75 977T
203 58 520 80 C LERC
265 95 521 126 Mors ſingula falce metit.
39 126 690 174 Quid proſunt hominivires quid forma?quid ætas
104 163 551 199 Florida?quid cultiiugera multa ſoli:
36 194 655 234 Quid decusiæs aurum variarum denique rerum
104 223 570 261 Copiaiſi vera Mors ſingula falce metit?
339 268 447 289 De edem.
74 302 558 339 Vncata ſi falce metit quæ continet orbis
106 329 677 370 Mors fera quid Crœſumquid iuuat eſſe Midam
39 364 621 404 Quid laudum proſunt tituli? quid libera curis
107 391 644 433 Vita, quid applauſus? quid fauor, atque decus.
348 443 434 461 Vt ertm.
40 459 654 506 Si quæ mundus habet rapit inclementia Mortis;
111 496 582 527 Nos mun di miſeros cur ita cæcat amor?
77 522 585 560 Virtutis teneamus iter,quæramus Olympi
106 554 585 594 Regna beata, nihil Mos vbi iuris habet.
311 595 502 627 Epitaphilum Pacis.
79 627 686 700 rect
77 689 602 729 Nec mirum. nam res vrbis, ruriſque regebat,
110 719 602 755 E dabat vt concors omnibus eſſet amor.
78 747 639 793 Ecquis eam tulit e meio. poſuitque ſepulcro
109 780 563 815 Trux Martis rabies, hreſeoſque furor.
80 808 631 847 Nonne reuiuiſcet liget vt male nexaReuiuet
111 838 572 883 Quando grauis læſi dum cadetira Dei.
232 885 577 918 Tarlo V. in Iiſpanlam nau gante.
40 921 668 967 Non errat quicumque refert te, Carole, magnuim;
112 950 604 995 Ipſo cum non ſis quem regis orbe minor.
271 992 532 1023 Arincipem ſbellam.
80 1016 627 1060 Fronte, genis, & bclla oculis. ſed pectore bello
111 1047 616 1088 Bella magis Princeps, grata Iabella, venis:
81 1078 572 1120 Te bellam elis anii vrtutibus omnis
112 1108 596 1146 Plebs celebrat bellos voce ciente ſonos.
665 1135 745 1162 Qua
181 1152 333 1172 Tomus rims
846 1277 886 1310 M
