888 1312
262 65 523 88 COLVII.
697 71 742 92 9795
112 102 548 134 pſaque iam patrij triſtis imago soli.
83 134 707 158 Hinc euerſæ vrbes, celſarum hinc alta domorum
115 162 607 194 Culmina, & indignis prædia vaſtæmodis.
86 195 583 219 Non ita Achillea ceciderunt Troia dextra
121 224 558 254 Pergama, vt hoſtili procubuere manu
81 254 613 285 Oppida noſtra in fumoſas conuerſa fauillas;
118 284 503 313 Plena ruinoſis oppida ruderibus.
89 313 743 342 Teſtis Louanium mihi mihii pro vrbib. omnbus vna es,
122 345 566 374 M uſarum quo non certius em po rium
91 374 607 403 Orbe fuit toto, ingenium dum pace ſub alta
122 405 505 435 lngenuis licuit artibus excolere
95 432 723 465 Hic magnus Diuûm interpres. hic ſuada Themiſque,
124 464 537 486 Hic voluit ſedes Palias habere ſuas.
95 493 595 523 Nunc abiere omnes adytis ariſque relictis
1 524 652 555 Di; quibus hoc ſteterat Aonidum imperium:
1 553 649 592 Sed ſtetera nnc cuncta graui conuula ruina,
128 584 551 608 Etnotumar nm ine Louanium.
45 613 710 649 Nec tantum hoc. vt debuerit miſera ante parentum
131 643 589 673 Lumina virginitas fanda efanda pati
40 670 749 706 Atq, alia innumera hic quæ iam meminiſſe dolori et,
134 704 523 731 Damnoſa inſan munera mirlitæ
1 731 723 765 n Queis dum anguſta iacet, d perturbata malis mens,
135 762 607 795 Haud pote Muſarum eſt arte ſatisfacere
100 793 510 819 Illa ſed aſſiduo ſatiari neſcia luctu
137 819 669 855 Dum quæritur patriæ incommoda mile ſuæ,
106 853 613 880 Nunc hac nunc illac ſuriis agitata vagatur
137 881 625 915 Oppida per, campos, per mare per ſiluas:
105 910 640 945 Et requiem non his quærit, non ſedibus illis,
143 941 575 972 Nec certo potis eſt fixa manere loco.
1 971 668 1012 Vt philomela, cui implumes immitis arator
139 1001 515 1028 Natos vicina cx arbore deripuit
111 1030 638 1061 Mœſta volat totoque die miſerabile carmen
143 1059 611 1093 Integrat & nullis certa ſub arboribus,
115 1088 692 1123 Aut ſecura manet: nunc has, nunc fertur ad illas,
138 1120 544 1155 Si qua cara ſibi ignora repperiat.
514 1147 817 1179 Qqq2 Interes
1 1148 42 1178 q
845 1271 886 1310 a
