<?xml version="1.0" encoding="UTF-8" standalone="no"?><PcGts xmlns="http://schema.primaresearch.org/PAGE/gts/pagecontent/2019-07-15" xmlns:xsi="http://www.w3.org/2001/XMLSchema-instance" xsi:schemaLocation="http://schema.primaresearch.org/PAGE/gts/pagecontent/2019-07-15 http://schema.primaresearch.org/PAGE/gts/pagecontent/2019-07-15/pagecontent.xsd"><Metadata><Creator/><Created>2022-04-14T13:05:04</Created><LastChange>1970-01-01T00:00:00</LastChange><Comments/></Metadata><Page imageFilename="0005.png" imageHeight="1297" imageWidth="717"><TextRegion id="r1" orientation="0.75" type="paragraph"><Coords points="1,1 715,1 715,1295 1,1295"/><TextLine id="l1"><Coords points="615,123 618,119 618,113 619,113 645,112 645,88 601,89 600,88 597,88 597,82 596,82 479,83 479,81 478,80 477,80 476,79 475,79 474,78 435,79 433,77 431,77 430,76 428,76 427,77 313,79 312,80 177,81 176,82 96,83 95,84 94,84 91,87 90,87 88,90 88,91 87,92 87,94 86,95 86,102 90,106 90,107 91,107 93,109 95,109 97,111 98,111 99,112 102,112 103,113 107,113 108,114 109,114 112,116 114,116 115,117 116,117 117,118 118,118 119,119 121,119 122,120 123,120 124,121 126,121 127,122 131,122 132,123 164,122 165,123 613,118 613,121"/><TextEquiv><Unicode/></TextEquiv><TextEquiv index="1"><Unicode>Quod, exceptis transfugis, ommi-</Unicode></TextEquiv></TextLine><TextLine id="l2"><Coords points="62,165 226,163 227,162 244,161 246,160 245,151 246,150 573,146 574,147 591,147 593,149 645,148 645,117 86,125 84,126 84,128 85,129 86,129 86,145 62,145"/><TextEquiv><Unicode/></TextEquiv><TextEquiv index="1"><Unicode>bus à Scipione conceſſum eſt. Illi</Unicode></TextEquiv></TextLine><TextLine id="l3"><Coords points="644,158 517,161 517,159 515,158 331,160 330,159 328,159 327,160 133,163 132,164 131,164 130,165 96,165 95,167 95,177 93,179 93,180 90,183 90,184 88,186 88,187 87,187 85,189 83,189 82,190 82,191 83,192 84,192 85,193 88,193 200,192 200,202 201,202 645,196"/><TextEquiv><Unicode/></TextEquiv><TextEquiv index="1"><Unicode>Æſculapii templum, quod aſpero in!</Unicode></TextEquiv></TextLine><TextLine id="l4"><Coords points="62,233 494,228 495,229 495,234 506,234 507,235 507,240 645,238 645,202 590,203 589,202 589,198 588,198 586,196 346,199 345,200 292,201 291,202 138,204 137,205 127,205 126,206 124,206 123,207 123,209 62,209"/><TextEquiv><Unicode/></TextEquiv><TextEquiv index="1"><Unicode>colle ac difficili ſitum erat, confu-!</Unicode></TextEquiv></TextLine><TextLine id="l5"><Coords points="62,287 92,287 93,286 95,286 96,285 99,285 104,280 104,278 105,277 174,276 175,275 176,275 177,274 177,273 178,272 453,269 453,274 454,275 473,274 473,279 474,279 645,277 645,235 532,238 531,237 530,237 529,238 352,240 351,241 272,242 271,243 108,245 106,248 106,249 105,249 62,249"/><TextEquiv><Unicode/></TextEquiv><TextEquiv index="1"><Unicode>giunt. Interim Aſdtubal, qui ſæpiùsI</Unicode></TextEquiv></TextLine><TextLine id="l6"><Coords points="61,324 152,323 153,324 156,324 157,323 157,320 231,319 232,318 233,318 235,316 235,315 236,314 236,312 533,308 534,308 534,316 535,318 645,316 645,278 521,280 520,279 396,280 395,279 393,280 392,279 391,279 390,280 310,281 309,282 307,282 306,283 96,285 95,286 93,286 92,287 92,292 62,292"/><TextEquiv><Unicode/></TextEquiv><TextEquiv index="1"><Unicode>â ab uxore, ut ſe ad hoſtem ſupplex!</Unicode></TextEquiv></TextLine><TextLine id="l7"><Coords points="62,365 438,361 438,359 440,357 440,351 441,351 492,350 492,349 493,348 596,347 597,346 598,346 600,343 600,342 602,341 613,341 613,340 615,340 616,339 616,335 600,335 599,333 599,332 596,330 565,330 564,329 563,329 562,328 556,328 556,321 553,318 484,319 483,318 389,320 388,319 386,319 385,320 382,320 381,321 151,324 146,329 146,332 145,333 145,334 144,335 93,335 92,336 62,336"/><TextEquiv><Unicode/></TextEquiv><TextEquiv index="1"><Unicode>5 conferret rogatus, ſuperbè ac fero-</Unicode></TextEquiv></TextLine><TextLine id="l8"><Coords points="61,406 645,398 645,357 325,361 324,360 318,360 317,362 316,362 315,363 104,365 102,367 102,371 62,371"/><TextEquiv><Unicode/></TextEquiv><TextEquiv index="1"><Unicode>i citer renuerat, furtim egreditur; &amp;!</Unicode></TextEquiv></TextLine><TextLine id="l9"><Coords points="62,443 164,442 164,443 165,444 166,443 167,444 401,441 402,440 402,432 403,431 645,428 645,398 474,401 473,400 314,403 313,402 89,404 89,414 88,415 62,415"/><TextEquiv><Unicode/></TextEquiv><TextEquiv index="1"><Unicode>à Scipione infimis precibus vitam!</Unicode></TextEquiv></TextLine><TextLine id="l10"><Coords points="645,479 469,482 469,480 468,480 308,482 307,480 307,473 306,473 62,475 62,449 138,449 142,445 143,445 144,444 149,444 151,446 533,441 534,440 611,439 612,438 613,438 614,437 645,436"/><TextEquiv><Unicode/></TextEquiv><TextEquiv index="1"><Unicode>5 ac ſalutem impetrat. Hoc ubi adI</Unicode></TextEquiv></TextLine><TextLine id="l11"><Coords points="62,528 185,526 186,525 265,524 265,514 266,513 283,513 284,512 571,508 572,507 600,507 600,500 615,500 616,499 623,499 623,510 624,511 624,499 625,498 625,497 618,498 616,496 615,496 614,495 600,495 599,494 599,493 595,490 585,490 584,489 570,489 570,482 568,480 567,480 566,479 423,481 422,480 416,480 413,483 145,487 144,488 144,494 143,495 108,495 107,496 88,497 87,498 62,498"/><TextEquiv><Unicode/></TextEquiv><TextEquiv index="1"><Unicode>conjugem perlatum feminam im-</Unicode></TextEquiv></TextLine><TextLine id="l12"><Coords points="62,567 225,566 226,565 276,564 277,563 591,559 592,559 592,561 645,560 644,519 402,522 401,523 361,524 360,524 360,531 62,534"/><TextEquiv><Unicode/></TextEquiv><TextEquiv index="1"><Unicode>potentem, quam is in templo cumI</Unicode></TextEquiv></TextLine><TextLine id="l13"><Coords points="62,595 241,594 242,595 457,592 457,602 458,603 465,603 465,592 466,592 561,590 562,589 564,589 565,588 645,587 645,562 598,563 598,561 597,561 533,562 532,563 532,569 531,571 291,574 290,573 290,566 288,566 287,565 238,566 237,565 154,566 153,565 150,565 149,566 148,566 147,567 96,567 96,576 62,576"/><TextEquiv><Unicode/></TextEquiv><TextEquiv index="1"><Unicode>duobus liberis amens atque attoni-)</Unicode></TextEquiv></TextLine><TextLine id="l14"><Coords points="62,645 202,643 203,644 203,646 218,646 219,647 385,645 386,644 645,640 645,600 327,604 326,603 187,605 186,606 176,606 175,607 174,607 173,608 173,614 172,614 85,616 84,617 83,617 82,618 82,620 81,621 62,621"/><TextEquiv><Unicode/></TextEquiv><TextEquiv index="1"><Unicode>tus reliquerat, futens illa poſt diras</Unicode></TextEquiv></TextLine><TextLine id="l15"><Coords points="62,683 120,683 120,686 121,686 257,684 257,686 258,686 384,685 385,684 432,683 433,682 433,679 434,678 645,675 645,651 594,652 593,651 524,652 523,651 523,644 521,643 183,647 182,646 160,647 159,646 157,646 156,647 155,647 154,648 154,652 89,653 86,655 86,663 62,663"/><TextEquiv><Unicode/></TextEquiv><TextEquiv index="1"><Unicode>&amp; ultimi exempli imprecationes,!</Unicode></TextEquiv></TextLine><TextLine id="l16"><Coords points="62,723 177,722 178,723 178,725 180,726 459,723 460,722 463,722 464,721 464,713 553,711 554,710 598,710 601,707 601,705 613,705 615,703 615,702 614,701 614,700 608,700 607,699 598,699 598,696 597,695 597,693 595,692 594,692 593,691 559,691 558,684 558,683 420,685 419,684 357,685 356,684 126,687 125,686 91,686 90,688 88,688 86,690 86,691 85,692 85,693 84,694 62,694"/><TextEquiv><Unicode/></TextEquiv><TextEquiv index="1"><Unicode>2 filios primùm ſub ipſo parentis a-</Unicode></TextEquiv></TextLine><TextLine id="l17"><Coords points="61,763 90,763 91,766 92,767 219,766 220,767 221,767 222,768 229,768 230,767 231,767 232,766 645,760 645,722 518,724 515,722 508,722 508,723 476,723 475,724 151,729 150,728 97,728 96,727 91,728 90,727 89,728 87,728 84,730 84,731 82,733 82,735 62,735"/><TextEquiv><Unicode/></TextEquiv><TextEquiv index="1"><Unicode>ſpectu ́ugulat, tum ſemetipſam eo-)</Unicode></TextEquiv></TextLine><TextLine id="l18"><Coords points="62,803 158,802 158,803 160,805 175,804 175,806 177,808 179,808 180,809 187,809 188,808 189,808 190,807 191,807 194,804 194,797 545,793 546,793 546,803 547,804 550,803 551,802 585,802 586,801 645,800 644,762 560,763 559,762 369,765 368,764 367,764 366,763 364,763 363,764 362,764 359,767 91,770 91,773 90,774 62,774"/><TextEquiv><Unicode/></TextEquiv><TextEquiv index="1"><Unicode>dem gladio tranſverberat. Quo</Unicode></TextEquiv></TextLine><TextLine id="l19"><Coords points="62,844 89,844 90,844 90,848 91,850 281,847 282,848 614,844 615,843 645,842 645,814 590,815 589,814 589,805 588,804 552,804 551,803 510,804 508,802 507,802 506,803 493,803 492,804 491,804 490,805 469,806 468,806 468,809 467,810 467,813 221,816 220,815 220,809 219,808 88,810 84,814 83,814 80,816 80,821 78,824 62,824 61,841 89,841 90,841 89,842 62,842"/><TextEquiv><Unicode/></TextEquiv><TextEquiv index="1"><Unicode>ſpectaculo commotus Aſdrubal,</Unicode></TextEquiv></TextLine><TextLine id="l20"><Coords points="62,885 261,882 261,887 268,887 269,886 269,877 338,876 339,875 645,871 645,842 461,845 460,846 187,849 186,848 184,848 184,850 183,850 93,851 93,860 92,860 88,861 87,862 85,862 84,863 62,863"/><TextEquiv><Unicode/></TextEquiv><TextEquiv index="1"><Unicode>dum à Scipione in caſtra reduci</Unicode></TextEquiv></TextLine><TextLine id="l21"><Coords points="62,923 80,923 81,923 79,925 79,928 160,927 161,927 161,929 307,927 308,928 370,927 371,926 371,916 400,915 401,914 645,911 645,890 419,893 418,893 418,886 244,889 242,887 118,888 117,889 116,889 115,890 115,891 84,892 83,893 81,893 81,903 62,903"/><TextEquiv><Unicode/></TextEquiv><TextEquiv index="1"><Unicode>jubetur, ſibi ipſi violentas manus)</Unicode></TextEquiv></TextLine><TextLine id="l22"><Coords points="61,971 337,968 337,967 338,966 354,966 355,965 514,963 516,960 516,959 517,958 517,955 519,954 571,953 572,952 572,951 573,950 573,948 571,946 570,946 569,945 562,945 562,940 560,938 560,937 559,936 557,936 556,935 550,936 549,935 496,935 496,926 495,925 165,930 164,929 150,929 149,930 148,930 148,938 147,939 116,939 115,940 103,940 102,941 88,942 87,943 86,943 85,944 83,944 81,946 62,946"/><TextEquiv><Unicode/></TextEquiv><TextEquiv index="1"><Unicode>attulit. Hæc Appianus Libyco.</Unicode></TextEquiv></TextLine><TextLine id="l23"><Coords points="61,1001 81,1001 82,1002 104,1001 105,1002 308,1000 309,1000 309,1009 645,1004 645,960 615,961 614,960 612,960 611,961 610,961 609,962 466,964 465,964 465,966 210,969 209,969 209,972 86,974 85,975 84,975 82,976 82,987 62,987 62,990 82,990 83,996 81,998 81,999 80,1000 62,1000"/><TextEquiv><Unicode/></TextEquiv><TextEquiv index="1"><Unicode>Dramatis locus eſt Carthagine ad)</Unicode></TextEquiv></TextLine><TextLine id="l24"><Coords points="124,1015 125,1042 315,1039 314,1012 124,1015"/><TextEquiv><Unicode/></TextEquiv><TextEquiv index="1"><Unicode>Arcem.</Unicode></TextEquiv></TextLine><TextLine id="l25"><Coords points="524,1141 622,1140 622,1113 524,1114"/><TextEquiv><Unicode/></TextEquiv><TextEquiv index="1"><Unicode>A.3 PER</Unicode></TextEquiv></TextLine><TextEquiv><Unicode/></TextEquiv></TextRegion></Page></PcGts>