674 1296
156 31 502 76 62 A VENT V.
61 70 629 114 I de conſtantiâ deiicitur, atque ad
61 112 629 149 I Chriſtiani nominis deteſtationem
61 151 629 201 !ſacrilegam Ignis ac Mithræ vene-!
61 190 629 231 rationem aojicit. Non cumdem in
61 231 629 276 .Simeone tentando ſucceſſum Sapo-
61 271 629 316 ris conatus habuit. Cujus ille non!
60 310 629 357 minùs ſæviiam, quàm blanditias
60 350 629 396 ! promiſſaque contempſit, ac deſer-
60 390 629 437 tori inſuper ſalutem attulit. Nam
61 430 629 473 cùm ad ſeſe venientem, illum, ac
61 471 629 516 pro veteri neceſſitudine officiosè
61 512 629 558 ſalutantem probris ac conviciis re-
61 550 629 597 !jeciſſet, negaretque quidquam ſibi
61 673 629 713 ſione, ac ſceleris ſui horrore per-
60 713 629 758 culſus ad Regem adit, ac Chriftia-
61 754 629 798 num ſe eſſe coram o profitetur.
86 793 629 836 Quâ repentinâ mutatione vehe-
60 831 629 875 mentem non in ſe modo, ſed & in
61 874 646 914 Chriſtianos omnes lrincipis ira-
61 912 646 956 !cundiam convertit. Itaque capitis
61 953 646 996 damnatus eodâ die glorioſiſſimam
87 993 646 1038 pro Chriſto mortem ſuſtinuit. Ve- j
84 1033 646 1076 rùm antequam ad ſupplicium tra-
61 1074 646 1123 heretur, agnopere hoc ab Rege
442 1116 646 1155 poſtâ-
