689 1304
86 73 662 123 poſtulavit ut elogium ſuum, neciſ-
84 113 662 154 2 que cauſſa publicè à præcone pro-
88 153 662 195 nunciaretur, ne quam perfidiæ pro-
83 193 662 235 ditioniſque de ſe ſuſpicionem in
90 234 662 275 vulgus relinqueret. Sed eò nimi-
84 272 662 315 5rùm poſtulatio illa ſpectabat, ut ſi
91 312 662 355 quibus fraudi offenſioniq́ue ſcelerisI
84 352 662 393 .exemplo fuiſſet, iiſdem mutatæ vo-
92 393 662 436 luntatis, ac ſuſceptæ obſid ChriſtiI
95 434 662 474 necis præconio conſuleret. At Rex
95 474 662 516 ceterorum ad terrorem quod roga-
83 515 662 557 batur pertinere ratus, ultrò con-
98 555 662 597 ceſſit. Intererat ſpectantium tutbæ
99 593 662 639 Puſices Regiis artificibus præfe-!
99 636 662 674 ctus. Qui ut metu mortis attonitâ!
99 677 662 716 ac titubantem Ananiam Simconis
100 716 662 758 Presbyterum vidit, nihil cunctatus!
99 756 662 798 voce hortatuque ſuo illius animos
100 796 662 838 erexit. Obid comprchenſus & ipſe!
102 836 662 879 paulò poſtinterfectus eſt.Cæſus eſt!
103 877 662 919 Vſthatanes Conſtantii & Conſtan-!
103 916 662 959 tis anno. feriâ V. majoris Heb-!
104 956 662 1000 domadæ. Simeon verò ac ceteri!
103 995 662 1040 poſtridiè, hoc eſt feriâ VI. ſive Pa-!
103 1037 662 1071 raſceve. Hæc Sotomenus lib. VlI.!
104 1083 267 1126 cap.VIlI.
