664 1290
204 45 479 72 1ACOEI LIBENI
98 68 432 94 Non jam fundit opes divite copiâ,
56 92 361 116 265 Largo nec Cererem finu,
99 114 489 141 Vt quondam docilis Triptolemi jugo
122 138 344 161 Vix ſed reddit avarior
98 161 449 187 Parco ſemen agro, quod tulit ubere
124 184 368 209 Sparſum ruricolis manu.
56 207 506 243 17o Reu! pomum ſterili cernis ut infrequens
123 230 373 254 Nunc ramo malè pendeat,
99 253 471 278 Carpentumque avidas ludificet manus
123 276 365 301 Putri vermiculo capum?
100 300 420 324 Sic eſt. Deficiens omnia ſubripit
56 322 329 345 5 Velox in vitium dies.
100 347 535 370 Retr cuncta fluunt. Nos quoque, cen ratis
124 369 377 393 Prono fumine, & Africo,
100 392 451 417 In pejus ferimur; nec patriam puer
125 416 353 436 Premit devius orbitam,
57 436 445 463 20 Hæres certus opum, non ſapientiæ,
125 462 367 487 Quin & mox vitioſior
101 483 458 509 Stabit progenies, nec fimilis patrum
123 508 421 533 tas poſthuma. Quid tamen
100 530 440 556 Naturæ miſeri carpimus ordinem?
58 553 359 579 25 Hic culpâ & vitio vacat.
89 576 405 599 Stat cuivis animi libera vis ſui,
123 600 418 624 Probo hæc dividit improbum.
99 623 433 649 Nulli triſte jugum lex adamantina
125 646 351 671 Peccandi poſuit, neque
57 668 487 693 490 Vrgent fata ſcelus. ivere nunc probis
126 693 379 718 Vt quondam licuit, licer;
125 716 408 746 Sed non quod licuit, libet.
101 831 622 866 Ioſeph ad fratres venit, quem occidere
129 858 596 898 moliuntur, ſed Rubeno deprecanre ma-
129 897 622 931 nus abſtinent, arque ad cifternam
123 935 228 963 pergunt.
135 982 565 1003 SiEoN. LEVI. IOSPn. RvEN.
93 1014 608 1075 SD. Allor? paterâ numquid huc vates domo
187 1038 567 1064 HVelox ſupino pomovet clivo gradum?
185 1060 608 1092 Ipſe eſt; tenetur. Fida nunc fratr manus
99 1082 478 1110 Adeſte noſtros augur, en, caſſes ſulit
63 1099 476 1133 5 Nimiùm ſui ſecurus. O benel callidis
96 1128 524 1157 Numnquam explicandos induit pedes plagis.
93 1148 490 1185 Inſtrge in iras anime; & ingentis capex
499 1178 591 1203 Foris,
