796 1313
126 57 551 88 SiA BRIANVS TRAGOEDIA. 5
82 161 592 197 Mirantur cſaris adſeſſores Martyrum
109 194 591 227 fortitudinem; coſ in viem divellere
121 225 591 260 decernunt, ne drianus ab nthimo
121 258 407 294 amplids corroboretur.
156 309 542 336 TIrIANVS. GAELVS. FLAVIVS.
57 352 534 410 sDApe ad lagella ,mole dein ferri grarem
84 403 487 431 Non occupavit Galle: tam ſimilem ſui,
97 426 512 451 Tam non paventem nullus Adrianum,dies
99 447 592 477 Spectarat unquam. GAL. Mirus hic non aſt rigos
89 475 462 501 Crudos tueri Martis aſſueto impetus.
55 495 465 525 40 Vidi irruentes, quáue telorum ſeges
101 519 477 546 Horrenda condenſatur, ardentes mori,
101 544 472 570 Nuper Latinâ pectus exhauſtus manu
100 566 472 592 Vulnus juvabat miles, & capulo tenus
101 589 498 616 Haſtam induebat, tramite ut certo ſuum
42 613 483 644 545 Referiret hoſtem: victus & victor pari
63 636 504 662 Iacuère letho. Nempe quid fugiat bon
98 656 538 685 0. Contemptor animus Hcis: & morti obvius!
101 683 549 706 TIT. Sic eſt, timere ſtrepitus ammorum vetat,
98 703 600 730 Reſonanſq́ue murmur, cornuum & toto agmine
41 728 527 759 5o0 Diffuſus ardor, quodq́ue vel ſummum reor,
106 751 485 779 Hos gloria. illos præda ſperantes agit.
98 773 455 801 Sed torva Regis ora ſpectare, & diu
98 797 462 823 Vnâ quietun ſede, conſtantem ſibi,
107 819 458 849 Optare legum verba, ne pactam ſuo
41 842 492 873 555 Animus Tonanti ſallat inſtabilis fidem,
106 866 607 895 Hoc Chriſtian eſt. GAL. Stemma patricia domn
108 889 535 913 Et avita honorum decora, Cæſarei recens
109 912 546 941 Munus favoris, qnod́ue ſpes reliquum facit
111 935 530 963 Projicere juvenem: mortis ut certus dolor
53 959 455 987 6o Dubias futuri credulo ſortes emat.
112 974 611 1007 Hnc eſt furori proximum. TIT. Quanqus improbâ
113 1005 483 1033 Læſit protervus voce, amicitiæ tamen
96 1027 516 1057 In jura veteris redeat: indignum quoque
113 1044 594 1076 Letho extrahamus. GAL. Munus ingrato dabis.
40 1069 589 1102 65 TIT Vtendo fiet gratus. GAL. Invitus nequit.
114 1092 559 1124 TIT Qni ſecla ſperat, vivere invitum putas?
89 1112 588 1146 GAL. Qui certa ſpernit, vivere invitum negas!
98 1139 578 1167 5IT. Nn ille vitam reicit, at Chriſtum tenet.
106 1159 561 1192 AL. Tenere utrumque jure Romano nefas.
