851 1298
358 46 732 76 ! e, 2vp ov1C CLLorI
308 70 814 107 Hoc ſchemate cui fucum non faciat?!
309 105 814 143 Primus occurrit Flavius, qui & le,
313 136 814 175 gem, & legis cauſam, & egregia Na.!
313 169 814 205 taliæ in carcere facinora, Nataliæ!
314 199 814 241 narrat admrans. Illa vero cata mulier,l
312 231 814 267 indigniſſimè ferri edictum â Nataliâ
315 263 814 304 ſimulat, totamq́ue culpam in Tribu-
314 296 814 335 num ipſum ab eâ derivari. Hic qui
314 329 814 363 jam ſemimortuo Adriano Nataliam
315 360 814 396 deperibat,in illius gratiam, eum,
316 393 814 427 quiſquis eſt, in carcerem ad Adria-
316 424 814 454 num introducit. Deinde ſuam ſecum
314 456 814 495 ſortem lamentatur; qui certam, ut
315 488 828 525 putabat, ſpem potiundi illius coniugii
314 520 828 553 perdiderit. Sed ccce aliud miſero ma-
313 552 828 581 lum. Galerius admonitus contra edi-
314 582 828 621 cta ſua aliquos vinctis adeſſe, actus in
312 615 828 652 furias, Tribunum, & oblatam ſibi ptos
315 648 828 680 viro Nataliam, tantùm non ad mor-
314 679 828 712 tem tapi jubet. Hæc autem Nataliæ
312 709 828 746 cauſam tam prudenter agit, vt non
311 741 828 775 tantùm facti veniam, ſed etiam re-
311 773 828 806 grediendi in carcerem, & extremum!
312 804 828 841 Adriani ſpiritum legendi poteſtatem
308 836 828 875 impetret. Nam illo iracundiæ abrep.
305 867 828 905 tus æſtu Galerius, Anthimum capite
306 898 828 936 plecti, cæteros fractis cruribus inter!
306 931 828 969 tormanta vitam reddere imperaverat.!
702 1048 841 1103 Sc
