851 1302
286 43 703 76 !16 LVDOVICI CELLOrII
287 72 721 101 Vel morte in ipsâ pertinax: quantò æquiùs
293 95 667 122 Stabit perennis nacta connubio virum
224 117 672 146 !10 Diutumiorem? Cujus impulſu ſtrepit
295 142 669 168 Cardo palatl? Cæſatis prodit cohors.
369 187 731 223 SCENA Q&A2A.
299 235 803 272 certior factus Cſar de ignoti alicuius in
328 268 803 305 carcerem ingreſſu, gra viter increpite
329 299 753 336 tribuno, ſibi hominem ſiſti imperat.
374 337 728 370 ALERIVS. FLAVIVS.
298 380 731 421 Ta non rebellat Criſtus, & juſtam imperi
316 404 700 433 Legem capeſſit ſubditus? rapite ocyùs,
299 427 648 455 Eruite tenebris, fata violantem mea
259 450 671 479 215 Iuvat intueri. Perfdos etiam greges
298 473 671 501 Tribunus auget, capitis & cuſtos ſacri
299 497 691 525 In me ſurentes atmat? eſt aliquid ſuper
299 519 679 548 Iudæa, quò me conſili expertem trahat
300 542 724 569 Religio? me ipſe metuo, nam circùm latus
258 565 723 593 220 Milite & amico ſpoliat. Inſande huc ades.
300 589 674 617 Te video perduellis? hunc aditum tua
300 612 728 641 Proditio reperit? ſi quid in dominos paras.
295 636 756 664 Sumus hâc petendi ?FL. Dubius infidum tibi
301 658 678 687 Rumor Galeri nunciat, an implet tuas
261 679 691 709 2! Delator aures? vita quam vixi, tua eſt:
300 706 681 730 Nec ſi piget vixiſſe, nec mortem abnuo
299 728 709 756 A te imperatam. Cuncta cernentem Iovis
301 750 753 782 Sed teſtor oculum, ſi quid eſt factum improbè
300 774 696 803 Dictumne, capiti Cæſat, & generi meo.
241 792 792 831 ? GAL. uis ille ſontis clauſtra penetrarit domns?!
299 820 667 849 Quis carceres irrupit, ut dulcei impios
298 843 707 868 Soletur ore? FL. Nemo violentos tulit
296 865 673 895 In adyta greſſus. fic mihi faveat polus,
296 889 724 918 Túue alme Cæſar, nullus irrupit domum.
256 906 761 944 ! AL. Ignave, non ſi mille glomerentur neces,
297 933 737 967 Oculoſque ſtringat chalybis horriſicus nitor,
297 958 715 986 Convellere auſis legem, & auguſtæ ultima
298 980 627 1010 Effata vocis : tine gratuitò malus
298 1003 708 1033 Terrore uullo adactus, in mentis meæ
255 1027 803 1061 240 Decreta pecces? FL. Nulla ſraus juſum abrogit,!
298 1049 730 1078 Vis nulla legem ; non vir immiſſus domum,
297 1072 803 1100 Non fœmina introgreſſu. GAL. Verborum dolâsI
299 1094 687 1124 Si nectis, ego re rupe præcipitem dabo,
298 1116 674 1147 Thebana qualem morre nobilitat lues,
224 1138 713 1173 145FL. Ænigma ſi te fallit, ædipodem tenes.
