790 1317
69 112 607 170 2 V I M VS.
170 178 528 217 A R GVMENTVM.
297 241 633 284 E ſubactâ Ægypto triâ-
297 272 633 315 Nobanutus sapot, uaſis
298 304 614 348 ad urbem poſitis, mora-
305 344 600 378 tus erat aliquandiu,
299 368 633 412 dùm ſe cives, ut fit,
109 400 633 442 compararent, Aderat deſtinatus pom-
100 432 633 472 pæ dies. Præmiſſus itaque ab eo Arta-
104 466 633 505 vaſdes purpnratorum nobiliſſimus!
97 497 633 539 Scenam aperit, & pauca de Saporis
100 528 633 564 Iaudibus præfatus, civium alacritatem
95 559 633 595 miratur ex urbe ſe effundentium, Re-
110 592 633 632 gis igitur excipiendi negotium Surenè
101 626 633 664 fratri committens,lætus urbem ingre-
103 655 633 695 ditur. Vix diſceſſerat, cùm ptimus!
113 688 633 728 triumphantis exercitis ordo apparet:
112 718 633 759 inde ſpolia, devictarum urbiúm fer-
106 750 633 789 cula, & ante victoris currum, captivi,
118 780 633 816 Poſt hos curru ſublimi vehitur ore &!
116 812 633 853 habitu Saporis aſcito Angelus Prin-!
118 843 633 885 ceps Perſarum (ſic enim præſidé regni!
117 877 633 916 genium appellant ſacra eloquia)&!
119 907 611 948 Ochum impuberem Saporis filium ſe-
118 941 633 979 cum in currum invehens,; â Surenâ ci-!
119 970 633 1009 vibuſque ſalutatus, câ pompâ in ur-
111 1003 617 1044 bem, arcemq́uoregiam admittitur.
525 1097 646 1145 o 2 ScÆ-!
