656 1290
149 37 559 65 n4 LVDOVICI CELLOTII
99 62 629 96 planè pro Rege & Sapore gerit. Legs-I
99 92 629 126 tos audit, Artavaſdem honori, Ptole-!
102 124 629 160 mæum libertati regnoque reſtituit: de!
103 155 629 190 Satrapar aliquorum inſolentiâ con-
101 187 629 223 queritur, qui per ludicrum alium Re-
102 218 629 254 gem, alium Saporem finxiſſent. Inter!
100 250 629 285 hæc Roxanes commiſſi ſibi ab Aſtyagc!
102 281 629 316 negotii rationem reddit: ſeq́ue quot.
103 313 629 349 potuit Magos in domum unam ſilen-
102 344 629 378 tio convocaſſe renunciat. Quos omnes!
104 376 629 412 ut publicæ quietis oſores, Dei homi-
103 407 629 444 numque hoſtes Princeps Perſarum
105 439 629 474 flammis addicit, & Archimagum ad
101 472 533 506 ſe in vinculis adduci imperat.
160 529 580 556 SCENA PRIM A.
108 573 629 608 Poftulant ad Regem admitti, ſed id antè
135 605 629 639 chiliarcho non impetrant, qum au!
134 639 629 669 ream Regis ffatuam ex more adorrint:
139 674 592 706 PHARNABAVS. MASTES.
221 705 502 728 PSAMMETICHVS..
166 790 580 816 Spectate Proceres: inde quà tellus patet,
109 811 536 840 Et anhela Phœbus hinc & hinc flectit juga,
94 835 471 860 5Promuntur orbi jura: ſublimi Sapor
110 858 510 884 Sedet arce, quantus ille qui Cœlo tonat.
108 881 559 908 Tm gemina proles, patre nil magno minor
106 903 469 930 Vt amica ſratres figna Ledæi micant.
108 925 517 953 Numeroſa Regem Satrapûm ſtipat cohors
71 949 518 973 Stelliſque claro Numine invidiam ferunt.
108 970 606 996 MAST. Salvete Divâm tecta, venerandi lares.
107 994 471 1021 Implexa vaſtæ ſpatia dimenſus plagæ
107 1016 488 1042 Vos fronte primùm cernuus totâ colo:
108 1038 508 1064 Placate magni Numen Arſacidum Hovis,
71 1059 498 1089 5ittiſque faciſes reddite ogygiis Deos.
110 1103 505 1133 Scribuntur arce fata? Regnorum potens
109 1125 495 1152 Quis hc Serapis verſat Inmotus vices?
572 1147 625 1185 2
