708 1348
88 71 540 99 APOR ADMONITVS TRAG. a55
55 98 577 130 terficeret. Et hic iterum dubitandi
54 129 575 164 cauſæ Aſtyagi. Siquidem imperatam
55 159 575 193 â ſe Magorim cædem negat Sapor.
54 190 574 225 Ptolemæum de heneficio gratias agen-
54 223 574 254 tem hoſtiliter tractat. Sibi oblatum
54 251 575 286 Archimagum liberâ eſſe jubet. Cujus
54 285 576 319 5copiam nactus Aſtyages, digreſſo pa-
55 316 573 351 : tre, magicis ſacris â dæmone tantæ,
55 348 574 382 tamq́ue ſubitæ rei exitum poſtulat:â
55 379 573 413 quo tamen poſt conſumptam artem
55 410 576 445 2 Magus nihil auferre poteſt quam ob-
54 442 575 483 ſcurum, & incertum de Rep. reſpon-
54 475 166 501 ſum i.
73 530 525 561 S CENA PRIM A.
69 577 572 611 5 Queritur Roxanes contra fidem regia
189 609 455 643 interfectos eſſe Magos.
128 653 515 676 OoXANES. ASTYAGES.
33 691 560 755 Antum ſupinus ſorbeas, Princeps, probrum?
112 712 570 739 Tam inſignqe, tam palmare? ASrA. Mer?
204 738 343 761 Regi velis
57 759 509 785 Obſtare, quodq́ue graviùs extimulat. Patri?
74 782 557 808 ROAN. Regem putaris nulla cui conſtat fides?
33 805 563 831 5 5 AST. Imperia Regum quâ cadunt, faciunt fidem.
71 828 573 854 RxA. Ea juſſa debent cadere, quò inclinat fides.
71 851 572 876 5AST. Inclinnt arbitrium omne quo Reges trahunt.
75 875 574 899 ROX. Et quo trabuntur; ſervinnt queis imperant.
71 897 570 923 !AST. Servire veſtrum eſt: quidlibet Reges velint.
33 920 571 943 ROx. Sed honeſta, ſed non varia momento velint.
75 943 522 969 AST. Conſtanter eadem velle privatum puta.
64 967 538 992 ROx. Regale magis eſt velle conſtanter bona.
64 989 573 1014 5 AST. Ire in Senatum juſſeram? ROx. Qui te locus
76 1011 554 1036 Regemq́ue haberet. AST. Iuſſa ſecretus dedi.
33 1031 572 1060 5 ROX. Coram parente. AST. Potuit inflecti rigor
66 1057 468 1083 ! Privatâ in aulâ: tu tibi reliqua imputa-
66 1079 561 1106 5 RO. Sed dum hic ſedemus, pateris infami rogo
74 1104 449 1129 Vetuſta gentis nomina in cineres agi?
75 1124 505 1152 Tam fida Regi pectora? hen, Princeps, tibi
39 1149 452 1174 !0 Tot amica perdi capita ? ſubtexi vides
62 1169 445 1198 Vndante ſumoſydema illacmmabilis?
480 1189 573 1217 Aſt5t&
