<?xml version="1.0" encoding="UTF-8" standalone="no"?><PcGts xmlns="http://schema.primaresearch.org/PAGE/gts/pagecontent/2019-07-15" xmlns:xsi="http://www.w3.org/2001/XMLSchema-instance" xsi:schemaLocation="http://schema.primaresearch.org/PAGE/gts/pagecontent/2019-07-15 http://schema.primaresearch.org/PAGE/gts/pagecontent/2019-07-15/pagecontent.xsd"><Metadata><Creator/><Created>2022-04-15T11:55:22</Created><LastChange>1970-01-01T00:00:00</LastChange><Comments/></Metadata><Page imageFilename="0276.png" imageHeight="1289" imageWidth="667"><TextRegion id="r1" orientation="1.0" type="paragraph"><Coords points="1,1 665,1 665,1287 1,1287"/><TextLine id="l1"><Coords points="157,76 287,74 287,78 288,79 394,77 395,78 457,77 457,69 516,68 518,66 518,54 519,53 519,52 517,51 484,51 483,50 361,52 361,51 360,50 355,51 353,49 266,50 265,49 265,54 264,54 157,56"/><TextEquiv><Unicode/></TextEquiv><TextEquiv index="1"><Unicode>3276 LVDOVICI CELLOTII</Unicode></TextEquiv></TextLine><TextLine id="l2"><Coords points="638,70 347,76 346,77 223,79 222,80 192,80 191,81 129,82 127,85 125,85 125,88 124,89 124,91 123,92 123,93 122,94 122,96 118,101 117,101 116,102 116,104 118,104 119,105 159,104 160,104 160,107 161,108 161,109 162,110 162,113 167,113 168,112 638,103"/><TextEquiv><Unicode/></TextEquiv><TextEquiv index="1"><Unicode>Angeli formâ &amp; habitu videndum ſe!</Unicode></TextEquiv></TextLine><TextLine id="l3"><Coords points="638,106 484,109 483,108 474,108 473,107 470,107 396,108 396,106 392,106 391,107 241,110 240,111 239,111 238,112 163,113 163,118 162,119 118,120 117,121 115,121 114,122 114,127 113,128 97,128 97,129 113,129 114,129 114,133 100,133 100,141 97,141 97,144 118,144 119,145 145,144 146,143 342,140 342,133 343,133 370,132 539,129 540,130 553,130 553,134 556,136 638,134"/><TextEquiv><Unicode/></TextEquiv><TextEquiv index="1"><Unicode>præbet, &amp; increpitâ homuli arrogan-!</Unicode></TextEquiv></TextLine><TextLine id="l4"><Coords points="638,135 419,139 418,139 418,138 417,136 415,136 414,137 414,139 386,139 386,141 147,145 146,144 142,144 141,145 131,145 130,146 130,149 120,150 119,151 118,151 114,154 114,155 115,156 116,165 117,167 119,167 120,168 142,167 143,168 143,176 161,176 162,175 372,171 373,170 379,170 379,164 638,159"/><TextEquiv><Unicode/></TextEquiv><TextEquiv index="1"><Unicode>tiâ, revocatis Satrapis bonum dolum</Unicode></TextEquiv></TextLine><TextLine id="l5"><Coords points="638,169 598,170 598,169 597,168 444,171 443,170 305,172 305,171 304,170 297,171 294,174 142,176 141,178 141,182 140,182 117,183 116,184 114,184 113,185 114,186 114,198 115,199 131,198 132,199 157,199 157,205 159,207 336,204 337,203 418,201 418,195 419,194 638,190"/><TextEquiv><Unicode/></TextEquiv><TextEquiv index="1"><Unicode>reique totius ſeriem aperit : verum il-!</Unicode></TextEquiv></TextLine><TextLine id="l6"><Coords points="214,238 215,237 217,237 218,236 218,233 433,229 434,230 434,233 437,233 437,226 638,222 638,199 553,201 552,200 420,202 419,201 392,202 390,200 384,200 382,202 324,203 323,204 123,208 122,207 97,206 97,208 117,208 117,209 115,209 116,225 114,227 114,229 115,231 194,229 195,230 207,230 208,231 208,237 209,238"/><TextEquiv><Unicode/></TextEquiv><TextEquiv index="1"><Unicode>lum Saporem eſſe, ſic à Deo Admo-!</Unicode></TextEquiv></TextLine><TextLine id="l7"><Coords points="638,229 411,234 410,232 410,231 404,231 403,230 401,232 295,234 294,235 246,235 245,236 244,236 243,237 116,240 115,241 102,241 102,244 114,244 114,261 116,263 272,260 272,267 273,268 276,268 277,269 278,268 305,267 638,261"/><TextEquiv><Unicode/></TextEquiv><TextEquiv index="1"><Unicode>nitum ut ſeipſum noſſe inciperet. Eo!</Unicode></TextEquiv></TextLine><TextLine id="l8"><Coords points="638,262 534,264 533,265 532,265 527,270 323,273 322,269 321,267 195,269 194,268 159,269 158,268 153,268 152,269 128,270 127,270 128,275 127,276 126,276 125,277 124,277 123,278 122,278 121,279 120,279 119,280 117,280 116,281 116,287 118,289 118,291 119,291 120,292 121,292 122,293 129,293 204,292 205,293 301,291 302,292 302,297 303,297 304,298 309,298 310,297 312,297 316,294 316,290 498,287 499,288 559,287 560,287 560,291 561,293 562,293 563,294 638,292"/><TextEquiv><Unicode/></TextEquiv><TextEquiv index="1"><Unicode>diſcedente regia ornamenta SaporiI</Unicode></TextEquiv></TextLine><TextLine id="l9"><Coords points="638,294 445,298 444,297 442,297 441,296 409,297 408,296 398,296 397,297 389,297 388,298 380,298 379,299 171,303 168,301 156,301 155,300 152,300 151,302 150,302 147,305 147,307 122,308 121,309 119,309 117,310 117,322 118,323 118,324 119,325 137,324 138,325 361,321 361,324 363,325 420,324 420,327 470,327 471,326 472,326 472,320 473,320 638,316"/><TextEquiv><Unicode/></TextEquiv><TextEquiv index="1"><Unicode>reſtituunt Ptoceres; illis Sapor veniam!</Unicode></TextEquiv></TextLine><TextLine id="l10"><Coords points="637,325 425,329 425,328 424,327 368,328 366,326 365,327 363,327 362,328 363,334 362,334 126,339 125,340 122,340 118,344 118,347 117,348 117,351 119,351 119,352 122,356 140,356 141,357 160,357 160,358 161,359 176,359 182,365 183,365 184,364 228,363 229,362 262,361 638,354"/><TextEquiv><Unicode/></TextEquiv><TextEquiv index="1"><Unicode>corum quæ mente bon peccaverant:!</Unicode></TextEquiv></TextLine><TextLine id="l11"><Coords points="637,356 558,358 556,356 359,360 358,359 355,359 354,360 265,361 264,362 264,363 184,365 183,366 135,366 134,367 132,367 131,368 131,369 130,370 98,370 97,374 127,374 127,376 126,377 126,378 125,379 125,381 124,383 123,383 122,384 120,384 120,387 121,388 171,387 172,387 172,392 173,393 173,395 176,395 177,394 177,393 178,392 178,391 179,390 179,387 587,380 588,381 638,379"/><TextEquiv><Unicode/></TextEquiv><TextEquiv index="1"><Unicode>Amyntam honoribus cumulat: deni-!</Unicode></TextEquiv></TextLine><TextLine id="l12"><Coords points="638,387 465,391 464,390 312,392 311,391 307,391 306,392 219,394 218,395 218,398 217,399 120,401 120,408 119,409 119,412 118,413 119,414 119,421 120,422 130,422 130,426 136,426 137,425 138,425 138,421 139,420 270,418 271,417 638,410"/><TextEquiv><Unicode/></TextEquiv><TextEquiv index="1"><Unicode>que uni Chriſtianorum Deo tiaram</Unicode></TextEquiv></TextLine><TextLine id="l13"><Coords points="638,419 570,421 568,419 417,421 416,421 416,420 411,420 411,424 157,428 156,428 156,427 155,425 153,425 151,427 129,428 128,429 127,429 124,431 124,433 123,434 123,436 121,436 119,437 120,446 119,447 98,447 98,451 119,451 120,452 124,452 125,453 255,450 256,451 256,455 312,454 313,455 323,455 325,453 638,447"/><TextEquiv><Unicode/></TextEquiv><TextEquiv index="1"><Unicode>ſubmittit, regnum devovet, fidem</Unicode></TextEquiv></TextLine><TextLine id="l14"><Coords points="133,491 133,485 134,484 245,483 246,481 252,481 253,480 253,477 252,475 246,475 246,468 245,467 245,466 214,466 214,465 213,464 187,465 186,464 182,464 182,458 180,457 173,457 169,461 169,462 168,463 168,465 167,466 155,466 154,467 119,468 119,482 98,482 97,484 119,484 119,490 121,492"/><TextEquiv><Unicode/></TextEquiv><TextEquiv index="1"><Unicode>profitetur.</Unicode></TextEquiv></TextLine><TextLine id="l15"><Coords points="279,522 280,521 280,515 519,511 520,511 520,514 521,516 638,513 637,480 211,488 210,487 209,488 207,488 205,490 167,491 166,492 155,492 154,493 154,494 155,495 156,503 155,503 109,504 108,505 108,506 155,505 156,506 156,512 174,512 174,520 175,520 176,521 277,519 278,519 278,522"/><TextEquiv><Unicode/></TextEquiv><TextEquiv index="1"><Unicode>Epiſodicum eſt hoc drama, quod in!</Unicode></TextEquiv></TextLine><TextLine id="l16"><Coords points="98,560 111,553 638,550 638,514 589,515 570,515 569,514 98,522"/><TextEquiv><Unicode/></TextEquiv><TextEquiv index="1"><Unicode>atumento implexo neceſſatium fuit:!</Unicode></TextEquiv></TextLine><TextLine id="l17"><Coords points="637,547 558,549 556,547 407,550 406,549 135,553 134,554 133,554 132,555 129,556 128,557 105,557 106,561 105,562 104,562 104,563 122,563 122,578 139,577 140,578 219,577 220,577 220,585 329,583 330,584 335,584 336,583 337,583 338,582 638,576"/><TextEquiv><Unicode/></TextEquiv><TextEquiv index="1"><Unicode>ſed id vitii compenſabit, ut opinor,!</Unicode></TextEquiv></TextLine><TextLine id="l18"><Coords points="347,615 348,614 388,613 389,612 389,606 390,605 638,600 637,580 552,582 552,581 550,579 305,583 304,582 301,582 299,584 193,585 192,587 192,591 125,593 122,595 122,608 124,610 218,608 218,611 219,612 220,616 220,617"/><TextEquiv><Unicode/></TextEquiv><TextEquiv index="1"><Unicode>non injucunda peripetiarum varietas.!</Unicode></TextEquiv></TextLine><TextLine id="l19"><Coords points="638,608 498,611 496,609 473,610 472,611 471,611 470,612 174,617 173,618 123,619 122,620 122,630 121,631 117,631 117,634 122,634 122,646 117,646 119,648 123,648 124,649 148,648 148,643 253,641 254,640 260,640 261,639 542,634 543,635 543,641 557,641 559,642 638,640"/><TextEquiv><Unicode/></TextEquiv><TextEquiv index="1"><Unicode>Veritatis autem hiſtoricæ fides penes!</Unicode></TextEquiv></TextLine><TextLine id="l20"><Coords points="524,675 525,674 526,674 527,673 526,666 527,666 599,664 600,665 602,665 603,664 603,660 604,659 638,658 638,653 603,654 602,654 602,652 600,649 590,650 589,649 566,649 565,648 565,642 557,642 556,643 555,643 554,644 554,646 552,648 552,649 492,650 491,650 491,647 489,649 489,650 447,651 446,651 446,646 445,644 443,644 441,646 441,651 417,652 416,651 402,651 401,650 368,650 368,649 367,647 366,647 365,648 331,649 330,648 329,648 328,649 321,649 320,650 320,654 285,655 284,654 284,651 283,650 283,648 282,647 277,647 276,648 275,648 272,651 272,653 271,654 176,656 175,655 175,651 172,648 166,648 163,651 125,652 124,651 124,649 123,649 122,648 117,648 117,657 121,657 122,658 122,668 127,673 188,672 189,673 321,670 322,671 323,670 362,669 363,668 402,668 403,667 444,666 445,667 446,666 516,665 517,672 518,674 520,674 521,675"/><TextEquiv><Unicode/></TextEquiv><TextEquiv index="1"><Unicode>auctorem eſto D. Antonin. 2. p. ſum-</Unicode></TextEquiv></TextLine><TextLine id="l21"><Coords points="638,678 492,681 492,676 490,674 455,675 454,676 452,676 451,677 258,680 257,679 208,680 207,679 204,679 202,681 180,682 180,685 179,686 128,687 127,688 124,688 124,702 126,704 227,702 228,703 253,702 254,703 278,703 278,707 281,710 282,710 283,711 307,710 307,705 308,704 488,701 488,703 491,703 491,702 492,701 492,698 514,698 638,695"/><TextEquiv><Unicode/></TextEquiv><TextEquiv index="1"><Unicode>mæ Theolog. tit. . c.2. Cujus tamen!</Unicode></TextEquiv></TextLine><TextLine id="l22"><Coords points="585,738 586,737 638,735 638,706 388,711 387,711 387,710 386,708 383,708 382,707 381,707 380,708 206,711 204,713 204,714 125,716 124,717 123,717 122,718 117,718 117,734 121,734 122,735 180,734 181,735 217,734 218,735 534,729 535,730 535,734 536,735 537,735 539,737 581,737 582,738"/><TextEquiv><Unicode/></TextEquiv><TextEquiv index="1"><Unicode>natrationem ſecuti ſumus ut tragicum!</Unicode></TextEquiv></TextLine><TextLine id="l23"><Coords points="613,768 613,759 614,758 616,758 617,757 638,757 638,752 618,753 618,745 616,743 586,744 586,738 564,738 563,739 556,739 556,745 555,745 530,746 529,745 481,745 481,739 480,738 477,738 477,744 476,745 446,745 445,746 411,747 410,746 406,746 405,747 338,748 336,746 333,749 270,750 269,749 247,750 246,749 236,749 235,750 189,751 188,750 186,750 184,748 182,748 181,749 141,749 141,745 140,744 139,744 138,743 132,743 131,744 130,744 129,745 128,745 127,746 126,746 126,748 124,750 124,762 123,763 126,766 142,765 143,766 146,766 147,765 217,764 218,765 224,765 225,766 241,766 241,769 244,772 251,772 252,771 254,771 254,770 255,769 255,768 256,767 281,767 282,766 310,765 311,764 343,764 343,772 344,773 347,773 347,764 348,764 384,763 386,761 410,761 411,760 435,759 435,770 438,770 438,760 439,759 444,759 445,760 447,760 447,769 455,769 455,761 456,761 493,760 494,761 521,761 521,767 523,769 526,769 527,768 530,768 530,762 531,762 547,761 548,760 593,759 594,760 608,760 608,768"/><TextEquiv><Unicode/></TextEquiv><TextEquiv index="1"><Unicode>foret argumentum: quia poètic!</Unicode></TextEquiv></TextLine><TextLine id="l24"><Coords points="638,766 491,769 490,768 160,774 159,773 158,773 157,772 135,772 133,775 131,775 128,777 128,778 127,780 126,780 124,782 117,782 116,785 123,785 124,794 125,796 132,796 133,797 160,796 161,797 194,796 195,797 286,796 287,797 359,796 360,796 360,803 361,803 362,804 638,798"/><TextEquiv><Unicode/></TextEquiv><TextEquiv index="1"><Unicode>ſictioni locum aliquem imn eâ patabolâ</Unicode></TextEquiv></TextLine><TextLine id="l25"><Coords points="210,841 210,829 211,828 255,827 255,835 257,836 265,836 265,829 266,828 300,828 301,829 308,829 309,828 317,828 318,827 383,826 384,825 396,825 396,820 395,820 394,819 391,819 391,816 387,816 387,811 386,810 330,811 330,807 329,806 329,805 328,804 326,804 326,811 325,811 261,812 261,805 260,804 257,804 256,803 254,803 253,804 251,804 247,809 247,810 245,812 204,812 204,809 203,808 203,811 202,811 161,812 160,811 141,811 141,805 139,803 132,804 126,810 126,811 125,812 121,812 121,814 120,815 117,815 117,828 126,828 127,829 134,829 208,828 208,839 209,840 209,841"/><TextEquiv><Unicode/></TextEquiv><TextEquiv index="1"><Unicode>futurum ſperavimus.</Unicode></TextEquiv></TextLine><TextLine id="l26"><Coords points="217,848 218,893 528,887 527,842 217,848"/><TextEquiv><Unicode/></TextEquiv><TextEquiv index="1"><Unicode>SCENAPRIMA.</Unicode></TextEquiv></TextLine><TextLine id="l27"><Coords points="624,907 259,914 258,913 236,914 236,912 235,912 234,913 233,913 231,915 133,917 133,919 132,920 132,926 131,927 112,927 112,928 132,928 132,930 131,931 125,931 125,935 124,936 124,937 125,938 144,937 145,938 273,936 273,944 274,944 363,943 364,944 493,941 493,943 496,943 497,944 624,941"/><TextEquiv><Unicode/></TextEquiv><TextEquiv index="1"><Unicode>De veri Sapori agnitione ſeptem Sa-!</Unicode></TextEquiv></TextLine><TextLine id="l28"><Coords points="271,946 271,978 472,974 472,942 271,946"/><TextEquiv><Unicode/></TextEquiv><TextEquiv index="1"><Unicode>trapæ deliberant.</Unicode></TextEquiv></TextLine><TextLine id="l29"><Coords points="624,990 585,991 584,991 584,994 349,998 348,997 307,998 306,997 298,997 297,996 297,994 294,994 292,996 135,999 134,998 124,998 123,997 122,998 121,998 120,999 116,999 116,1003 111,1003 108,1005 108,1006 109,1007 110,1007 110,1009 111,1010 112,1010 113,1011 129,1011 129,1014 130,1015 132,1015 133,1016 134,1016 135,1017 335,1013 336,1014 365,1013 366,1014 424,1013 425,1014 563,1012 564,1013 603,1012 604,1013 624,1013"/><TextEquiv><Unicode/></TextEquiv><TextEquiv index="1"><Unicode>SVRRNA. ASrYACES. ARTAvVASDES. 0.</Unicode></TextEquiv></TextLine><TextLine id="l30"><Coords points="601,1025 576,1026 576,1020 574,1019 536,1020 536,1018 535,1018 386,1020 385,1019 305,1021 304,1020 186,1022 185,1021 167,1021 166,1022 165,1022 165,1034 164,1036 164,1038 306,1036 315,1036 316,1037 414,1036 415,1036 415,1040 579,1037 580,1037 580,1039 579,1040 601,1040"/><TextEquiv><Unicode/></TextEquiv><TextEquiv index="1"><Unicode>nRrAs, sisrrvs, Enivs,</Unicode></TextEquiv></TextLine><TextLine id="l31"><Coords points="438,1070 439,1070 439,1062 440,1061 561,1059 562,1058 562,1047 563,1046 580,1046 581,1045 582,1045 582,1044 582,1043 583,1042 583,1040 582,1040 421,1043 420,1042 307,1043 306,1043 206,1044 205,1043 204,1044 199,1044 199,1045 199,1046 200,1047 200,1059 202,1060 249,1060 250,1061 355,1059 356,1060 429,1058 430,1059 434,1059 435,1060 437,1060 437,1061 437,1070 438,1070"/><TextEquiv><Unicode/></TextEquiv><TextEquiv index="1"><Unicode>PHARNAbAÆVS. PRÆXASPES.</Unicode></TextEquiv></TextLine><TextLine id="l32"><Coords points="599,1077 463,1080 462,1079 352,1081 351,1080 281,1081 280,1080 241,1081 240,1080 196,1080 195,1079 192,1080 191,1081 171,1081 171,1082 170,1083 132,1084 130,1086 121,1086 120,1087 116,1138 170,1141 172,1100 370,1096 371,1097 424,1096 425,1097 483,1096 484,1097 545,1096 546,1097 560,1097 561,1098 599,1097"/><TextEquiv><Unicode/></TextEquiv><TextEquiv index="1"><Unicode>Vdum inſolentem ludere haud vana artiſer</Unicode></TextEquiv></TextLine><TextLine id="l33"><Coords points="498,1125 499,1124 499,1121 500,1120 539,1119 541,1117 541,1113 539,1110 538,1110 536,1109 527,1109 526,1108 526,1103 450,1104 448,1102 361,1104 360,1103 190,1106 188,1104 172,1104 172,1121 244,1121 245,1122 261,1121 261,1124 263,1126 263,1128 264,1128 496,1124 497,1125"/><TextEquiv><Unicode/></TextEquiv><TextEquiv index="1"><Unicode>! Natura, quondam ſolis æſtiferos polo</Unicode></TextEquiv></TextLine><TextLine id="l34"><Coords points="346,1149 347,1148 347,1142 364,1142 365,1143 421,1142 422,1143 460,1142 461,1143 494,1142 495,1143 525,1143 526,1144 551,1143 553,1142 553,1141 552,1140 552,1134 550,1132 537,1133 536,1132 530,1132 529,1131 507,1131 505,1129 504,1129 503,1128 502,1128 501,1127 493,1127 491,1129 492,1130 491,1130 472,1131 472,1130 471,1126 470,1125 466,1125 463,1127 463,1129 462,1129 461,1130 453,1130 452,1131 428,1131 427,1129 426,1128 426,1125 423,1125 422,1126 422,1130 411,1130 410,1131 390,1131 389,1127 389,1126 375,1126 374,1125 372,1127 372,1129 371,1130 297,1132 296,1131 287,1131 286,1130 286,1126 283,1126 283,1130 248,1131 247,1130 225,1130 224,1129 224,1125 222,1125 221,1126 221,1128 208,1128 207,1127 189,1128 188,1127 188,1125 172,1125 172,1132 173,1132 173,1133 174,1134 174,1136 177,1140 181,1140 182,1141 202,1140 203,1141 252,1140 253,1141 271,1141 272,1142 289,1142 289,1145 290,1147 292,1147 293,1148 295,1148 296,1147 296,1146 297,1146 299,1144 299,1143 334,1142 335,1143 335,1145 338,1142 346,1142"/><TextEquiv><Unicode/></TextEquiv><TextEquiv index="1"><Unicode>minavit ignes, nubis adverſæ Deuut</Unicode></TextEquiv></TextLine><TextLine id="l35"><Coords points="366,1174 370,1173 370,1167 371,1166 410,1166 411,1167 420,1167 421,1168 469,1167 470,1168 480,1168 481,1168 482,1167 520,1167 521,1165 521,1164 522,1163 517,1163 516,1162 516,1156 514,1155 512,1155 511,1154 505,1154 505,1150 504,1149 496,1149 495,1148 473,1149 471,1147 469,1147 468,1148 467,1148 467,1152 466,1153 436,1153 436,1151 434,1149 410,1150 409,1151 409,1152 408,1153 384,1153 384,1150 383,1149 382,1149 382,1150 382,1153 381,1153 352,1154 352,1153 352,1152 351,1152 348,1152 348,1151 348,1149 347,1149 330,1149 329,1148 327,1148 327,1149 327,1153 326,1153 294,1154 293,1153 265,1153 264,1152 245,1153 245,1152 245,1148 243,1147 242,1147 242,1148 241,1149 241,1151 240,1152 210,1152 210,1149 209,1148 202,1148 202,1147 201,1146 170,1147 170,1146 170,1145 169,1145 168,1145 167,1146 143,1146 142,1145 136,1146 135,1145 133,1145 132,1144 131,1145 130,1145 130,1154 129,1155 111,1155 111,1156 110,1157 110,1160 110,1161 119,1161 121,1162 136,1162 137,1162 168,1162 169,1163 176,1163 177,1164 193,1164 194,1165 204,1164 204,1165 204,1169 205,1169 207,1169 208,1168 211,1168 211,1166 212,1165 241,1165 242,1166 266,1165 267,1166 305,1166 305,1170 307,1172 308,1172 309,1172 313,1172 313,1168 314,1167 323,1167 324,1166 362,1166 362,1170 366,1174"/><TextEquiv><Unicode/></TextEquiv><TextEquiv index="1"><Unicode>Radioſq́ue lævor qoâ repercuſſus dedit.</Unicode></TextEquiv></TextLine><TextLine id="l36"><Coords points="624,1175 609,1175 609,1173 596,1173 596,1171 595,1172 594,1171 580,1171 580,1176 555,1176 554,1175 545,1175 545,1171 532,1172 531,1171 528,1173 528,1182 512,1182 512,1183 513,1184 527,1184 528,1185 530,1185 531,1187 533,1190 546,1189 547,1190 564,1190 565,1191 565,1194 566,1195 567,1195 568,1196 571,1196 573,1194 573,1190 624,1189"/><TextEquiv><Unicode/></TextEquiv><TextEquiv index="1"><Unicode>rpidue!</Unicode></TextEquiv></TextLine><TextEquiv><Unicode/></TextEquiv></TextRegion></Page></PcGts>