677 1301
46 110 583 153 ACTVS PRI VS.
178 176 506 213 ARV MENTVM.
270 241 586 279 AN0 r VS Anaſtaſius
264 273 585 308 Choſroè recens per in
264 304 586 339 victam patientiam ſupe-
264 336 587 373 5 rato Martyr illuſttis, di-
264 369 586 400 vinum decretum de pu-
72 433 585 470 Tyranni ſceleribus pronunciat. Tum
72 463 581 503 Hormiſdæ umbram ab inferis excitat,
88 495 586 533 cique in manus divinæ gladium juſti-
72 527 586 564 tiætradit, quo Syroes patrem parrici-
72 559 580 597 dam alio ipſe parricidio tollat e vivis.
146 611 532 643 SC ENAPRIM A.
70 659 585 698 S.naſaſrus denunciat (hoſroi paratum
100 691 584 728 â Deo ſupplicium, eaḿ iui rem ab ſn-
116 724 593 759 feri Hormiſdam Choſtou patrè excitat.
126 775 533 806 S. ANASTASIVS proloqnitur.
87 813 501 894 Mœna linquens ſedis æthereæ loca
165 836 568 862 Rurſum inquietos juſſus ingredior lares:
165 860 587 882 Numou Tonante viduus, humanis quoque
164 882 584 909 Me reddo uris: ſpecto quod Superos beat,
65 906 563 932 55acio quod homines torquet: ut placitum Deo,
75 928 521 955 Huc Celum, & illuc porto, ſed porto mihi.
95 953 437 980 Alia Tyranno fata, vindictæ potens
95 974 514 1002 olitur ultor: jamq́ue Achmenios fugmm
98 997 473 1026 Spargit per agros: jam catenatns trahi
53 1019 505 1045 10 Audit maniplos civium: & qui olim pede
99 1043 506 1069 Victore Byrſæ mœnia, atque Afrum invios
100 1068 458 1089 Calcabat æſtus, aureum Damaſt agar,
99 1087 514 1113 Ruſamq́ue, & aſtris æmula, Auſoni manu
100 1111 446 1135 Coruere tecta vidit, & victo procul
41 1132 532 1162 V Euphrate, medium profugus objecit Tigrin.
93 1160 463 1195 At nulla faciet unda Romanis moram
516 1175 591 1198 Cl
