717 1224
242 23 523 66 DEDICATIO.

66 66 120 133 liqua
141 66 225 133 virtutus
237 66 412 133 eruditioniś,
433 66 487 133 quam
520 66 579 133 neſeio
604 66 641 133 qua
658 66 704 133 feli-

67 110 122 175 cioris
141 110 309 175 conſtellationis
327 110 488 175 prarogatiua:
510 110 529 175 qu
576 110 690 175 etiamnun

68 148 152 219 ſubinde
176 148 240 219 noſtro
264 148 296 219 auo
316 148 364 219 huic
384 148 412 219 vel
428 148 456 219 illo
480 148 592 219 luerifcam
628 148 692 219 aluce

66 192 146 262 facem.
158 192 230 262 Cateri
246 192 318 262 omnes
333 192 402 262 agunt
417 192 471 262 inter
486 192 551 262 tapite
570 192 635 262 cenſos
646 192 700 262 inter

66 237 204 303 proletarios,
216 237 308 303 contenti
323 237 381 303 totam
415 237 469 303 vitam
499 237 580 303 ſerdido
599 237 702 303 oblectase

71 280 134 350 pane.
177 280 312 350 Nmcedoſis
331 280 384 350 mihi
403 280 432 350 vel
451 280 590 350 pofuſſima
614 280 686 350 munif

73 321 135 389 centia
157 321 310 389 Mecoœnatem,
325 321 421 389 oſltendam
463 321 497 389 tibi
520 321 589 389 rurſus
608 321 688 389 eandem

70 358 168 432 hactenus
183 358 256 432 amare
271 358 355 432 literas,
384 358 472 432 ſtimare
486 358 603 432 literatos,
625 358 687 432 quate

74 404 109 474 nus
124 404 162 474 ipſis
178 404 273 474 indulget
288 404 391 474 alimenta
410 404 510 474 carceris;,
521 404 598 474 quibus
628 404 685 474 uidem

75 443 152 518 viuant
167 443 167 518 i
204 443 262 518 diem,
277 443 310 518 ſed
324 443 354 518 non
376 443 427 518 etiam
456 443 566 518 inſtruant
584 443 610 518 rem
639 443 691 518 fami

73 482 160 559 liarem.
186 482 237 559 Vnde
252 482 347 559 quotidiu
365 482 460 559 videmus
478 482 482 559 à
500 482 566 559 funere
584 482 693 559 truditii-

74 525 103 588 mi
118 525 213 588 quique,
227 525 304 588 vxorem
334 525 374 588 eius
388 525 487 588 liberos,
502 525 524 588 ad
539 525 648 588 pudendam
678 525 700 588 il-

76 563 109 645 lico
134 563 218 645 dilabig
243 563 326 645 ſtatemi.
359 563 438 645 nde:ſed
455 563 542 645 quiego
563 563 605 645 hac,
613 563 713 645 quinon]

81 602 125 685 curo
145 602 169 685 rem
197 602 321 685 publicam?
341 602 441 685 Sufficiat
453 602 557 685 indicaſſe,
577 602 641 685 videri
657 602 657 685 à
677 602 705 685 cẽ-

77 648 138 728 muni
157 648 249 728 conuitio
268 648 398 728 liberanlum
432 648 516 728 ſeculum
551 648 642 728 preſens,
665 648 696 728 fir-

80 682 216 771 mandam,
230 682 311 771 veterum
340 682 479 771 ſenentiam,
490 682 526 771 quæ
552 682 629 771 volebat
643 682 683 771 alia

83 724 113 814 rum
142 724 213 814 quidem
254 724 400 814 diſciplinarum
442 724 546 814 antiſtites
563 724 621 814 fiuti,
646 724 701 814 neſci

84 766 134 855 rero,
146 766 222 855 vnicum
253 766 349 855 Poetam.
395 766 456 855 QQuare
472 766 483 855 ſi
495 766 556 855 noftra
575 766 702 855 ataterare.

84 799 117 899 ſcit
142 799 225 899 ftudium
258 799 353 899 poetices,
370 799 498 899 imputemus
510 799 552 899 ſane
568 799 639 899 aſtri,
664 799 697 899 aut

85 844 128 941 aeo
147 844 298 941 adſcribamus
310 844 415 941 temporum
442 844 531 941 vitibus,
546 844 604 941 vtque
624 844 635 941 in
663 844 694 941 ca-

85 883 127 982 teri
148 883 206 982 rebus
223 883 239 982 ſic
256 883 306 982 etiam
339 883 352 982 in
373 883 410 982 iſtis
431 883 523 982 Muſicis,
556 883 698 982 agnoſcamus

83 930 177 1012 quendam
208 930 275 1012 veluti
289 930 365 1012 orbem.
386 930 404 1012 Si
418 930 446 1012 cui
460 930 523 1012 tamen
543 930 589 1012 libet
610 930 711 1012 reiicerol

89 960 160 1061 cauſum
200 960 262 1061 huus
280 960 346 1061 mali,
364 960 364 1061 i
395 960 524 1061 prepſleros
542 960 630 1061 quoſdm

618 1064 689 1106 Profa-
