717 1224
231 23 517 66 DEDICATIO.
62 66 715 133 liqua virtutis eruditionisq., quam neſcio qua feli-
62 110 715 175 cioris conſtellationis prærogatiua: quæ etiamnunc
57 148 715 219 ſubinde noſtro auo huic vel illo luerifcam aluce
56 192 714 262 facem. Cateri omnes agunt inter tapite cenſos inter
60 237 714 303 proletarios, contenti totam vitam ſerdido oblectase
59 280 715 350 pane. Nmcedoſis mihi vel pofuſſima munif
67 321 714 389 centia Mecoœnatem, oſltendam tibi rurſus eandem
68 358 715 432 hactenus amare literas, ſtimare literatos, quate
68 404 714 474 nus ipſis indulget alimenta carceris;, quibus uidem
70 443 715 518 viuant i diem, ſed non etiam inſtruant rem fami
71 482 714 559 liarem. Vnde quotidiu videmus à funere truditii-
72 525 715 588 mi quique, vxorem eius liberos, ad pudendam il-
1 563 714 645 lico dilabig ſtatemi. nde:ſed quiego hac, quinon]
1 602 715 685 curo rem publicam? Sufficiat indicaſſe, videri à cẽ-
2 648 714 728 muni conuitio liberanlum ſeculum preſens, fir-
2 682 715 771 mandam, veterum ſenentiam, quæ volebat alia
4 724 715 814 rum quidem diſciplinarum antiſtites fiuti, neſci
5 766 715 855 rero, vnicum Poetam. QQuare ſi noftra ataterare.
9 799 715 899 ſcit ftudium poetices, imputemus ſane aſtri, aut
9 844 714 941 aeo adſcribamus temporum vitibus, vtque in ca-
10 883 715 982 teri rebus ſic etiam in iſtis Muſicis, agnoſcamus
12 930 714 1012 quendam veluti orbem. Si cui tamen libet reiicerol
12 960 714 1061 cauſum huus mali, i prepſleros quoſdm
608 1064 696 1106 Profa-
