724 1274
265 89 537 135 DEDICATIO.

85 143 130 197 tuum
164 143 251 197 ſublime
272 143 435 197 indufriamq,
451 143 643 197 incomparabilem
676 143 710 197 non

84 192 113 237 tam
139 192 260 237 auocarent
274 192 428 237 abduceretq,
447 192 502 237 quam
531 192 615 237 omnino
634 192 715 237 abſtra-

87 228 156 281 herent
171 228 175 281 à
193 228 347 281 flarentioribus
365 228 391 281 Ms
409 228 468 281 ſarum
497 228 574 281 hortis,
589 228 699 281 hberemt

84 266 130 325 inte
145 266 252 325 exemplar
268 266 329 325 ſtudii
344 266 405 325 hutus
416 266 703 325 emendtiſſmnum:vtpot

87 311 117 366 cum
150 311 208 366 &illa
223 311 256 366 tua
274 311 311 366 quæ
326 311 392 366 furtim
421 311 435 366 in
457 311 487 366 hoc
505 311 575 366 genere
589 311 666 366 amicis
677 311 710 366 tui

91 360 245 409 tommunicas,
259 360 362 409 vocaliter
377 360 435 409 quaſi
450 360 611 409 vocifcrentur,
622 360 707 409 quamt

91 398 124 452 olim
160 398 241 452 delicate
256 398 267 452 in
292 398 439 452 Camœnorum
472 398 549 452 gremio
575 398 674 452 educarit
696 398 699 452 A

91 440 137 495 pollo
156 440 236 495 melior;
248 440 297 495 quam
324 440 405 495 prolixe
420 440 431 495 in
450 440 557 495 nutricatu
580 440 672 495 Gratiar

95 476 179 536 nectare
194 476 316 536 ambroſiá
339 476 431 536 implerit
450 476 569 536 Mercuris
588 476 707 536 elegantior

98 525 175 578 quam.
185 525 224 578 Sed
238 525 276 578 nolo
294 525 308 578 ei
322 525 378 578 plura
395 525 406 578 in
427 525 458 578 os,
472 525 528 578 cuius
546 525 661 578 amititiam
689 525 717 578 hol

4 539 318 621 ]temporeexambio,
337 539 352 621 ne
371 539 440 621 videar
463 539 509 621 eami
528 539 582 621 mali
605 539 712 621 impetraſſ

105 594 171 663 magis
182 594 262 663 artibus
277 594 328 663 quam
358 594 423 663 bonis.
434 594 493 663 Certe
507 594 518 663 fi
529 594 559 663 me
573 594 705 663 benerolenti

106 643 138 705 tua
166 643 234 705 dignum
274 643 370 705 duxeris,
390 643 434 705 nq,
454 643 546 705 àforibus
566 643 710 705 humaniſii

109 685 138 746 tua
160 685 270 746 comitatis
285 685 351 746 abeger
366 685 516 746 is.palmarium
545 685 593 746 qid
608 685 696 746 conſerut

114 723 164 789 mihi
183 723 279 789 videbor,
294 723 409 789 annitar,
428 723 485 789 omni
504 723 561 789 oicio
611 723 642 789 qe
657 723 707 789 obſer

411 760 411 874 t

120 832 192 915 inſigne
212 832 340 915 reliquium,
356 832 368 915 in
388 832 420 915 quo
444 832 548 915 conſenſum
580 832 688 915 concentum

121 884 205 956 οmnium
236 884 330 956 vitutum
358 884 442 956 libertes
463 884 574 956 meritoque
599 884 599 956 &
630 884 682 956 videm

162 923 257 958 colimus.

351 1004 365 1030 r.
403 1004 417 1030 T.

591 1071 609 1107 A.
631 1071 645 1107 F.
667 1071 685 1107 G.

683 1139 713 1170 CA
