724 1274
247 89 530 135 DEDICATIO.
76 143 721 197 tuum ſublime indufriamq, incomparabilem non
78 192 719 237 tam auocarent abduceretq, quam omnino abſtra-
81 228 722 281 herent à flarentioribus Ms ſarum hortis, hberemt
32 266 722 325 inte exemplar ſtudii hutus emendtiſſmnum:vtpot
82 311 722 366 cum &illa tua quæ furtim in hoc genere amicis tui
85 360 722 409 tommunicas, vocaliter quaſi vocifcrentur, quamt
1 398 722 452 olim delicate in Camœnorum gremio educarit A
31 440 722 495 pollo melior; quam prolixe in nutricatu Gratiar
27 476 721 536 nectare ambroſiá implerit Mercuris elegantior
93 525 722 578 quam. Sed nolo ei plura in os, cuius amititiam hol
1 539 722 621 ]temporeexambio, ne videar eami mali impetraſſ
1 594 722 663 magis artibus quam bonis. Certe fi me benerolenti
3 643 721 705 tua dignum duxeris, nq, àforibus humaniſii
63 685 722 746 tua comitatis abeger is.palmarium qid conſerut
108 723 722 789 mihi videbor, annitar, omni oicio qe obſer
11 760 722 845 t
13 832 722 915 inſigne reliquium, in quo conſenſum concentum
117 884 722 956 οmnium vitutum libertes meritoque & videm
121 923 262 958 colimus.
341 1004 421 1030 r. T.
524 1071 722 1107 A. F. G.
635 1139 722 1170 CA
