709 1221
208 22 374 58 ALSIIIS
417 22 450 58 AC
477 22 589 58 IDALI

63 14 63 44 2

62 53 173 101 Mutuàque
188 53 191 101 à
212 53 263 101 vobis
281 53 376 101 eoncordi
388 53 463 101 fœdere
484 53 571 101 cultum,

59 85 81 127 Et
93 85 155 127 multo
172 85 254 127 ornatum
282 85 359 127 certatim
387 85 484 127 munere,
509 85 566 127 veſtri

62 115 106 155 Spem
137 115 191 155 vobis
205 115 326 155 produniſtis
346 115 462 155 certamque
482 115 589 155 eolumnan

65 144 155 180 Imperii,
167 144 290 180 firmúmque
308 144 404 180 aduerſus
416 144 497 180 barbama
515 144 557 180 ſecla

62 172 194 216 Bellatorem,
203 172 308 216 ipſumque
329 172 409 216 ducem:
421 172 454 216 qui
466 172 532 216 altaria
553 172 622 216 veſtma,

69 201 171 244 Templaq;
195 201 198 244 &
210 201 294 244 excelſas
309 201 384 244 Sophiæ
405 201 522 244 defenderet
531 201 594 244 arces,

65 229 130 270 Latius
156 229 158 270 &
172 229 223 270 totum
254 229 350 270 proferret
367 229 412 270 ſacra
432 229 460 270 per
474 229 553 270 orbem.

65 257 118 309 Hanc
134 257 169 309 ſpem
198 257 353 309 præſidiumque
372 257 422 309 tapit
441 257 502 309 venus
514 257 597 309 inuida,
622 257 625 309 &
638 257 673 309 ipſe

77 287 104 330 Non
125 287 182 330 nimis
197 287 272 330 inuitus
287 287 389 330 ſequitur,
407 287 518 330 ſimiliſque
536 287 620 330 võlenti,

63 315 84 353 Et
99 315 141 353 certa
159 315 207 353 fugit
219 315 258 353 acre
273 315 323 353 fuga,
335 315 362 353 nil
374 315 422 353 viſus
434 315 509 353 amoris

62 344 88 385 Iam
116 344 170 385 veſtri
181 344 308 385 mneminiſfe,
322 344 370 385 nouo
390 344 483 385 pellectus
497 344 573 385 amore:

65 370 116 415 Forte
133 370 179 415 nouà
210 370 213 415 &
224 370 312 415 gaudens
329 370 416 415 dominà,
431 370 456 415 nil
470 370 524 415 eurat
535 370 603 415 haberi

66 399 157 447 Deſertor
177 399 261 447 dicique,
284 399 287 447 &
301 399 355 447 veſtia
372 399 411 447 ante
428 399 454 447 ora
470 399 589 447 ttiumphus

65 426 91 473 Sic
111 426 150 473 duci
164 426 196 473 ſibi
210 426 306 473 gtatatur.
320 426 427 473 Gratatur,
442 426 529 473 ouãtque

70 456 171 500 VtVideo,
195 456 197 500 &
211 456 256 500 verſo
274 456 336 500 neque
352 456 375 500 iam
405 456 431 500 vos
447 456 524 500 reſpicit
538 456 578 500 ore,

73 484 102 538 Vos
121 484 219 538 dominas,
230 484 291 538 neque
307 484 339 538 nos
353 484 427 538 ſocios:
443 484 473 538 vos
486 484 510 538 tam
539 484 587 538 bené
601 484 675 538 ſemer

67 511 195 554 Promeritas,
219 511 221 554 &
235 511 267 554 nos
280 511 304 554 tam
330 511 392 554 ſanctẽ
408 511 479 554 ſemper
493 511 594 554 amantes:

79 541 104 593 Nec
118 541 144 593 me
161 541 217 593 adeo,
245 541 259 593 ec
274 541 299 593 me
313 541 344 593 ille
361 541 454 593 quidem,
471 541 514 593 illum
542 541 618 593 reſpicit
632 541 700 593 vnuma,

76 567 121 623 Vnum
148 567 190 623 illum
222 567 225 623 è
244 567 326 623 reliquis
340 567 401 623 ſocium
430 567 569 623 comnitémque
585 567 700 623 petennem,

84 595 109 649 Quo
129 595 163 649 ſine
180 595 211 649 non
231 595 302 649 vnguem
330 595 396 649 mouit
407 595 438 649 ſeſe
455 595 549 649 hactenus
568 595 656 649 vſquam,

69 622 135 669 Etſine
153 622 183 669 quo
204 622 270 669 fatalem
294 622 336 669 iſtam
365 622 395 669 (ſic
410 622 491 669 cenſeo)
503 622 515 669 in
533 622 587 669 horam

76 650 109 695 Vita
127 650 154 695 illi
166 650 247 695 minima
265 650 298 695 fuit
313 650 361 695 haut
376 650 436 695 vitalis
451 650 460 695 in
487 650 538 695 hora,

71 677 95 722 Ex
107 677 140 722 quo
158 677 212 722 felici
224 677 281 722 ſemel
293 677 314 722 eſt
328 677 376 722 mihi
388 677 466 722 iunctus
481 677 490 722 in
511 677 565 722 hora.

85 707 110 760 Nam
136 707 235 760 memini,
258 707 261 760 &
275 707 385 760 meminiſſe
400 707 470 760 iuuat,
482 707 598 760 ſemperque
612 707 700 760 iuuabit:

71 733 131 787 Luſtra
159 733 213 787 erunt
227 733 250 787 iam
278 733 329 787 bina,
346 733 413 787 Atctoæ
425 733 447 787 ad
464 733 526 787 littora
543 733 628 787 Balthes,

74 761 125 809 Edita
142 761 170 809 quã
190 761 247 809 Roſer
261 761 385 809 celebrantut
414 761 445 809 ecta
464 761 518 809 Lycéi

70 790 133 837 Aonio
149 790 250 837 numeroſa
269 790 322 837 choro
343 790 433 837 ductaque
455 790 548 837 iuuenta,

72 818 108 867 Cum
137 818 210 867 primum
236 818 284 867 inter
298 818 330 867 nos
347 818 420 867 Muſæis
434 818 519 867 vidimus
536 818 613 867 Hortis:

75 844 160 895 Vidimus
173 844 221 895 inter
235 844 277 895 nos,
288 844 349 895 neque
362 844 418 895 longo
437 844 530 895 nouimus
549 844 584 895 vſu,

71 873 91 928 Et
105 873 165 928 ſubitó
182 873 230 928 inter
244 873 278 928 nos
289 873 360 928 animis
374 873 431 928 ſimul
442 873 524 928 arſimus
544 873 544 928 a
561 873 615 928 quis:

71 900 156 960 Arſimus
169 900 217 960 inter
230 900 276 960 nos:
292 900 350 960 atque
366 900 409 960 hine
422 900 478 960 ſimul
492 900 580 960 hæſimus
604 900 657 960 æquis

73 929 155 984 Corpori
164 929 243 984 bũſque,
249 929 376 984 animiſque:
393 929 430 984 exin
452 929 478 984 ego
495 929 543 984 fidus
560 929 639 984 Achiates

74 956 103 1017 Ad
114 956 162 1017 latus
173 956 213 1017 illi,
224 956 281 1017 atque
295 956 323 1017 ille
340 956 388 1017 mihi
402 956 456 1017 meus
473 956 515 1017 vnus
529 956 566 1017 ego,
577 956 625 1017 alter

72 981 180 1043 Pertetuõ:
191 981 251 1043 neque
268 981 293 1043 me
307 981 398 1043 quondam
432 981 519 1043 diuellere
539 981 607 1043 ſongũm

69 1008 105 1069 Imi
129 1008 159 1069 oba
174 1008 207 1069 ſors
219 1008 294 1069 potuit,
312 1008 401 1069 diuellere
419 1008 536 1069 quamlibet
545 1008 596 1069 auſa,

605 1074 638 1110 Cum
668 1074 691 1110 τe

263 1151 263 1191 .
