709 1221
175 9 598 58 ALSIIIS AC IDALI
61 53 580 101 Mutuàque à vobis eoncordi fœdere cultum,
58 85 573 127 Et multo ornatum certatim munere, veſtri
63 115 615 155 Spem vobis produniſtis certamque eolumnan
63 144 568 180 Imperii, firmúmque aduerſus barbama ſecla
61 172 630 216 Bellatorem, ipſumque ducem: qui altaria veſtma,
61 201 599 244 Templaq; & excelſas Sophiæ defenderet arces,
62 229 562 270 Latius & totum proferret ſacra per orbem.
62 257 684 309 Hanc ſpem præſidiumque tapit venus inuida, & ipſe
63 287 625 330 Non nimis inuitus ſequitur, ſimiliſque võlenti,
62 315 520 353 Et certa fugit acre fuga, nil viſus amoris
62 344 583 385 Iam veſtri mneminiſfe, nouo pellectus amore:
62 370 611 415 Forte nouà & gaudens dominà, nil eurat haberi
63 399 598 447 Deſertor dicique, & veſtia ante ora ttiumphus
65 426 538 473 Sic duci ſibi gtatatur. Gratatur, ouãtque
65 456 584 500 VtVideo, & verſo neque iam vos reſpicit ore,
65 484 687 538 Vos dominas, neque nos ſocios: vos tam bené ſemer
65 511 603 554 Promeritas, & nos tam ſanctẽ ſemper amantes:
67 541 706 593 Nec me adeo, ec me ille quidem, illum reſpicit vnuma,
68 567 706 623 Vnum illum è reliquis ſocium comnitémque petennem,
69 595 668 649 Quo ſine non vnguem mouit ſeſe hactenus vſquam,
68 622 610 669 Etſine quo fatalem iſtam (ſic cenſeo) in horam
69 650 561 695 Vita illi minima fuit haut vitalis in hora,
70 677 569 722 Ex quo felici ſemel eſt mihi iunctus in hora.
73 707 706 760 Nam memini, & meminiſſe iuuat, ſemperque iuuabit:
71 733 636 787 Luſtra erunt iam bina, Atctoæ ad littora Balthes,
71 761 527 809 Edita quã Roſer celebrantut ecta Lycéi
70 790 554 837 Aonio numeroſa choro ductaque iuuenta,
71 818 620 867 Cum primum inter nos Muſæis vidimus Hortis:
54 844 590 895 Vidimus inter nos, neque longo nouimus vſu,
71 873 621 928 Et ſubitó inter nos animis ſimul arſimus a quis:
71 900 666 960 Arſimus inter nos: atque hine ſimul hæſimus æquis
73 929 648 984 Corpori bũſque, animiſque: exin ego fidus Achiates
74 956 634 1017 Ad latus illi, atque ille mihi meus vnus ego, alter
72 981 630 1043 Pertetuõ: neque me quondam diuellere ſongũm
68 1008 604 1069 Imi oba ſors potuit, diuellere quamlibet auſa,
541 1074 700 1110 Cum τe
