1100 1262
1 67 625 131 10 ALRRYIS ACIDALI
88 120 580 154 Te fouet, atque imis ardens in mutua fibris
91 149 624 193 Aferuore tuo requiem eapit, & tibi contrà
90 179 624 222 Fert requiem complena ſuo. lam iungite iun
93 209 645 246 Compleus pariles, nexuque amnbite tenaci
94 237 631 276 Corpora corporibus, quibus acto iran  t
94 266 538 308 Commeet vna anima, & vitæ ſiucema b
96 295 575 330 Gaudia continuet vel ſero intermina fini.
95 324 534 360 Interea tamen & ne tota obliuia noſtri
97 351 649 393 Hauſeris atqu aliquam priſco ſub petote ſede
98 380 598 426 In medio Venerum aobis dignare tuarum.
99 409 619 452 Noſteramor, noſtrique ipſis in amoribus illis,
98 437 609 484 Interdum ſubeat tibi ſopituſque regliſcat.
102 466 629 509 Nos meminiſſe tui vel ſic tamen vſque iuuabit,
52 494 682 533 Et veterem, quid quid nunc eſt, recolemus amorem
103 523 665 570 Mente ſb integta: nec eulpa tua, improbn culpas
105 544 724 599 Improba culpa, tamen veniam metita improba culp
106 582 612 628 Atteret imminuens viui fomenta caloris,
108 609 724 659 æreσaneni: neque ptimæοuτ ſonginquiot
111 638 609 681 Catpet edax, ſerie annoſa populante dierum
111 668 715 710 Aut penitus nobis ignem vnquam abolebit, adultuſ
112 696 586 737 Aterna ſemel à vVeſta, puriſque inieantem
71 719 611 771 Pallados arcanæ flammis, & viigine cura
113 751 561 797 Seruatum aſſiduò Fidei cuſtodis, in ipſo
114 778 553 823 Interioe foco & penettali pectotis ata:
302 850 517 878 R OS
292 885 558 919 Ad Corne.ium Martinum.
124 912 650 960 Vi teneræ tenero tener æui in vere iuuentæ
124 930 724 994 Ploſculus, ambioſio totus odore fagras:
125 968 565 1013 u pubis teliquæ fos illibatus, amœno
156 997 578 1043 Corporis & Genii dulee virore nites:
131 1021 676 1079 Qui flos es Veneris, qui flos Suadæ atque Lepotis,
160 1050 637 1106 ui fos ereuris, Pallados & Charitum es:
136 1073 666 1137 gο iacceſſo Rindi, qui Reliæonisin antro
704 1128 785 1158 nν. .
