1067 1262
1 72 635 123 . 16 VALENTIS ACIDAI
76 117 577 159 Ede lyra, Aſſyrii vt pueri acri intabuit igne
113 151 632 186 Cyptis: quem Cyptus τagna patte è Cinyn
79 179 612 216 Myrtha matre tulit, ab auo natum atq; ſoroe,
116 208 526 244 Præſtantem formæ dottbus egregiis:
88 236 619 274 Cui membris deeus adarat natura ſuperbum,
118 265 537 301 Et dederat cœtus virginei eſſe facem
91 294 687 327 Huic Venus vnanimo inſanũm ſuccenſa furore.
120 322 502 363 Dicitur inſolito deperiiſſe modo.
93 351 688 390 Runc Dea vel Marti autetulit: prc hoc alta Cithera,
120 381 745 422 Præ hoc ſordere Gnidus cumq́; Amathunte Papbs:
88 408 582 447 Aoc ptæ vno ſtellati etiam picta atria cœli,
123 439 576 473 Hoc præ vno vilere intima & aula ſouis.
9 445 551 507 Illi, ſiue oriente die Sol tolleret igneum,
126 495 573 539 Seu moriente, caput mergeret Oceano;
97 521 570 562 Illi perpetuum comes ibat; & aſſiduo vna,
128 553 503 591 Accubuoq; vna degere dulce fuit.
102 579 745 621 Qin neque, eum in ſaltus abiens inculta ferarun
131 609 639 652 et luſtra hic tapidis prædam ageret canibus.
65 634 745 682 Ipſοs νnguατ2οισσiτisο qῶqqucie: vſ
132 666 596 710 Saxa per & ſiluns perque iuga inſequitut,
104 693 615 736 Venatris: nec ferre pndet quoq; tetia Diuam,
135 722 548 761 Cœleſteſq; atta tinguerte cæde manus.
108 746 585 796 Ah peteat pereat, qui primus retia, prinus
137 778 493 823 Inuiſ inuiſas texuit arte plagasl
110 804 595 850 Inde heu orta infanſta infauſtilemina belli,
139 834 581 883 Inde heu mortiferi orta exiiratra ſeges.
112 860 654 910 Inde hen heu miſeræ miſer ehen, Cypridi Adonis
143 891 601 933 Perditus: inde eheu exaimem exanimis
114 917 572 964 Monte infeliei Cytherea adſpenit Adonin
144 947 745 990 Eundere purpuream eum amne eruento animτ-
116 971 685 1019 Ilum immanis apet;, ſolitis dum in montibus etiat
133 1003 577 1047 Venatu & ſolitis tempora danaſtudiis:
125 1026 645 1076 Crrepium ante olagas lethalis aeumi ne dentis
155 1055 548 1103 lciI, &Ictum albo ſauciat in femore.
125 1078 647 1136 ui ſubitam vt ſeſtinat opem Venus alite eurſu,
681 1133 745 1160 Pe1
