1048 1276
224 113 419 163 ELEGIAE
77 117 448 204 Nil valui infidiis, nil valui illecebris.
50 144 623 266 Omnia frustà omninò omni inq́ue loco, inq́; adeò omni
79 176 545 286 Tempore: vtut norim tempus, vtutq́ue locum.
5 197 563 315 Illum ego tentaui puerum, iuuenemq́ue, virumq́ue:
48 233 453 325 Sed vir, ſed iuuenis, ſed puer ille negat
40 257 520 365 Illum ego tentaui quondam per Gallica tegna:
50 290 450 379 Galla ſed hunc cepit nulla puella mihi.
34 310 533 426 Illum ego virginibus, quas terra Britannia gignit:
61 347 478 443 Nulla ſed hunc cepit virgo Britanna mihi.
35 367 520 481 Illum ego & Auſoniis me me ſpirantibus ipſam:
56 403 427 491 Sed nec eum cepit Auſonis vlla mihi.
23 423 540 544 Illum ego & heu Belgis meme ſuperantibus ipſsam:
51 459 485 561 Sed capere hunc potuit Belga nec vlla mihi.
15 480 582 608 Et quis ab his alias memorem? quid deniq. noſtras,
37 515 509 623 Quarum etiam his multas nouimus eſſe pares?
20 536 491 653 Sed licet ipſa pares etiam his Germania multas,
22 572 473 675 Quæq́ue etiam ſuperat has, licet ipse ferat:
15 593 577 724 Quorſum adeò in tanto ſi etiam harum examine nostră
34 629 548 746 Non noſstrum hunc potis eſt non capere vlla mihi?
9 647 464 760 Hactenus hæc & pauxillum ſermone repreſſo
29 681 455 788 Tam querulo, mos deîn lætior hæc iterum:
4 702 542 836 Sed bene habet: tandem tamen ipſum cupimus, cugè
25 738 323 818 Vicerunt artes infidiæq́; meæ.
1 758 561 896 Tandem aliquando inueni aliquod tempuſq́; locumq́;
16 791 430 897 En laqueum, quo ſe præda mea indueret.
1 816 560 953 Duximus hunc BRESLAM BRESLÆ hunc induximus,
122 875 252 918 heic hunc
8 877 321 965 Vna mihi cepit, cepit & vna ſibi,
1 907 464 1016 epit io! Quid iam victrix iam fera triumphum
1 933 421 1036 Differo? quid verbis me moror ipſa meis?
1 965 498 1078 ande triumphalem mecum Bresla o mea currum,
1 992 489 1092 Laurigeris pariter BRESLA vehenda rotis!
1 1021 395 1115 a Venus Breslæa, & tu Cythereïa Bresla
1 1052 396 1142 orro exhinc famâ concelebrante clues.
1 1074 427 1179 & et me iuvat, & merita es tu, tot mihi grata
498 1197 606 1223 Iam
