802 1264
199 101 615 134 VALENTIS ACIDALI.
125 146 533 176 Dictus es mihi peſſimus bonorum.
126 176 464 208 Indignaris vt audio, levemq́;
129 204 561 235 Fers parum euiter iocum & moleſté.
129 235 521 266 At iam, Næuole, pœnitet: recanto,
132 262 585 293 Cenſuramq́; meam auctor ipſe damno.
128 293 525 321 Serio tibi dehinc loquar, meamq́;
134 320 512 349 Mentem, vt ſentio, ſerio fatebor:
128 348 566 382 Non vatum mihi peſſimus bonorum
140 379 599 410 Poſthac, verúm eris optimus malorum.
361 439 490 459 In Aitaliam.
78 490 697 526 BElla tua eſt ſperata: id tecum aio Attala verúm hoc
79 522 596 552 Miror, ſi certó hæc bella futura tua eſt.
82 550 652 580 Scin quot eam claro iuuenes de ſanguine ſperent?
114 579 566 608 Haut, puto, te tantis præferet illa procis.
85 606 644 636 Subridens, nihil heic, inquis, ſcio adeſſe pericli:
111 634 572 665 Illa mea eſt, ſperent vt reliqui vſq; ſuam.
85 662 663 692 Nil eſt quod dubitem: mens tota illius aperta
117 690 615 726 Intimaq́; vni adeó iam mihi cuncta patent.
346 748 464 782 In Rullium.
164 802 650 833 LInguam nemo putet tibi eſſe Rullî,
165 830 699 863 Cum doctis quotiens quid eſt loquendum,
168 858 641 888 Quod doctum probet & probet diſertum.
168 886 526 916 De te res vbi fert loqui (sed vtq́;
133 911 539 939 De te, res vbi fert, vbive non fert,
169 941 570 972 Ad doctos loqueris parumq́ doctos,
170 968 559 1001 Ad ſanos loq́eris parumq́; ſanos)
171 996 638 1027 Tam prompté loqui & his videre & illis.
160 1019 595 1056 Lingua oſſimus omnium vt puteris,
155 1052 616 1084 Linguam & nemo put ibi eſſe Rulli.
362 1086 541 1119 In Tarulum
643 1132 787 1178 Pætule
