838 1264
323 116 482 147 LVSVS.
126 138 498 184 At laudes ætas neſciet vlla meas.
89 164 699 237 Dedecusw hoc veſtris ſed nunquam aboldebitur armis,
124 198 539 244 Quorum perfidua cæſus ab hoſte fui.
88 221 603 282 Talibus accendens animos in prœlia dictis,
116 254 537 301 Hoſtibus à victis capta trophæa tulit.
203 320 604 361 In Aniatrum laborantem morbo Gallico.
76 337 594 400 GAllia non viſa eſt Aniatro, quî tamen illi
132 371 632 420 Eſt inuenta domi Gallia? mirus homo eſt.
335 413 457 437 In eundem.
65 421 628 478 INTER terrigenas: pecudeſq; genusq; volantum.
100 456 533 496 Cognita Nile tibi ſola coribis habet.
53 479 570 531 Pro clyſtere ſuam roſtro quæ proluit aluum,
53 511 516 553 Toxia Aniatri ne tumulanda bibat.
321 553 438 578 In eundem.
53 565 573 618 VESICÆ mittebat onus non cognitus æger:
52 591 517 636 Hoc verſans, vterum fert Aniatrus ait.
52 620 579 671 Res noua: ſi maribus latet intra viſcera fetus,
52 653 468 696 Fœtus Aniatri ſegnis aſellus erit.
238 717 505 757 Reſpondet iocoſæ quæſt oni
267 749 409 777 LVD. P.
34 769 540 827 QVid vis arte tibi medici mea cura Loiſi,
99 797 533 836 Qua poſſis cupidos exaturare ſinus?
36 822 558 865 Non herbis hoc fit, riguus quas educat hortus:
62 854 476 888 Carne opus eſt, illos ſi ſaturare velis.
26 877 582 921 Hanc tibi cùm dederit natura benigna trilibrem
58 910 498 945 De fine porrò operam ſolicitare meam.
282 945 408 974 In Mopſum.
19 961 533 1005 Vernos ore gerens flores, oculisq; pyropum.
51 994 563 1038 Lac humeris, marmor pectore, eburq: manu.
21 1017 595 1063 Heu ſcelus, heu, MOPSO deducta eſt NISA marito.
43 1050 460 1087 Qualis tardipedi Cypria nupta Deo.
8 1072 528 1117 Infelix virgo magis an malè prouidus iſte eſt?
34 1105 462 1143 Infelix virgo eſt, prouidus iſte parum.
607 1140 656 1182 In
