704 1288
285 137 498 185 MARTINI
88 171 567 242 Carbaſa iam conuolue & lætas fige coronas.
124 192 600 268 Sed modò non tali cùm viſcera captus amore
97 229 518 305 Spirares rapidos abitus, & diſſita longè
96 256 567 331 Arua peregrinaſq́ ardens cognoſcere gentes
95 280 577 357 Traiiceres Balthen: ridens Erycina doloſum,
100 318 549 386 Emicat, & licet extremas te proripis oras,
103 339 582 419 Quâ citat aut ponit flammas Titania lampas
102 371 552 445 In patriis, inquit fies mihi præda Roſetis.
106 396 563 470 Tu ſecurus abis: qualis quem fulua papillis
106 422 606 502 Depulit aut genetrix, aut iam matura iuuentas,
107 457 544 527 Feruidus obſcuris exire leunculas antris
93 477 630 564 Audet in ignotos montes & inhoſpita teſqua
109 511 583 583 Ille nec ceruum tardus conſpectaq́; vaccæ
111 538 593 616 Pignora, nec fluuios timidus tranare rapaces,
145 564 591 635 Vela volant, nîl ambitis contermina terris
114 594 604 667 Te frera, contiguas mordent a fluctibus arces,
115 626 591 696 Nil venti terrent nil ſtante crepidine rupes
116 646 627 726 Nil glacie incretæ & fluidæ toto æquore aprici
116 668 641 751 Marmora aum Zephyris primum rupuntur apricis
117 697 629 779 Nil ingens vaſtis mare monſtra vomentia roſtris
116 736 610 809 Abſorprura rates aut demerſura profando.
118 752 622 834 Nec fatis ad Scaniæ litrus quam Gotticus ambit
119 794 571 861 Limes & i' lapſis claudit Wandera fluentis,
112 834 526 890 Aut quas diuiſas interlabentia terras
121 839 605 920 Æquora diſcernunt Codano connexa refuſo
121 876 574 943 Veniſſe ad Cimbris in ſedem Scagaq, vadoſas
112 902 600 983 Syrtes quin iterum Neptuno in vora vocato
124 926 617 1005 Cymothoeq́. dares auſtro latus, horrida donec
124 953 610 1030 Noruegra ingreſſo ſe aperiret & vltima Thule,
125 990 572 1054 Illic vt perhibent toſtis radicibus igni
124 1016 583 1082 Æſtuat & clauſis furit in fornacibus ignis
125 1038 613 1112 Interdum cinerem eructans & ab igne remotu
125 1063 622 1138 At rigidus vertex ſtat ſuprà & ab igne remotus
123 1095 602 1164 Hiberno barbam atq, genas albeicit amictu
122 1107 659 1191 Æſtatemq́; hyememq; nec vnquam frigora ponit:
655 1118 701 1146 Quod
