702 1251
161 70 495 163 VICTORIÆ COELEST.
28 86 479 195 Conciliat populi verbis & fraude fauorem,
62 117 410 205 Et patrios tentat conciliare duces.
29 138 464 246 Inſidiis faciles, promiſſo mulcet auaros,
57 174 464 271 Et titulum, ſua quo facta tuetur habet.
17 196 509 314 Iustitiæ vſurpat ſanctum & venerabile nomen,
51 230 449 325 Fraus & honeſtaris nomine tecta latet.
18 254 494 369 Tandem opportuno ſimulatis tempore ſacris,
48 288 492 397 Viſeret vt veterum ſancta ſepulcra patrum,
13 310 464 420 Votaq; pro reditu ſimulans ſe ſoluere velle,
39 343 437 444 Erumpit facinus quod meditatus erat.
6 367 503 488 Nam nouus Hebronis rex conclamatur in vrbe,
29 401 482 509 Fama per Iſacidum crebra vagatur humum
2 425 479 540 Gratatur tumido vulgus data ſceptra tyranno:
25 459 456 565 Hei mihi lætitia quam breue tempus erat.
0 473 494 609 Confluit ad iuueam cani pars magna ſenatus
7 512 438 620 Inter quos princeps Achitophelus erat.
1 540 524 671 Adiuuat hunc plebis ſimul infima turba tumultum,
10 571 387 668 Regis & auſpicio ſuſcipit arma noui,
1 602 397 701 t patris inſolitas iniuria venit ad aures,
5 629 418 734 Vix ſcelus in nato credidit hoſte parens.
1 653 448 772 ſceſſum Solyma raptim properabat ab vrbe,
1 687 361 782 Et ſecum lectos mandat abire viros,
0 713 460 836 tima pars vrbis plangens comitatur & arca
1 743 366 842 Effertur, quamuis rege verante Dei,
1 776 336 863 gis vt vxores in capta polluit vrbe
2 799 340 894 bſolon, & leges ac noua iura tulit:
1 834 445 946 patrem inſequitur fugientem ſi ius audax,
1 858 366 956 thridæ mandans caſtra ſuperba duci.
0 889 433 1006 procul à rapido ſita Machanima laboco,
1 922 328 1006 enibus Iſaiden fouit amica ſuis.
1 953 361 1040 uos armans, aliis ſis hoſtibus hoſtis
0 966 303 1067 it ſed nato parce Ioabe meo,
1 1011 419 1107 arce meo: quàm vellem parcere cunctis
1 1033 309 1116 ibus, & ſedis tuta tenere meæ.
1 1065 406 1164 plum potius deponere regis honorem,
442 1179 532 1208 Quàm
