790 1200
179 26 505 75 AD EPISC. MOGVN.
71 53 561 119 Præſentiq; frui. Feſſi expectauimus omnes,
65 83 673 161 Quod te adigat tempus, ſæpe intra ſpemq́; timoremq;
67 113 624 180 Ambigui ſterimus, ne quam non proſpera cauſam
66 139 619 207 Sors ferat in medium, teq; hinc omnino reuellat.
66 168 555 228 Sic ſperat, metuitq; ſinui iam filia coniunx
48 195 645 270 Deſponſata viro, nam quem ſemel hauſit amorem
59 226 537 284 Cunctari vetat, illa ægrè ſua gaudia differt.
56 254 612 323 Incuſatq́; moras, quæcunq́; hymenæa morantur,
55 283 569 344 Tempora longa vocat, ardet ſe iungere pacto.
55 313 551 371 Optatum cupit ire diem, noctemq́; iugalem
52 343 521 399 Anticipat votis, vbi venerit hora ſi uendi,
48 367 486 425 Vt placitis ſatiata ſuis præſentia captet.
52 395 614 466 Tum vero ratio omnis abeſt, ita in omnia præceps
49 421 613 492 Fertur, & in cumulo dubitat, quæ prima ſequatur,
51 452 567 517 Quæ capiat, quibus inſiſtat, data copia turbat,
47 479 619 551 Et facit ambiguam, nos haud ſecus impetus verget,
42 507 495 568 Deſtituit ratio, perditq; oblata facultas.
46 537 531 604 Quid primum, quid præcipuè fiat, liceatq;
45 565 674 642 Quod quis in obſequium ruat, aut quæ ſigna relinquat
39 593 504 655 Lætitiæ inſolitæ, quo gratificetur honore,
39 621 528 683 Iam certus, liberq; metu, optatisq́; potitus.
40 650 527 713 Obuia turba tibi, portis ſe effundit apertis,
38 679 576 746 Tendit in occurſum populus, ſunt ordine nullo,
34 707 561 776 Lætitia dirimente modum, iuueneſq́; ſeneſq́;
34 735 543 796 Ingeminatur Iô, vacuas conſcendit in auarus
23 759 584 830 Clamor, ab impulſis reſonat clangoribus æther.
29 791 561 857 Inuia facta via eſt, qua tu te immitis, ademptum
28 819 531 883 Eſt plateis nomen, quid ſi non ante vetaſſes,
24 848 567 918 Hæc fieri candore tuo? pudet auribus hoc, quod
25 876 505 936 Virututes muruere dari, verum illa pudoris
22 905 446 960 Munimenta tui, nos effecere ferendo
22 933 525 1004 Audere, & vetitos cupientius ædere plauſus,
23 960 481 1018 Tanta merebatur, quiſquis feliciter olim
18 987 518 1051 Bellum exegiſſer, domitisq́; ex hoſtibus vrbi
16 1015 485 1079 Inu iſſet opes peregrè, ſpoliiſq; ſuperbis
574 1076 666 1112 Auxiſ
