1358 1252
857 95 1015 122 LEII.
613 111 1143 167 Da veniam quæſo (quamuis inſcitia non eſt,
649 147 1082 193 Verùm index animi certior illa mei)
618 170 1195 225 Da veniam ergo precor; non vox erat aptior vlla,
645 204 1168 249 Mentem idiotiſmôn quæ magis exprimeret.
619 227 1209 281 Inſtat enim veſtis ſimplæ mea ſimpla Gamœna eſt,
643 260 1208 306 Simplæ inſtar veſtis mens quoq ſimpla mihi eſt.
616 285 1184 336 Rerum verba notæ ſi res proba, verba probabis;
640 319 1170 364 Sin minus, vtq; duplex ſimpla mea increpita.
869 356 988 380 In Zoilum.
610 374 1206 418 Zoilum, quid frontem caperas? quid torua tueris?
635 406 1047 438 Et tituli anquiris de ruditate noui?
608 430 1075 470 Leius atq; idota nihil diſtare videntur;
634 462 978 499 Sic idiotiſmi Leietaſq; nihil.
593 488 1212 533 Vt dedit ergo foras Schedius Schediaſmata pridem:
624 519 1015 550 Sic Idiotiſmos nunc Idiota ſuos.
862 554 983 577 In eundem.
593 570 1125 614 Sund Idiotiſmi, ſunt vmbræ ſomnia ſunt nil:
631 604 1110 643 Tu tamen, ô, tam nil Zoile, dente petes;
602 629 1137 671 Tunc voles a pinis genuinum frangere in iſtis?
626 663 1134 702 Carpere nil, nihili eſt. Zoile, carpe aliquid.
846 696 992 727 Pro Zoilo.
593 714 1078 754 Hos Idiotiſmos vmbraſq; & ſomnia dixi.
626 747 1091 787 Quos tamen eſſe pios ipſe negare neges.
593 772 1080 811 An læſam à Leio pietatem, Zoile, clamas,
627 799 1104 853 Atq; illum capital grnade patraſſe tonas?
600 830 1104 871 O Cerebri infelicis, & ô rationis ineptæ;
624 862 1057 898 Atrum adeò & nulla relligione pecus.
583 883 1052 929 De pietate ſibi cenſuram ſumere velle,
625 917 1116 955 Tanquam ſus cenſet fœtida amaracinum.
583 939 1093 979 Si tamen eſt Pietas tanti tibi, Zoile, dictum
615 972 1129 1013 En reuoco & dico: Zoilus albus homo eſt.
782 1010 1046 1034 Ad Lectorem benevolum.
583 1016 1168 1065 Quando Idiotiſmos mea nomino, candide Lector,
589 1055 1104 1098 Carmina, materiam non ita ſigno piam.
583 1078 1248 1120 Sed forman informem, ſed cultum adeò artis inertis,
1173 1118 1253 1156 Et
