1207 1345
617 1 1009 21 IDIOTISMI SACRI.
419 27 926 63 Verba hæc ſenſibus intimis reuoluas:
414 63 857 103 Tibi ô nigra renuncio caterna.
413 98 910 135 Totum me tibi do dicoque, Chriſte.
588 133 867 166 Ad Chriſtianum pium.
397 161 815 200 Vt longæ videas dies ſenectæ.
413 198 795 232 Et vitam peragas beatiorem,
397 228 870 267 Quæ ſit regula, Chriſtiane, quæris?
398 264 912 300 Tuimet memor, vſque ſis quod audis,
410 297 938 333 Vſque inquam, Pius, vſque Chriſtianus.
410 329 879 366 Tectum deinde foue calore pectus;
410 361 913 402 Dein Baccho nimio abſtine cibiſque:
398 396 925 433 Dein vita Veneris frequens duellum:
398 429 911 467 Dein morſus animi, grauesque curas.
408 464 949 500 Dein quæcunque piis nefas patrare eſt.
398 497 862 533 Sic vinces Pylios ſuperſtes annos,
397 528 827 565 Sic tu ſecula ſempiterna viues.
505 564 937 599 In incendium Sodomorum, Geneſ. 19.
398 594 1032 637 Ecce DEVS turpes compeſcuit ignibus ignes:
439 630 920 669 Igne tibi à turpi, qui ſapis, ergo caue.
666 666 806 698 Pſalm. 117.
405 698 951 736 Gentes quotquot vbique quotquot eſtis:
404 730 883 766 Terræ orbem populi per vniuerſum,
401 763 820 798 Iouam concelebrate, cantitate:
401 797 837 834 Namque gratia veritaſque Iouæ
400 830 870 868 Nos immota ſuper perenne regnat,
572 867 865 901 Vita noſtra labor & dolor.
654 902 779 933 Pſalm. 90.
393 929 1097 972 Vita quid eſt hominis? Labor & dolor ergo viciſſim
429 966 961 1004 Mors homini requies atque medela pio.
396 997 1037 1037 In Chriſto quiſquis morientia lumina claudis,
428 1030 936 1065 Te cubitum noris ire nec occubitum.
562 1078 984 1118 Simon Cyrenaus quiuis Chriſtianus.
393 1115 989 1158 Vnicuique ſua eſt crux æqua mente ferenda,
426 1152 954 1193 Vt crucis eſt Chriſtus baiulus ipſe ſuæ.
1050 1206 1182 1238 Aliter.
