759 1208
187 2 459 51 SATIRA.
31 53 603 94 In quo tantum inopes Minotaurus deuorat Iros.
30 80 618 115 Scilicet vnde habeas reditus atque æra quotannis.
30 111 575 147 Securus commiſſa loco quo cauſſa ſtet. At vos
30 138 558 180 Numorum accipitres, non tale exercuit olim
30 166 550 202 Iudicium cum fratre ſuo qui primus in orbe
30 197 456 237 Legislator erat, lites qui ſcilicet ante
29 225 544 261 Occaſum abrupit, quas Sol occeperat ortus.
30 249 616 296 Hoc eſt quod patria hæx nutricula cauſſidicorum.
30 278 657 327 Noſtri & Romulidæ quod iniqua mente queruntur,
30 304 601 352 Qui hac maſtige rubent, quos vindex illa flagellat
30 333 555 377 Vlta graues gemitus & verbera ruricolarum.
30 363 545 408 Quorum illi ſudore & ſanguine delitiantur,
30 389 545 429 Et viua oſſa vorant vacuis exſucta medullis.
35 414 560 459 Interea miſeros pulſant, canibusque moloſſis
35 445 585 491 Deteriore loco eſſe iubent. nempe vnius ortus
29 471 561 522 Naturæ immemores patriſque vnius Adami.
30 493 627 551 Pœna tamen præſnes, Dum tu Corydona flagellas,
28 526 581 576 Turgidus exſugens vix hærentem oſſibus. Ecce
33 550 645 608 Baldus adeſt, qui te dum Pulydamanta propinquum
25 587 509 635 Lite peris, lentaque fori contendis arena
39 609 566 659 Paullatim exhaurit, donec deceptus eſt ex ſpes
31 640 567 695 Nequidquam fundo ſuſpiret nummus in imo,
28 661 626 721 Nam quæ non Nemeſis, non Craſſus, & Heracletus
41 691 595 749 Hæc cernens tremulo tumpat thoraca cachinno?
34 718 671 782 Nempe bonis nullum ſpectaculum dignius eſt, quam
34 746 671 808 Cum lupus vnum alius vocat, & cum pœna Nerones
34 782 550 838 Exercet diros, orta à nebulone propinquo,
39 800 603 865 Et tamen illud agunt, ſeſeque hoc verbere pulſant
39 835 561 891 Æneadæ noſtri, & lento duce Iaſone pugnant,
39 867 496 917 Donec res & ſpes opera deperditur vna,
44 891 508 952 Illuſtresque arces excuſſa ſuperbia cogit
39 911 603 983 Linquere & incultas Corydoni habitare latebras,
44 941 563 1005 Mox exutus agris numiſque opibusq; paternis
49 975 509 1031 Circuit & digito mendicat Pollio nudo:
47 997 597 1065 Cuius iam annellis gemmasque, auriq; catenas
620 1006 707 1053 Pon-
