863 1330
246 66 575 92 CAMERARII
49 105 621 140 Sæculi & has preſſas improbitate leuas.
49 141 704 168 Hæc tua, crede mihi, vel enim tu crede tibi iſtum
49 173 625 209 Quippe tibi ſenſum pectoris liquet:
49 207 656 241 Hæc tua laus igitur maior, Loxane futura eſt,
91 241 592 275 Maior & ingenuæ poſteritatis honor,
49 274 644 308 Adferet hoc meliora bonæ præconia famæ,
87 308 626 343 Altius & veſtram tollet in aſtra domum.
49 342 668 376 Quàm vel virtutis memorabile nomen auitæ,
91 375 601 410 Et celebri antiquum nobilitate genus.
49 408 702 442 Vel Regum fauor & ſplendoris culmina ſummi,
89 442 606 476 Vel, dubia incertæ munera Sortis, opes
49 475 675 510 An quia non ſunt hæc quæ dixi maxima? certè
49 508 605 545 Maxima, necniſi qui deſipit, eſſe negat.
49 542 719 577 Parua tamen grandi ceu gemma renidet in auro,
94 574 661 610 Neſcio quo illa magis ſunt precioſa modo.
49 608 632 642 Hoc fortaſſe putant multi ſecus eſſe: ſed illi
90 642 669 677 Non etiam dubitant turpe putare bonum:
54 675 625 710 Ac ferri poterant ſpernentia ſæcula Muſas;
82 709 664 745 His niſi & interitum perniciemque parent.
54 744 762 778 Heu mihi! quæ noſtram labefactant tempora vitam,
63 777 659 812 Quamq; retrò celeri ſpes bona calce fugit.
54 810 638 844 Gramina ſic ſegetis paſſim exorientia lætæ,
88 844 600 879 Quæq; racemiſera vitæ propago viret.
54 878 644 906 Aut nitidos tenera naſcentes arbore ramos,
96 914 643 946 Impete ventorum concita grando necat.
54 946 719 980 Non male prodierant pululantes germine pulcro,
97 977 696 1011 Quæ ſtudia humanum mitia nomen habent,
54 1010 612 1045 Iamq; videbantur radice vireſcere firma,
54 1043 651 1079 Creſcere & in robur cœperat herba ſuum:
54 1076 739 1108 Cùm ſubitò horribilis furor & vis barbara cultum.
98 1112 605 1147 Vt ferus Aonidum rus populatur aper.
54 1144 716 1180 Diffugiunt mox agricolæ & ſibi quiſque ſalutem
98 1182 730 1213 Quærit, habent nullam quæ colat arua manum:
54 1211 639 1246 Arua biceps quæ Parnaſſus ſubiecta tuetur,
53 1243 673 1280 Præter & inde fluens Pegaſis vnda rigat
763 1274 818 1298 Hos
