816 1312
231 48 612 91 PANTAL. CANDIDI.
70 94 531 137 Cuius fidem non antea probauerim
67 128 498 164 In peſſimis aduerſitatum caſibus.
49 162 498 198 Vt ignis aurum, ſic amicum erux probat.
49 208 105 240 49.
341 211 443 234 Invidus.
39 241 698 308 QVum Iuppiter ſenſus hominum cognoſcere
126 274 664 309 Vellet, ad eos ſuprema ab arce Apollinem
53 308 517 338 Miſit, voluntates eorum vt diſceret.
60 344 704 374 In auarum hic incidit vnum & inuidũ alterum,
51 376 564 410 Eaſque dixit: id quod vterque poſceret
52 408 624 445 Se velle eis præſtare: ſed lege hac tamen,
62 443 635 477 Vt quod rogat hic duplum id daretur alteri.
55 476 541 509 Auarus hic rogare quicquam noluit:
56 510 603 541 Sed inuidus tunc vnum oculum ſibi erui,
57 544 561 576 Vtroque auarus vt careret, expetit.
53 577 410 618 Nil inuido, mi eſt auaro tetrius.
297 624 497 656 Nauigans vouet.
56 632 92 652 50.
38 666 515 735 PLures, in alto vela dabant mari,
96 700 536 736 Naui inſidentes mercigeræ viri,
167 734 540 767 Horrenda tempeſtas furenti
165 766 588 801 Æquora quum ciet atra vento.
39 801 511 834 Ne mergerentur mox aliquis Deos
39 832 482 868 Votis rogabat cordis ab intimis,
164 864 526 896 Promiſit & ſe poſt daturum
165 898 493 927 Si videant ſua tecta ſalui
43 931 598 967 Tam magnum & altum pondere cereum,
42 961 505 998 Quam maius eſſet turgida ſpiritu,
168 998 574 1031 Qui vela geſtet pando & aura
168 1032 570 1064 Totam ageret valida carinam,
32 1063 512 1099 Huic vnus infit, qui bene nouerat,
33 1094 502 1129 Quod prorſus eſſet re tenui domi,
169 1130 576 1164 Tam grande cur audes vouere,
149 1162 584 1198 Quod tibi ſoluere ſit negatum?
20 1195 474 1229 Reſpondit ille: ſi modò, ſi modò
32 1230 503 1269 Hoc exeamus grande periculum:
682 1246 792 1289 Numm
