840 1344
315 32 549 60 CLAII
83 72 589 107 Atq; ſub inferno pœna timenda malis.
52 106 595 138 Et cum ſint varii ſenſus de fine bonorum,
84 140 538 174 Ille voluptates, ille ſequatur opes:
49 173 672 207 Nominis ille decus quærat famamq; perennem,
86 206 595 240 Secteturq; artes, magnaq; facta gerat:
49 241 645 274 Incidat hic Salomon, quæ nam ſit vita beata,
81 273 740 306 Quidúe bonum ſummum: Nempe timere Deum.
52 305 602 340 Ex manifeſtato numen cognoſcere verbo,
82 337 562 373 Et facere officium ſpeq; fideq; ſuum.
49 372 673 406 Nam quicunq; Deum recte cognoſcit, & ipſum
83 407 508 440 Mandata ſanctè relligione colit:
42 438 676 473 Inq: fide Christi ſequitur, quodcunq; iubetur,
82 471 557 506 Et quiduis perfert: Ille beatus erit.
41 505 670 541 Et quoniam noſtris nihil eſt in viribus vſquam,
84 538 657 573 Cuncta ſed omnipotens datq́; regitaq́; Deus:
49 572 760 607 Cunctaq; tempus habent, & certam temporis horam.
83 606 676 639 Quam fine quicquam homo cæptat, inane cadit:
47 639 525 674 Arbitrii noſtri libertas tota negatur,
81 671 570 707 Quam ſcimus doctos aſſeruiſſe viros.
50 706 595 739 Rebus in externis, quid agas, elcetio ſane
84 738 610 772 Te penes eſt, finem ſed regit ipſe Deus:
49 773 574 799 At nouiſſe Deum, tota vi mentis amare,
82 804 656 840 Credereq; in Chriſtum non dubitante fide:
48 837 630 872 Non id in arbitrio, non eſt in robore noſtro,
83 870 529 905 Hæc eſt munifici gratia dosq́; Dei.
50 904 779 938 Stultum eſt, quod vitæ quoſdam genus omen peroſos,
82 936 495 965 Iuuit in occultris delituiſſe locis,
46 970 646 1004 Iuſſit id excellens Hieronymus ipſe Bleſillam,
76 1003 527 1037 Factus & inſipiens ex ſapiente fuit.
47 1036 679 1071 Hinc ortum ducit Monachorum plurimus ordo,
81 1071 608 1103 Hic & Eremitæ ſemina prima trahunt.
46 1101 619 1134 At non res ipſas Salomonis concio damuat,
82 1132 559 1166 Sed præſenta frui neſcia corda bono.
44 1167 615 1204 In mundo viuas commiſſa negocia tractes,
75 1200 599 1235 Sis pater, aut quem se iuſſerit eſſe Deus.
749 1238 811 1271 A
