872 1312
267 69 617 105 DEDICATIO.
117 114 805 174 buseditus Muſis, qum Rhedingerorum?
117 174 786 226 in quo nomine exultat Phbus, lætatur
116 225 805 274 Minerua, tripudiant Charites. Qgippe,
120 274 788 323 vtalios familiæ veſtræ pratermittam, vbi-
122 326 789 375 nam illa virtuti Camniſque amica Nu-
115 375 790 426 mina, aut agunt libentius, aut videntur
115 425 795 475 frequentius, qum in inſtructiſſimâomni-
125 475 784 524 um linguarum Bibliothecâ Patris vetri?
126 526 805 576 qui vir, iam multis annorum ſeptimanis,
128 576 805 625 ita inſgne natalium fortunæque decus au-
121 626 805 677 guſto omnigenæ eruditionis luminillu-
120 677 805 728 ſrat, vt peculiariter audiat Sileſiæ ſuæ
130 726 805 777 Mercurius. Necdiuertuntab hacopinio-
130 777 805 828 neexteri; cum eundem libentes meritoque
130 825 805 877 indigitent, non literarum modo,ſe-
132 879 805 927 alorum omnium, amatorem admiralo-
133 927 805 980 recrd.de.gium, e
127 976 805 1027 præclarius, quo plures agunt inillo Germa-
133 1026 805 1076 niæ tractu humanioribus ſtudiis ver deuo-
135 1075 804 1134 ti. Rara res eſt; ſed vera tamen ita nobi-
731 1135 805 1189 litas
