872 1312
234 67 588 105 DEDICATIO.
69 121 752 177 bent colantque, tamquam in quo palam
69 175 750 227 ſæculum itud agnoſcat, aon Virtutum mo-
69 229 750 275 , ſed etiam Doctrinarum omnium con-
69 275 747 328 ſenſum ac concentum incomparabilem.
69 326 748 379 le alienorum
69 378 749 429 i- præcordia inſlammet; nedum vetra, ita
69 427 749 476 us natorum, ita inſtitutorum, vtnihildeſit,
69 477 750 529 u niſiperpetuatio eius quod tamfelicibus aui-
69 529 752 578 bus inchoaſtis? hoc est, vt Deus optimus
69 580 753 630 m maimus annos porro largiatur, ttliceat
69 631 752 680 e-. eo quo cepilis curſuenii, per Virtutis Do-
69 679 760 729 ini ctrinæque regiam viam, ad templumſoli-
68 727 760 779 nt di Honoris. quodipſum voueooptoqueani-
69 780 752 829 ris, miis..IIterii,, qoniam uumnnumeſt
69 832 752 881 d- interſtiguereſtudiorum grauitatem am-
69 881 754 933 ſd nitatibus? non ſine ſreuctu diuertetis ali-
69 931 756 980 h quando ad irhæc Muſici collegij virida-
69 982 756 1032 d ria, inque iis animi mentem iucundè, t
69 1032 757 1079 m ſpero, recreabitis. Hahet enim hoc Poe-
69 1081 761 1134 b. ta Gallus, præ Italo, vtrarior hæreatcirca
707 1138 763 1179 ?-es
