872 1312
234 67 588 105 DEDICATIO.
1 121 752 177 bent colantque, tamquam in quo palam
1 175 750 227 ſæculum itud agnoſcat, aon Virtutum mo-
1 229 750 275 , ſed etiam Doctrinarum omnium con-
4 275 747 328 ſenſum ac concentum incomparabilem.
1 326 748 379 le alienorum
1 378 749 429 i- præcordia inſlammet; nedum vetra, ita
1 427 749 476 us natorum, ita inſtitutorum, vtnihildeſit,
1 477 750 529 u niſiperpetuatio eius quod tamfelicibus aui-
3 530 752 578 bus inchoaſtis? hoc est, vt Deus optimus
1 580 753 630 m maimus annos porro largiatur, ttliceat
1 632 752 680 e-. eo quo cepilis curſuenii, per Virtutis Do-
1 679 823 729 ini ctrinæque regiam viam, ad templumſoli-
2 727 828 780 nt di Honoris. quodipſum voueooptoqueani-
1 780 752 829 ris, miis..IIterii,, qoniam uumnnumeſt
5 832 752 881 d- interſtiguereſtudiorum grauitatem am-
1 881 754 933 ſd nitatibus? non ſine ſreuctu diuertetis ali-
2 931 756 980 h quando ad irhæc Muſici collegij virida-
1 982 756 1032 d ria, inque iis animi mentem iucundè, t
3 1032 757 1079 m ſpero, recreabitis. Hahet enim hoc Poe-
1 1082 761 1134 b. ta Gallus, præ Italo, vtrarior hæreatcirca
492 1138 763 1179 ?-es
