872 1312
245 72 598 109 DEDICATIO.
66 127 759 181 - im plures, virorum quidm literatur
66 178 758 228 n humaniore, iudicio, honoribus alque di-
64 231 758 290 li- onitate eminentium? ſed qui tamcn mi-
65 280 757 332 nus litaſſe videantur Veneri aut Gratiis.
66 332 760 384 - Equidem non adeo aure ſum iacenti, quin
66 380 758 435 cuem ee e iſcernere tinnitum auri ab æris.
66 432 759 485 ue Sed quid obſecro facerem? Cumiide illi,
66 482 764 536 r- quos intelligo, ſua digna duxerint quæ vel
66 532 761 584 vltro, velrogati tpooraphica tuba paſſim
65 583 762 637 nt publicarent, curegomco præiudicio ea da-
66 634 760 688 um mnarem, quæ & ipſemet, & amicicorum
66 685 781 734 i calculo ſuo adprobauerunt? nuncque et-
65 733 781 785 nim iam adhuc multi probabunt? Vero enim
65 785 765 839 is ſimile eſt, pluribus viſum iri, rarum: lu-
66 836 763 885 ten. cidum, molle, facetum: quod meis ocu-
66 885 764 938 t- lis, vulgare, obſcurum, durum, ilepidum.
66 937 767 988 . Dampetri quæ ſelegi, primoiam uula-
66 987 764 1043 u. ur, nec ſe cauſſa. mulis ſiquidem gr-
66 1036 763 1093 m. tum accidet aætimare poſſe, veluti ex r-
66 1088 766 1149 ſ- i, Leonem illum, quem nemo non lau-
679 1137 770 1172 dauis
