872 1312
269 69 632 111 DEDICATIO.
112 125 869 182 dauiimi Bellaii
107 177 866 233 produxi omnia, noti quod exſpectationem
117 232 786 280 eam ſutinerepoſſent, quam homines for-
117 282 788 332 taſſis conceperunt ex monumentis eius Gal-
115 332 787 382 licis: ſed quoniam constaret mihi, paucis-
104 382 784 432 ſimis hactenus viſa, deſiderata vero qum
109 432 785 481 plurimis. Et quamuis hæc ita ſe habe-
117 482 783 532 ant, non eſt tamen quod aliquis arbi-
116 532 780 583 tretur minus hell huic operi inditum
111 583 779 621 nomen Deliciarum. Imo, cm eadem
115 631 808 681 haud omnibus placeant diſpliceantue,
103 680 780 730 ſed vnicuique ſuus ſit ſibi gutus, Liber
114 731 869 784 iſte tunc ve reſpon-
113 778 857 829 debit, cim paſſim variabit amara dul-
112 828 869 879 cibus, lenia acribus, vilia raris, macra
107 878 866 931 pinguibus, &c. Et quid, obſero, orbem
111 927 854 983 hunc terrarum commendat, qum in-
109 977 869 1032 æqualium rerumpromiſcua varietas? Ad-
96 1029 778 1084 ſiciamus clum, conteplemurſolum, pe-
107 1082 869 1138 netremus maria, perluſtremus aerem: in-
663 1142 832 1175 tecur-
