872 1312
232 295 558 322 MIAVRELII
314 359 486 387 Obſeura claritas.
202 418 739 449 ARS fnit herba mei; pars altera gramina pauit
203 449 735 479 Hanc ſimul& aſtas pars tertia paſcitur herbas.
203 479 686 509 Extima, tornatos Indo dedente cylindros,
203 508 736 534 Aut cæſas referunt Pario de monte columnas,
67 535 735 567 sub breuiore modo. ſic ſum teres atq; rotuda,
64 567 594 597 Abſq; vllâ candens maculâ, ſine tubere læuis:
63 596 570 624 Sic frangi interdum patiens, ſic neſcia ſlecti.
61 625 545 653 Intima, confertis denſo ſub tegmine filis,
60 654 593 683 Fulta hærent; ſi fila magis, quam dicere fibras
60 683 566 712 Illa placet: ſed tu melius mea viſcera dicas.
61 713 588 742 Hæe ſiquidem noſtræ ſunt conceptacula vitæ,
48 742 625 771 Hic locus eſt animæ, quam non deponere poſſum
58 771 566 802 Humano de more ſemel; ſed Caſtoris inſtar
56 802 571 831 Alterni, alternis pono, alterniſque reſumo:
48 831 545 859 Tantum virginei dulcis valet halitus orisl
48 858 558 889 Hoc ita, ſi necdum a nobis deceſſerit omnis
47 889 576 916 Pulſus morte calor, ſed, adhucA luce recenti,
48 918 548 950 Nonnulla extinctæ maneant veſtigia vitæ.
48 947 642 978 Nam penitus poſtquam in ventos mea vita receſſit,
48 976 533 1008 Et gelidum obriguit letali frigore corpus;
48 1007 558 1037 Quo pudor aſſlatu, qua me reparauerit aurâ,
47 1037 580 1069 Qui, ſemel extinctus, non eſt reparabilis ipſe?
48 1067 562 1095 Tunc alia eſt igitur nobis medicina paranda,
47 1097 577 1127 Certa magis ctis longeq; valentior auris,
689 1127 736 1154 cui
