872 1312
324 71 559 93 L VDOVICI
113 109 610 138 Cui vigor æthereus, cui ſit cœleſtis origo
104 137 621 167 Vnde illam genus Iapeti, frendentibus ipſis
114 167 650 196 Cum Ioue cœlicolis, furtim deduxit, & audax
113 197 542 228 Indidit humano vitalia ſemina limo:
115 225 690 256 Caucaſcas niiſerumpro quâ mercede volucres,
115 255 583 283 Nunc etiam foris paſcit ſine ſine renatis.
117 285 618 315 Hanc vbi terrigenæ rigido de corpore fratris
116 315 650 344 Terrigena excuſlit per mutua vulnera frater,
119 344 660 374 Dcciduiſque comis ſluarum, aut ſtaminis vſti
118 373 682 404 Fragmine ſuſceptam, fotamque tepentibus auris,
119 403 663 433 Aſſula quæ viuum bis combibit arida ſulphur,
120 433 601 462 Affixi nobis, penituſque in viſcera adegit
123 463 661 492 Tardius Hippolytus friis diſtractus equorum,
121 490 711 522 Amiſſamque animam, d.ſperſaque membra recepit
122 521 593 551 Pæoniis reuocata herbis & amore Dianæ,
123 549 723 580 Quam mihi vita redit, quamuis iam tempore longo
122 580 628 607 Pertulerim tencbras & opacæ frigora mortis.
179 609 711 637 Ecce aliud mult mirum magis: edita in auras
122 638 655 663 Maternam rurſus demerſa recondor in aluum,
122 666 783 698 Vnde iterum emergens, iterumque iterumque renaſcor
122 697 680 726 Scilicet exanguis cum ſm, atque eneruis & exos,
122 727 629 756 Fecundi vt fomento vteri dulcique tepore;
122 756 626 785 Perque vices ductis denſa in tectoria ſuccis,
122 785 658 815 In ſolidum tandem puoſſim coaleſcere corpus:
121 815 583 844 Et ſtabili validas acquirere robore vires.
122 844 706 873 Nec porro hæc longa eſt, humani vt fabrica fœtus,
122 873 660 903 In menſes producta decem, cui pluribus annis
122 902 632 934 Eſt opus a partu, inerementa vt debita poſſit
122 934 656 962 Accipere, & lætum ætatis contingere florem;
124 962 631 993 Sed muneris expleta meis, abſoluor eodem
124 992 719 1024 Quo fieri ſum cœpta die; quotque inde ſequuntur,
123 1022 629 1051 Per totidem incipio ſenſim decreſcere luces,
123 1051 689 1079 Si modo Iux noſtram non terminet vnica vitam,
123 1080 703 1112 Vitam, quam ad ſacras ceu victima quæ cadit aras,
125 1110 701 1143 Omnibus vt proſim, cum corpore prodigafundo,
755 1143 857 1174 Sie,
754 1255 848 1288 ,
