872 1312
305 80 526 103 AEALMI.
31 118 576 150 Sic, quibus in ſiccis Lybies errantibus aruis
35 149 555 183 Peſliferos dentes impreſſit tabificus ſeps,
40 174 657 209 Diſſilit vſta cutis, caro defluit, oſſa liqueſcunt,
36 208 561 239 Nec ſupereſt vllum vitâ fugiente cadauer.
136 234 749 267 Non pilus eſt non plum a mihi non ſquama, cutiſue,
36 254 609 295 Deniquenon vllo unitum tegmine corpus:
43 296 563 326 Aduerſus tamen algores imperdita duro,
40 326 606 354 Et tantum rapidus victam m conficit æſtus;
41 354 565 383 Diſperdat quamuis multa ſauſſima clade
43 383 654 411 Noſtrum bruma genus, conſcruet amicior æſtas.
40 413 563 441 Aſt vbi contracto temp ſtas horrida cœlo
42 441 663 472 Turbine præciiti ventorum, atque in bribus atris
40 468 636 501 In me armata ruit, non deſunt tunc mea coentta
42 501 610 529 Atma mihi, radiis lenge abſiſtentibns ardens
41 530 562 558 Cuſpis, & ignita, Vulconia dona, ſagittæ.
41 558 600 592 Sunt etiam ad tales ſcmper præſentia pugnas
41 587 665 618 Auxilia adiutrixque manus, quæ prima capeſſens
41 617 607 651 Prælia ſuſtineat; poſt hæ., ſi bella trahantur,
86 648 515 676 Fortia præpand at latis tentoria velis.
1 664 599 704 ſo. Quæ ſi nec validæ poſſint vim fer eprocellæ,
43 700 547 732 Ecce ſuprema meæ ſpes & tutela ſalutis,
30 728 596 764 Candida perſpicuo turris circumdeta muro,
43 763 592 792 Seſe aperit tandem ſeptiſque inui at amicis
44 792 578 821 Carceris .olii, quo non exercitus omnis,
42 822 657 851 Nuon nimbis commxta poteſt itrumpere grando.
42 851 639 880 Dædaleæ mirum artis opus, lucetque, latetque,
43 880 653 910 Intra ſe quodcumque capit, non merſus vt amne
39 910 563 938 Calculus, aut imâ porrectus piſcis arenâ;
42 940 578 968 Peruia quos cerni pariter contoque feriri
39 967 612 997 Vnda ſinit: liquidis multohæc telicior vndis,
39 998 565 1025 Exludit nocuos admiſſo lumine tactus.
39 1025 573 1052 Nec ſtat fixa ſolo, celſis vt montibus arces
37 1053 648 1086 Impoſitæ, mecum graditur, mt cumque quieſcit,
38 1083 640 1117 Deprimitur mecum, mecumque attollitur vna,
89 1113 699 1143 Vſque ſequens noſtros momenta per omnia ductus.
704 1146 761 1168 Non
506 1147 558 1166 A
