872 1312
305 80 526 103 AEALMI.
75 118 576 150 Sic, quibus in ſiccis Lybies errantibus aruis
75 149 555 179 Peſliferos dentes impreſſit tabificus ſeps,
75 174 657 209 Diſſilit vſta cutis, caro defluit, oſſa liqueſcunt,
74 208 561 239 Nec ſupereſt vllum vitâ fugiente cadauer.
136 234 749 267 Non pilus eſt non plum a mihi non ſquama, cutiſue,
75 258 609 295 Deniquenon vllo unitum tegmine corpus:
75 295 563 326 Aduerſus tamen algores imperdita duro,
75 326 606 354 Et tantum rapidus victam m conficit æſtus;
74 354 565 383 Diſperdat quamuis multa ſauſſima clade
75 383 654 411 Noſtrum bruma genus, conſcruet amicior æſtas.
75 413 563 441 Aſt vbi contracto temp ſtas horrida cœlo
75 440 663 472 Turbine præciiti ventorum, atque in bribus atris
75 470 636 501 In me armata ruit, non deſunt tunc mea coentta
75 501 610 529 Atma mihi, radiis lenge abſiſtentibns ardens
75 530 562 558 Cuſpis, & ignita, Vulconia dona, ſagittæ.
75 558 600 589 Sunt etiam ad tales ſcmper præſentia pugnas
75 587 665 618 Auxilia adiutrixque manus, quæ prima capeſſens
75 617 607 651 Prælia ſuſtineat; poſt hæ., ſi bella trahantur,
86 648 515 676 Fortia præpand at latis tentoria velis.
75 670 599 704 ſo. Quæ ſi nec validæ poſſint vim fer eprocellæ,
75 705 547 732 Ecce ſuprema meæ ſpes & tutela ſalutis,
74 732 596 763 Candida perſpicuo turris circumdeta muro,
75 763 592 792 Seſe aperit tandem ſeptiſque inui at amicis
75 792 578 821 Carceris .olii, quo non exercitus omnis,
75 821 657 851 Nuon nimbis commxta poteſt itrumpere grando.
75 851 639 880 Dædaleæ mirum artis opus, lucetque, latetque,
75 880 653 910 Intra ſe quodcumque capit, non merſus vt amne
75 910 563 938 Calculus, aut imâ porrectus piſcis arenâ;
75 940 578 968 Peruia quos cerni pariter contoque feriri
75 966 612 997 Vnda ſinit: liquidis multohæc telicior vndis,
75 997 565 1025 Exludit nocuos admiſſo lumine tactus.
75 1025 573 1052 Nec ſtat fixa ſolo, celſis vt montibus arces
75 1053 648 1086 Impoſitæ, mecum graditur, mt cumque quieſcit,
75 1082 640 1114 Deprimitur mecum, mecumque attollitur vna,
89 1113 699 1143 Vſque ſequens noſtros momenta per omnia ductus.
704 1146 761 1168 Non
