<?xml version="1.0" encoding="UTF-8" standalone="no"?><PcGts xmlns="http://schema.primaresearch.org/PAGE/gts/pagecontent/2019-07-15" xmlns:xsi="http://www.w3.org/2001/XMLSchema-instance" xsi:schemaLocation="http://schema.primaresearch.org/PAGE/gts/pagecontent/2019-07-15 http://schema.primaresearch.org/PAGE/gts/pagecontent/2019-07-15/pagecontent.xsd"><Metadata><Creator/><Created>2022-04-07T14:12:34</Created><LastChange>1970-01-01T00:00:00</LastChange><Comments/></Metadata><Page imageFilename="0026.png" imageHeight="1312" imageWidth="872"><TextRegion id="r1" orientation="0.0" type="paragraph"><Coords points="1,1 870,1 870,1310 1,1310"/><TextLine id="l1"><Coords points="304,75 304,98 553,98 553,75"/><TextEquiv><Unicode/></TextEquiv><TextEquiv index="1"><Unicode>LVDOVICI</Unicode></TextEquiv></TextLine><TextLine id="l2"><Coords points="612,140 612,112 111,112 111,141 590,141"/><TextEquiv><Unicode/></TextEquiv><TextEquiv index="1"><Unicode>Non ſecus ac facili per prata virentia flexu,</Unicode></TextEquiv></TextLine><TextLine id="l3"><Coords points="631,170 631,142 412,141 364,143 205,143 112,145 112,171 359,171"/><TextEquiv><Unicode/></TextEquiv><TextEquiv index="1"><Unicode>Aut fruticum ramos, aut lentæ brachia vitis,</Unicode></TextEquiv></TextLine><TextLine id="l4"><Coords points="617,171 360,171 158,174 112,173 112,199 617,199"/><TextEquiv><Unicode/></TextEquiv><TextEquiv index="1"><Unicode>Roris alumna ſuum vectat teſtudo tigillum.</Unicode></TextEquiv></TextLine><TextLine id="l5"><Coords points="688,199 630,199 626,201 373,201 214,203 151,203 113,201 113,229 117,230 447,230 531,228 589,230 688,230"/><TextEquiv><Unicode/></TextEquiv><TextEquiv index="1"><Unicode>Vel potius quid enim magnis compono puſilla?</Unicode></TextEquiv></TextLine><TextLine id="l6"><Coords points="592,231 588,230 531,229 447,231 115,230 115,258 592,258"/><TextEquiv><Unicode/></TextEquiv><TextEquiv index="1"><Unicode>Non ſecus ac cœco producta milite paſſu</Unicode></TextEquiv></TextLine><TextLine id="l7"><Coords points="115,259 115,288 592,288 592,259"/><TextEquiv><Unicode/></TextEquiv><TextEquiv index="1"><Unicode>Vinea, contemptis vltro ſubit obuia telis,</Unicode></TextEquiv></TextLine><TextLine id="l8"><Coords points="591,289 114,289 114,318 591,318"/><TextEquiv><Unicode/></TextEquiv><TextEquiv index="1"><Unicode>Iniectaſq; trabes &amp; grandia ſaxa repellens</Unicode></TextEquiv></TextLine><TextLine id="l9"><Coords points="606,319 492,320 421,318 393,320 125,319 114,320 114,347 606,347"/><TextEquiv><Unicode/></TextEquiv><TextEquiv index="1"><Unicode>Admouet illæſum muris hoſtilibus agmen.</Unicode></TextEquiv></TextLine><TextLine id="l10"><Coords points="116,348 116,376 690,376 690,348"/><TextEquiv><Unicode/></TextEquiv><TextEquiv index="1"><Unicode>Hanc ſubiens, mecumq; mouens, in prælia turrim,</Unicode></TextEquiv></TextLine><TextLine id="l11"><Coords points="115,377 115,406 642,406 642,377"/><TextEquiv><Unicode/></TextEquiv><TextEquiv index="1"><Unicode>Huc obuertor &amp; huc, claraq; fauente latebrâ,</Unicode></TextEquiv></TextLine><TextLine id="l12"><Coords points="605,408 116,407 116,434 605,434"/><TextEquiv><Unicode/></TextEquiv><TextEquiv index="1"><Unicode>Spicula curuato torquens ardentia cornu;</Unicode></TextEquiv></TextLine><TextLine id="l13"><Coords points="635,437 341,437 287,435 181,436 124,434 117,435 117,464 635,465"/><TextEquiv><Unicode/></TextEquiv><TextEquiv index="1"><Unicode>Obſtantes diſturbo globos, atq; agmine facto</Unicode></TextEquiv></TextLine><TextLine id="l14"><Coords points="676,466 115,466 115,491 203,493 676,493"/><TextEquiv><Unicode/></TextEquiv><TextEquiv index="1"><Unicode>In mea nequicquam circum vndiq; tecta ruentes</Unicode></TextEquiv></TextLine><TextLine id="l15"><Coords points="574,496 559,495 259,495 202,493 116,493 116,521 288,523 574,523"/><TextEquiv><Unicode/></TextEquiv><TextEquiv index="1"><Unicode>Hoſtiles furias, inimicaq; tela retundo.</Unicode></TextEquiv></TextLine><TextLine id="l16"><Coords points="623,522 605,525 116,522 116,550 267,552 623,552"/><TextEquiv><Unicode/></TextEquiv><TextEquiv index="1"><Unicode>Quid mirum? ſæuos acies cum noſtra leones</Unicode></TextEquiv></TextLine><TextLine id="l17"><Coords points="115,554 115,582 598,582 598,554"/><TextEquiv><Unicode/></TextEquiv><TextEquiv index="1"><Unicode>Terreat, &amp; tantum cogat torpere furorem.</Unicode></TextEquiv></TextLine><TextLine id="l18"><Coords points="775,583 138,583 138,607 163,609 265,609 313,611 397,609 417,609 427,611 775,611"/><TextEquiv><Unicode/></TextEquiv><TextEquiv index="1"><Unicode>Trunca pedum, manuumq;, ac tantum vertice ſummo</Unicode></TextEquiv></TextLine><TextLine id="l19"><Coords points="714,615 710,614 561,614 533,612 426,611 114,611 114,637 120,638 238,638 307,640 542,642 714,642"/><TextEquiv><Unicode/></TextEquiv><TextEquiv index="1"><Unicode>Vnum oculum voluens, Cyclopum vt ſanguinis vna,</Unicode></TextEquiv></TextLine><TextLine id="l20"><Coords points="645,644 581,644 541,642 307,641 238,639 115,639 115,667 645,668"/><TextEquiv><Unicode/></TextEquiv><TextEquiv index="1"><Unicode>Si tamen abfuero, non te pes, nec manus, vllo</Unicode></TextEquiv></TextLine><TextLine id="l21"><Coords points="643,673 424,672 367,670 274,670 232,668 114,668 114,696 376,700 643,700"/><TextEquiv><Unicode/></TextEquiv><TextEquiv index="1"><Unicode>Iuuerit ofcio; gemini quoque luminis orbes</Unicode></TextEquiv></TextLine><TextLine id="l22"><Coords points="600,703 510,701 268,700 114,697 114,724 122,725 289,726 328,728 600,728"/><TextEquiv><Unicode/></TextEquiv><TextEquiv index="1"><Unicode>Luce ſuâ vitæ mediâ plus parte, carebunt:</Unicode></TextEquiv></TextLine><TextLine id="l23"><Coords points="650,727 643,727 639,730 631,732 595,732 465,729 328,729 289,727 112,726 113,753 374,756 449,759 650,759"/><TextEquiv><Unicode/></TextEquiv><TextEquiv index="1"><Unicode>Imo adeo totam, quam longa eſt, ordine vitam</Unicode></TextEquiv></TextLine><TextLine id="l24"><Coords points="670,762 449,760 374,757 290,757 243,755 111,755 111,782 118,783 670,783"/><TextEquiv><Unicode/></TextEquiv><TextEquiv index="1"><Unicode>Dirigo, &amp; ad ſummam deduco â carcere metam:</Unicode></TextEquiv></TextLine><TextLine id="l25"><Coords points="694,792 588,792 512,789 430,789 242,785 110,785 110,811 123,812 233,814 247,816 350,815 414,816 443,818 694,818"/><TextEquiv><Unicode/></TextEquiv><TextEquiv index="1"><Unicode>Præuia cum primam nouus adſpicis aduena lucem,</Unicode></TextEquiv></TextLine><TextLine id="l26"><Coords points="657,822 480,820 350,816 247,817 233,815 201,814 109,814 109,839 124,840 478,847 657,847"/><TextEquiv><Unicode/></TextEquiv><TextEquiv index="1"><Unicode>Et comes, extremo dum conderis vſq; ſepulcro,</Unicode></TextEquiv></TextLine><TextLine id="l27"><Coords points="653,851 640,850 552,850 477,847 226,844 200,842 109,842 109,869 123,870 239,871 256,873 383,875 653,875"/><TextEquiv><Unicode/></TextEquiv><TextEquiv index="1"><Unicode>Geſtamenque tuæ, vtroque in tempore, dextræ.</Unicode></TextEquiv></TextLine><TextLine id="l28"><Coords points="639,880 536,879 467,876 256,874 239,872 107,872 107,899 505,907 639,907"/><TextEquiv><Unicode/></TextEquiv><TextEquiv index="1"><Unicode>Hinc, nihil eſſe bonis cœptum tibi fidere poſſis</Unicode></TextEquiv></TextLine><TextLine id="l29"><Coords points="638,910 579,910 504,907 107,900 107,927 116,929 277,931 505,937 638,937"/><TextEquiv><Unicode/></TextEquiv><TextEquiv index="1"><Unicode>Auſpiciis, quæ non duce me captauerit augur</Unicode></TextEquiv></TextLine><TextLine id="l30"><Coords points="666,939 584,940 550,938 441,937 409,935 316,934 277,932 105,931 105,955 108,956 481,965 667,965"/><TextEquiv><Unicode/></TextEquiv><TextEquiv index="1"><Unicode>Haud vanum eſſe probet viſæ quo præpetis omen</Unicode></TextEquiv></TextLine><TextLine id="l31"><Coords points="638,969 551,968 480,965 419,965 376,963 322,963 257,960 104,958 104,984 114,985 140,985 149,987 170,988 228,988 294,991 365,992 638,992"/><TextEquiv><Unicode/></TextEquiv><TextEquiv index="1"><Unicode>Noſter rectus apex, nullaque inflexus ab aurâ.</Unicode></TextEquiv></TextLine><TextLine id="l32"><Coords points="650,999 364,992 294,992 228,989 103,988 103,1014 108,1015 289,1018 342,1021 390,1021 417,1023 458,1023 537,1026 650,1026"/><TextEquiv><Unicode/></TextEquiv><TextEquiv index="1"><Unicode>Multa eiiam per me, deſint vt præpes, &amp; oſcen,</Unicode></TextEquiv></TextLine><TextLine id="l33"><Coords points="614,1029 611,1028 417,1024 390,1022 342,1022 289,1019 103,1018 103,1043 113,1044 243,1047 287,1050 390,1051 465,1054 614,1054"/><TextEquiv><Unicode/></TextEquiv><TextEquiv index="1"><Unicode>Do præſcire tibi, &amp; certis cognoſcere ſignis:</Unicode></TextEquiv></TextLine><TextLine id="l34"><Coords points="628,1058 537,1057 390,1052 287,1051 243,1048 101,1048 101,1071 112,1071 133,1074 237,1075 359,1080 388,1079 408,1081 508,1082 568,1085 628,1085"/><TextEquiv><Unicode/></TextEquiv><TextEquiv index="1"><Unicode>Vt tempeſtates varias, friguſque, caloremque,</Unicode></TextEquiv></TextLine><TextLine id="l35"><Coords points="708,1084 685,1083 681,1086 673,1088 657,1088 593,1087 508,1083 439,1083 388,1080 359,1081 237,1076 101,1076 101,1101 109,1102 231,1107 303,1107 374,1110 549,1113 645,1118 708,1118"/><TextEquiv><Unicode/></TextEquiv><TextEquiv index="1"><Unicode>Et ventum, &amp; pluuiam, &amp; ſemper mutabilecœlum.</Unicode></TextEquiv></TextLine><TextLine id="l36"><Coords points="724,1120 645,1119 549,1114 374,1111 303,1108 231,1108 204,1106 101,1106 101,1138 464,1147 724,1147"/><TextEquiv><Unicode/></TextEquiv><TextEquiv index="1"><Unicode>Cætera quis nariet numetet quis commoda, qudrum</Unicode></TextEquiv></TextLine><TextLine id="l37"><Coords points="687,1150 687,1173 796,1173 796,1150"/><TextEquiv><Unicode/></TextEquiv><TextEquiv index="1"><Unicode>Auctor</Unicode></TextEquiv></TextLine><TextEquiv><Unicode/></TextEquiv></TextRegion></Page></PcGts>