872 1312
304 75 553 98 LVDOVICI
111 112 612 141 Non ſecus ac facili per prata virentia flexu,
112 141 631 171 Aut fruticum ramos, aut lentæ brachia vitis,
112 171 617 199 Roris alumna ſuum vectat teſtudo tigillum.
113 199 688 230 Vel potius quid enim magnis compono puſilla?
115 229 592 258 Non ſecus ac cœco producta milite paſſu
115 259 592 288 Vinea, contemptis vltro ſubit obuia telis,
114 289 591 318 Iniectaſq; trabes & grandia ſaxa repellens
114 318 606 347 Admouet illæſum muris hoſtilibus agmen.
116 348 690 376 Hanc ſubiens, mecumq; mouens, in prælia turrim,
115 377 642 406 Huc obuertor & huc, claraq; fauente latebrâ,
116 407 605 434 Spicula curuato torquens ardentia cornu;
117 434 635 465 Obſtantes diſturbo globos, atq; agmine facto
115 466 676 493 In mea nequicquam circum vndiq; tecta ruentes
116 493 574 523 Hoſtiles furias, inimicaq; tela retundo.
116 522 623 552 Quid mirum? ſæuos acies cum noſtra leones
115 554 598 582 Terreat, & tantum cogat torpere furorem.
138 583 775 611 Trunca pedum, manuumq;, ac tantum vertice ſummo
114 611 714 642 Vnum oculum voluens, Cyclopum vt ſanguinis vna,
115 639 645 668 Si tamen abfuero, non te pes, nec manus, vllo
114 668 643 700 Iuuerit ofcio; gemini quoque luminis orbes
114 697 600 728 Luce ſuâ vitæ mediâ plus parte, carebunt:
112 726 650 759 Imo adeo totam, quam longa eſt, ordine vitam
111 755 670 783 Dirigo, & ad ſummam deduco â carcere metam:
110 785 694 818 Præuia cum primam nouus adſpicis aduena lucem,
109 814 657 847 Et comes, extremo dum conderis vſq; ſepulcro,
109 842 653 875 Geſtamenque tuæ, vtroque in tempore, dextræ.
107 872 639 907 Hinc, nihil eſſe bonis cœptum tibi fidere poſſis
107 900 638 937 Auſpiciis, quæ non duce me captauerit augur
105 931 667 965 Haud vanum eſſe probet viſæ quo præpetis omen
104 958 638 992 Noſter rectus apex, nullaque inflexus ab aurâ.
103 988 650 1026 Multa eiiam per me, deſint vt præpes, & oſcen,
103 1018 614 1054 Do præſcire tibi, & certis cognoſcere ſignis:
101 1048 628 1085 Vt tempeſtates varias, friguſque, caloremque,
101 1076 708 1118 Et ventum, & pluuiam, & ſemper mutabilecœlum.
101 1106 724 1147 Cætera quis nariet numetet quis commoda, qudrum
687 1150 830 1173 Auctor
753 1256 850 1288 ,
