<?xml version="1.0" encoding="UTF-8" standalone="no"?><PcGts xmlns="http://schema.primaresearch.org/PAGE/gts/pagecontent/2019-07-15" xmlns:xsi="http://www.w3.org/2001/XMLSchema-instance" xsi:schemaLocation="http://schema.primaresearch.org/PAGE/gts/pagecontent/2019-07-15 http://schema.primaresearch.org/PAGE/gts/pagecontent/2019-07-15/pagecontent.xsd"><Metadata><Creator/><Created>2022-04-07T14:13:05</Created><LastChange>1970-01-01T00:00:00</LastChange><Comments/></Metadata><Page imageFilename="0027.png" imageHeight="1312" imageWidth="872"><TextRegion id="r1" orientation="0.0" type="paragraph"><Coords points="1,1 870,1 870,1310 1,1310"/><TextLine id="l1"><Coords points="536,77 450,77 449,81 403,80 350,79 347,78 318,77 318,100 536,100"/><TextEquiv><Unicode/></TextEquiv><TextEquiv index="1"><Unicode>ALALM.</Unicode></TextEquiv></TextLine><TextLine id="l2"><Coords points="627,113 83,113 83,141 202,143 627,143"/><TextEquiv><Unicode/></TextEquiv><TextEquiv index="1"><Unicode>Auctor ego? Ignauos pello de pectore ſomnos,</Unicode></TextEquiv></TextLine><TextLine id="l3"><Coords points="526,147 515,146 87,143 87,170 214,173 526,174"/><TextEquiv><Unicode/></TextEquiv><TextEquiv index="1"><Unicode>Inſidias retego, vanis terroribus obſto,</Unicode></TextEquiv></TextLine><TextLine id="l4"><Coords points="671,174 584,174 582,176 574,178 357,174 86,174 86,199 99,200 289,203 397,203 517,207 671,207"/><TextEquiv><Unicode/></TextEquiv><TextEquiv index="1"><Unicode>Non errarevia, aut labi, aut impingere, quiſquam</Unicode></TextEquiv></TextLine><TextLine id="l5"><Coords points="670,209 546,209 397,204 85,202 85,228 98,229 507,234 527,236 670,236"/><TextEquiv><Unicode/></TextEquiv><TextEquiv index="1"><Unicode>Megreſſum moderante, poteſt; non ſi obuia rupes</Unicode></TextEquiv></TextLine><TextLine id="l6"><Coords points="498,235 212,231 84,231 84,257 172,260 312,262 498,262"/><TextEquiv><Unicode/></TextEquiv><TextEquiv index="1"><Unicode>Foſſaue fallaci veſtigia captet hiatu:</Unicode></TextEquiv></TextLine><TextLine id="l7"><Coords points="618,261 542,261 536,264 312,263 236,261 71,261 71,288 373,292 618,292"/><TextEquiv><Unicode/></TextEquiv><TextEquiv index="1"><Unicode>Nec tutas tantum terias, ſed &amp; æquora præſto,</Unicode></TextEquiv></TextLine><TextLine id="l8"><Coords points="583,295 293,291 82,290 82,317 97,318 171,320 348,320 392,322 583,322"/><TextEquiv><Unicode/></TextEquiv><TextEquiv index="1"><Unicode>Ignotum per iter, ſub nocte vagantibus atrâ</Unicode></TextEquiv></TextLine><TextLine id="l9"><Coords points="635,325 446,324 348,321 228,320 171,321 131,319 83,319 83,347 133,347 180,349 340,349 493,352 635,352"/><TextEquiv><Unicode/></TextEquiv><TextEquiv index="1"><Unicode>Nauibus, excelſo monſtrans a culmine portum.</Unicode></TextEquiv></TextLine><TextLine id="l10"><Coords points="617,355 340,350 81,350 81,375 117,375 166,378 341,378 446,381 617,381"/><TextEquiv><Unicode/></TextEquiv><TextEquiv index="1"><Unicode>Ac ne opera dubites noſtrâ tu quiſquis es vti,</Unicode></TextEquiv></TextLine><TextLine id="l11"><Coords points="600,384 594,383 446,382 341,379 166,379 143,377 82,377 82,404 86,405 128,405 211,408 600,409"/><TextEquiv><Unicode/></TextEquiv><TextEquiv index="1"><Unicode>Sim licet imperio, &amp; magna ditione potentes</Unicode></TextEquiv></TextLine><TextLine id="l12"><Coords points="516,412 468,410 80,407 80,433 95,434 149,436 516,436"/><TextEquiv><Unicode/></TextEquiv><TextEquiv index="1"><Unicode>Reginas inter longe clariſſima, &amp; alts</Unicode></TextEquiv></TextLine><TextLine id="l13"><Coords points="612,437 577,437 572,440 566,441 422,440 417,441 361,439 242,439 208,437 79,436 79,462 100,464 344,468 612,468"/><TextEquiv><Unicode/></TextEquiv><TextEquiv index="1"><Unicode>Effulgens ſolio, vincam ſplendoribus omnes,</Unicode></TextEquiv></TextLine><TextLine id="l14"><Coords points="645,473 599,473 494,469 344,469 271,467 78,466 78,492 85,493 156,493 248,496 645,496"/><TextEquiv><Unicode/></TextEquiv><TextEquiv index="1"><Unicode>Non me magnarum tamen ambitioſa domorum</Unicode></TextEquiv></TextLine><TextLine id="l15"><Coords points="637,502 625,501 524,499 400,499 362,497 80,497 80,521 292,526 637,526"/><TextEquiv><Unicode/></TextEquiv><TextEquiv index="1"><Unicode>Ornamenta magis, quam pauperis horrida tecti</Unicode></TextEquiv></TextLine><TextLine id="l16"><Coords points="598,531 586,530 292,527 193,524 77,524 77,551 176,554 319,554 392,557 598,557"/><TextEquiv><Unicode/></TextEquiv><TextEquiv index="1"><Unicode>Hoſpitia alliciunt; humiles nec ſegnius ædes,</Unicode></TextEquiv></TextLine><TextLine id="l17"><Coords points="557,560 554,559 392,558 319,555 176,555 142,553 79,553 79,582 108,581 295,584 557,584"/><TextEquiv><Unicode/></TextEquiv><TextEquiv index="1"><Unicode>Quâm ſubeo celſis faſtigia nixa columnis,</Unicode></TextEquiv></TextLine><TextLine id="l18"><Coords points="480,586 356,586 108,582 76,583 76,609 480,609"/><TextEquiv><Unicode/></TextEquiv><TextEquiv index="1"><Unicode>Et paſſim fuluiradiis illuſa metalli:</Unicode></TextEquiv></TextLine><TextLine id="l19"><Coords points="599,612 524,612 517,615 472,616 378,615 339,613 76,611 76,638 89,639 286,641 409,644 499,644 599,647"/><TextEquiv><Unicode/></TextEquiv><TextEquiv index="1"><Unicode>Sed prono &amp; facili cunctos amplexa fauore,</Unicode></TextEquiv></TextLine><TextLine id="l20"><Coords points="600,648 499,645 409,645 286,642 76,641 76,667 104,669 304,672 600,672"/><TextEquiv><Unicode/></TextEquiv><TextEquiv index="1"><Unicode>Huc feror atque illuc, nullo diſcrimine ſortis,</Unicode></TextEquiv></TextLine><TextLine id="l21"><Coords points="594,677 230,671 137,671 76,669 76,702 83,698 115,698 157,700 321,702 594,703"/><TextEquiv><Unicode/></TextEquiv><TextEquiv index="1"><Unicode>Obſequioque pari, venio quocumque vocata.</Unicode></TextEquiv></TextLine><TextLine id="l22"><Coords points="599,706 433,703 132,701 132,728 134,729 286,729 599,733"/><TextEquiv><Unicode/></TextEquiv><TextEquiv index="1"><Unicode>Regales perſæpe aulas, ſublimis in auro,</Unicode></TextEquiv></TextLine><TextLine id="l23"><Coords points="579,734 398,731 134,730 110,728 74,728 74,757 209,758 249,760 579,762"/><TextEquiv><Unicode/></TextEquiv><TextEquiv index="1"><Unicode>Vt pia quæ ſacrâ geſtantur Numina pompâ,</Unicode></TextEquiv></TextLine><TextLine id="l24"><Coords points="564,764 501,764 403,761 73,760 73,787 194,787 236,789 340,789 395,791 564,793"/><TextEquiv><Unicode/></TextEquiv><TextEquiv index="1"><Unicode>Aut quæ captiuas procul oſtentantia garas</Unicode></TextEquiv></TextLine><TextLine id="l25"><Coords points="575,794 395,792 340,790 236,790 194,788 73,788 73,815 176,816 242,819 575,821"/><TextEquiv><Unicode/></TextEquiv><TextEquiv index="1"><Unicode>Ante duces lætis portantur vaſa triumphis;</Unicode></TextEquiv></TextLine><TextLine id="l26"><Coords points="547,823 344,820 242,820 176,817 70,817 70,843 77,844 133,846 548,846"/><TextEquiv><Unicode/></TextEquiv><TextEquiv index="1"><Unicode>Interdum &amp; faciem fucata coloribus illis,</Unicode></TextEquiv></TextLine><TextLine id="l27"><Coords points="73,848 73,877 585,877 585,848"/><TextEquiv><Unicode/></TextEquiv><TextEquiv index="1"><Unicode>Quos caua concipiunt aduerſo nubila ſole,</Unicode></TextEquiv></TextLine><TextLine id="l28"><Coords points="584,882 373,879 273,880 212,877 71,877 71,903 81,904 207,906 243,908 584,908"/><TextEquiv><Unicode/></TextEquiv><TextEquiv index="1"><Unicode>Altera ceu delapſa polo Thaumantias, intro:</Unicode></TextEquiv></TextLine><TextLine id="l29"><Coords points="577,912 486,910 425,911 318,908 243,909 162,906 70,906 70,934 210,936 243,938 358,937 434,939 577,939"/><TextEquiv><Unicode/></TextEquiv><TextEquiv index="1"><Unicode>Præcipue tunc cum Fabii feſta annua Reges,</Unicode></TextEquiv></TextLine><TextLine id="l30"><Coords points="562,942 358,938 243,939 210,937 70,936 70,963 157,963 273,967 372,966 407,968 562,968"/><TextEquiv><Unicode/></TextEquiv><TextEquiv index="1"><Unicode>Appoſitis celebrant epulis, &amp; nectare largo</Unicode></TextEquiv></TextLine><TextLine id="l31"><Coords points="571,971 407,969 372,967 273,968 185,965 69,965 69,991 571,991"/><TextEquiv><Unicode/></TextEquiv><TextEquiv index="1"><Unicode>Inuitant ſocios lætum ad Pæana canendum.</Unicode></TextEquiv></TextLine><TextLine id="l32"><Coords points="548,1000 68,994 68,1021 82,1023 332,1027 548,1027"/><TextEquiv><Unicode/></TextEquiv><TextEquiv index="1"><Unicode>Intranti dat turba locum lateque recedit.</Unicode></TextEquiv></TextLine><TextLine id="l33"><Coords points="576,1030 569,1031 497,1029 375,1029 331,1027 220,1027 106,1025 69,1023 69,1052 96,1052 139,1055 225,1056 576,1056"/><TextEquiv><Unicode/></TextEquiv><TextEquiv index="1"><Unicode>Ipla, caput nimbo effulgens, gratiſſima viſu</Unicode></TextEquiv></TextLine><TextLine id="l34"><Coords points="560,1060 468,1058 365,1059 308,1057 68,1055 68,1079 82,1079 89,1081 114,1083 560,1084"/><TextEquiv><Unicode/></TextEquiv><TextEquiv index="1"><Unicode>Procedo in medios, illicque admiſſa reſido</Unicode></TextEquiv></TextLine><TextLine id="l35"><Coords points="646,1085 621,1085 614,1089 603,1090 551,1090 402,1088 356,1086 67,1084 67,1110 77,1111 159,1113 646,1113"/><TextEquiv><Unicode/></TextEquiv><TextEquiv index="1"><Unicode>Magno cum applauſu &amp; lætantis murmure cœtus.</Unicode></TextEquiv></TextLine><TextLine id="l36"><Coords points="619,1121 419,1117 277,1116 272,1117 107,1112 64,1112 64,1148 78,1150 376,1150 432,1147 502,1148 521,1150 619,1150"/><TextEquiv><Unicode/></TextEquiv><TextEquiv index="1"><Unicode>Qipp illos tam noſtra iuuat præſentia, tamque</Unicode></TextEquiv></TextLine><TextLine id="l37"><Coords points="649,1147 649,1178 749,1178 749,1147"/><TextEquiv><Unicode/></TextEquiv><TextEquiv index="1"><Unicode>Expeti-</Unicode></TextEquiv></TextLine><TextEquiv><Unicode/></TextEquiv></TextRegion></Page></PcGts>