872 1312
318 77 536 100 ALALM.
83 113 627 143 Auctor ego? Ignauos pello de pectore ſomnos,
87 143 526 174 Inſidias retego, vanis terroribus obſto,
86 174 671 207 Non errarevia, aut labi, aut impingere, quiſquam
85 202 670 236 Megreſſum moderante, poteſt; non ſi obuia rupes
84 231 498 262 Foſſaue fallaci veſtigia captet hiatu:
71 261 618 292 Nec tutas tantum terias, ſed & æquora præſto,
82 290 583 322 Ignotum per iter, ſub nocte vagantibus atrâ
83 319 635 352 Nauibus, excelſo monſtrans a culmine portum.
81 350 617 381 Ac ne opera dubites noſtrâ tu quiſquis es vti,
82 377 600 409 Sim licet imperio, & magna ditione potentes
80 407 516 436 Reginas inter longe clariſſima, & alts
79 436 626 468 Effulgens ſolio, vincam ſplendoribus omnes,
78 466 645 496 Non me magnarum tamen ambitioſa domorum
80 497 637 526 Ornamenta magis, quam pauperis horrida tecti
77 524 598 557 Hoſpitia alliciunt; humiles nec ſegnius ædes,
79 553 557 584 Quâm ſubeo celſis faſtigia nixa columnis,
76 582 480 609 Et paſſim fuluiradiis illuſa metalli:
76 611 599 647 Sed prono & facili cunctos amplexa fauore,
76 641 600 672 Huc feror atque illuc, nullo diſcrimine ſortis,
76 669 594 703 Obſequioque pari, venio quocumque vocata.
132 701 599 733 Regales perſæpe aulas, ſublimis in auro,
74 728 579 762 Vt pia quæ ſacrâ geſtantur Numina pompâ,
73 760 564 793 Aut quæ captiuas procul oſtentantia garas
73 788 575 821 Ante duces lætis portantur vaſa triumphis;
70 817 548 846 Interdum & faciem fucata coloribus illis,
73 848 672 877 Quos caua concipiunt aduerſo nubila ſole,
71 877 584 908 Altera ceu delapſa polo Thaumantias, intro:
70 906 577 939 Præcipue tunc cum Fabii feſta annua Reges,
70 936 562 968 Appoſitis celebrant epulis, & nectare largo
69 965 571 991 Inuitant ſocios lætum ad Pæana canendum.
68 994 548 1027 Intranti dat turba locum lateque recedit.
69 1023 576 1056 Ipla, caput nimbo effulgens, gratiſſima viſu
68 1055 560 1084 Procedo in medios, illicque admiſſa reſido
67 1084 646 1113 Magno cum applauſu & lætantis murmure cœtus.
36 1112 619 1150 Qipp illos tam noſtra iuuat præſentia, tamque
649 1147 749 1178 Expeti-
419 1151 469 1174 A
