872 1312
332 79 576 103 LVDOVICI
116 116 652 148 Experitur cunctis, vt non ſit omnibus vllus
119 146 594 175 St rex ille licet, vel m iior Rege poteſtas,
119 173 666 208 Oii mrhi præcipuis non cedat honoribus vltr
120 205 583 235 Et ſedem med is patiatur ponere menſis
120 237 553 266 Velatis tenui lino, qnod pectinis atte
118 265 524 293 Illuſit variis texentum cura figuris.:
123 292 703 326 Quodque licet gelidæ rigeant ſola frigore brumæ
122 324 597 352 Vere velut medo roſeos adſpirat odores.
121 354 672 379 Hinc velut Inachiæ cuſtos bouis, ante retroque
122 381 703 413 Proſpiciens, circum eirca vnd que ſingula magnæ
124 415 645 440 Ornamenta aulæ. non moto copore, cerno,
123 442 618 472 Aulæa & veſtes oſtroque auroque rigentes,
124 472 627 500 Inſtratoſque toros molli de ſtamine Serum,
124 500 613 528 Murice fulgenti Tyrio pulcroſque tapetas.
126 528 674 559 BIrbara quos variauit acu Nilotide Memphis,
124 558 607 588 Pictaque cum viuis certantia vultibus ora:
124 586 657 616 Quæque abaco radiant argentea & anrea vaſa,
126 616 676 644 Artificum cælata manu & multum aſpera ſignis;
125 646 700 676 Lucentemque focum quæ pars non vltima celtus.
126 676 649 704 Sæpe eti am magna comitum ſtipante caterua
126 706 622 734 Subue hor excelſi pulchra ad laquearia tecti
125 734 622 764 Ramoſo pendens in pegmate, qualia rubris
124 764 673 793 mula coraliis, habenoque & dentibus Indis,
124 793 625 822 Ad ſteriles cliuos & paruæ teſqua Crotellæ.
125 823 627 849 Pictonici nobis concinnant Alcimedontes;
125 851 684 882 Artifices magni, quorum ingenioque manuque
124 882 557 910 Et circumduct i doctâ vertigine torni,
828 886 870 906 t
126 911 600 941 Octo faginei ſimili cum principe, fratres,
125 941 660 969 Orbiculoque ſuo ſimili quoque pyxide clauſi,
126 970 620 1000 Si trutinæ examen ſubeant & pyxs, & ipſi,
124 1000 705 1031 Frumenti exiguum non æquent pondere granum,
124 1028 665 1059 Inde. vt qui celſo deſpectat ab aggere campum,
125 1057 705 1090 Deſpicio cœnas procerum accubituſque ſuperbos
124 1087 634 1121 Aureis in ſtratis, inter matreſque nuruſque,
120 1116 568 1149 ectora,crinales ſpiras, & lactea colla;
746 1152 830 1184 Eois
753 1262 848 1289 ;
