872 1312
313 73 530 95 AAMI.
84 109 512 142 Eois tectas opibus, cultuſque profuſi
84 139 598 169 Mole laborantes, & gemmis mille colorum,
84 168 635 199 Noſtra repercuſſis geminantes fulgura flammis,
84 198 587 229 Et proprium pætis iaculantes fulgnr ocellis.
88 226 696 258 Necnon & famulûm vulgus, turbamque miniſtram
84 257 613 287 Ferculæ portantem, & pateris lpumartia vina,
84 287 598 318 Omnia colluſtrans, ne quo peccetut in actu,
84 316 577 345 Neu manus dubiâ captans obſonia lanee
84 346 569 376 Erret, & ipſa tuum ludat deluſa palatum.
84 376 646 405 Inde vbi pulſa fames epulis. menſæque remotæ,
83 405 555 435 Et iam læta choris indix t tibia ſignum,
84 433 676 464 Iam cyrharæ querulis modulantur carmina neruis,
83 464 616 493 Iamque eatenatim manibus per mutua nexis
84 493 603 523 Longa iuuentutis, ſexu alternante, chorea,
96 523 581 550 Mille per implicitos turbat veſtigia flcxus,
99 552 583 583 Dictæi efingens tcctum irremeabile tauri,
84 579 699 610 Iam plauſuſque pedum, & ſubiecto corpore ſaltus,
99 610 600 638 Et caua quos mittit raucos perſona ſuſurros
99 639 595 668 Et clari toto reſonantes ſplene cachinni,
98 668 667 697 Inſanos miſcens ſtrepitus, quibus ampla reſultant
99 698 626 726 Atria, & alta ſuper tecti conuexa tremiſcunt
100 727 651 758 Tunc ſuus vt nocti conſtet decor, ecubat omni
101 756 710 786 Noſtra caterua loco, atque oculos per ſinula voluit,
102 786 609 815 Sobria ne cæcam fugiat reuerentia tuibaim,
101 816 669 845 Neu pudor abſcedat, neu confundantur hronores.
160 844 749 875 Nec minus agreſteſque caſas, inopum quetabcrnas
102 874 656 903 Artificum, rectum â curuo vt dignoſcere poſſiat,
102 905 596 933 Ingredior, tenues non dedignata paratus:
81 934 642 962 Menſa licet pedibus male fulta vacillet iniquis,
104 962 545 990 Vix vt ſuppoſitâ poſſit conſiſtere teſtâ,
105 993 658 1022 Sitque adeo tam curta licet, tam nulla ſupellex,
103 1021 552 1051 Vt deſit quâ ſuſcioiar, vel lignea ſedes,
105 1051 615 1078 Sed paries pro ſede mihi ſuccurrat inuectus.
163 1079 697 1110 Quin ipſi ſua ſæpe mihi Dii templa recludunt,
103 1107 623 1143 Et ſociam arcanis gaudent adiungere ſacris;
702 1139 779 1164 Inſon
