872 1312
335 68 574 91 LVDOVICI
112 106 575 131 Inſontis rector ſccli Saturnus & auctor,
119 135 710 166 Veſta potens, & Flora, Cereſque, paterque Lyæus
120 166 634 193 Et Bona femineis tantum Dea culta cateruis,
120 196 598 225 Et non ille vagis orbem qui peruolat alis,
123 225 657 254 Sed fidei conſtantis Amor, qui caſta pudicis
123 253 651 282 Iungit corda toris, vincliſque iugalibus arcet;
122 283 618 313 Et quicumque Deus ſacris operatur in illis,
122 312 696 342 Conciliator Hymen, & pronuba Iuno, Chariſqu,
122 343 633 371 Talia tergemino conſtringens fœdera nexu
115 371 614 394 Et totidem fuſis bona nentes omina Parcæ.
120 400 595 426 Aonides etiam caſtiſſima turba, ſorores,
122 430 620 459 Si quando grauidis demiſſi nubibus imbres,
122 461 663 489 Sub Ioue nocturnas prohibent agitare ehoreas,
121 489 631 519 Mecum Pierio vigilant ad plectra, ſub antro.
120 518 665 548 Me Sophlæ genetrix capitiſque medulla paterni
121 547 611 579 Pectinis & radii præſes operoſa Minerua;
120 575 619 606 Cum ſtudiis intenta ſuis, geminoque labori,
122 605 655 637 Et calathi & plutei diuerſa volumina verſat,
119 635 717 665 Secum habet, atque ſuam præ me aſpernatur oliuam,
117 663 544 694 Vilis vt inuentâ glans faſtiitur ariſtâ.
116 693 674 723 Quid veneranda Dice, Magni Iouis altera proles?
115 721 617 753 Voſque ſacerdotes caſti, quibus illa miniſtris
114 750 616 783 Dicere iura ſolet? non veſtris ſæpius adſum
115 781 617 810 Conciliis? vel cum myſtarum maximus ille
114 811 501 841 Cclius, int xtos regal flore tapetas
111 840 701 872 Comprimit ante diem gelidæ per tempora brumæ;
109 867 665 904 Et longo Patrum latus ordine ſeptus vtrumque,
111 898 597 932 Sedat bella fori, clamoſaque iurgia placat,
108 928 637 961 Dum tectus trabes, dictat placita aurea, rubrâ.
105 955 621 994 Ipie ſed ante alios cœli clariſſimus ignis,
105 985 624 1021 Sol oculus mundi, fons luminis, & pater æui
103 1014 667 1048 Sidrei dux iexque chori, magis omnibus vnam
101 1044 616 1077 Deorit, atqu omnes vni poſiponit amuores,
98 1073 799 1120 Due,, lnenemq; atq; OebalidemHvacinthum.
93 1104 680 1141 I uu aaii c i ii ſiiullc coronam,
700 1146 781 1176 Ferre
