872 1312
296 74 513 94 AEALMI.
59 110 593 139 Ferre dedit, capitiſque ſui vſurpare decorem.
59 139 565 169 IIle ſuas dat obire vices, dat munere fungi
58 170 595 198 Subſtituitque ſibi, vel cum ſuus auocat illum
58 198 575 227 In diuerſa labor, vel equis iuga demere laſſis
59 229 634 256 Tempus, & alternam monet indulgere quietem
59 255 612 287 Ille ctiam ex æquo partitur tempora mecum,
66 287 586 316 Interdumque mihi iuſtâ plus parte relinquit,
59 316 593 345 Et loca adire ſinit, queis non admittitur ipie.
68 346 721 374 Nam quem alium ſolem, aut quæ norunt ſydera manes ?
124 374 646 403 Ipſa quoque arcanæ regnatrix candida noctis,
59 403 628 433 Quæ triplici facie totidem ſe in Numina vertit,
59 433 591 464 Non ægre & donis & honoribus annuit iſtis,
59 462 532 491 In partemque ſui recipit Latonia ſceptri
59 491 570 521 Quin ſæpe & totis regni mihi cedit habenis,
59 521 593 548 Cum velut extinctâ ſilet inter menſtrua luee,
59 550 546 580 Aut latet amplexu Stygii reſoluta mariti,
59 580 576 608 Sed quid ego Diuos cœlique ingentia iacto
59 608 609 637 Sidera amica mihi, rebuſque fauentia noſtris?
67 637 684 667 Cum nuſquam immenſi penetret mens ignea mundi,
59 667 573 696 Quamliet anguſtos ſeſe demittat in artus,
59 697 591 725 Quo ſimul & noſtri ſenſus non intret amoris?
59 725 629 756 Nonne vides inſecta, quibus ſub corpore paruo,
58 755 529 785 Natuta æthereæ tanto plus addidit auræ,
59 784 587 813 Terrenæ quanto fæcis minus, vt ſimul atque
59 814 557 843 Exorior tectis, faciemque ſerena decoram
59 842 564 874 Exhibeo, & lætos oculi radiantis honores,
59 873 565 903 Aduolitent inuiſa prius, gyroque frequenti
63 902 572 931 Luſtratam, multâ cum relligione ſalutent?
58 931 556 962 Inde vbi luſtrando collectæ audacia creuit,
59 958 561 990 Oſcula præripiant, raptâ licet aſpera barba;
59 990 607 1018 Nec damno turbata illo, aut abſterrita cedant,
59 1019 555 1050 Sed maiore etiam correpta cupidine, charo
59 1049 540 1078 Inuolui properent amplexu, donec in illo
59 1075 712 1114 m Conſumpta intereant. lucemquein luce relinquant?
59 1109 611 1137 Sicqnonam audaci ſtiulos addente iuuenta,
651 1141 730 1166 Icarus,
