872 1312
349 68 589 90 LVDOVICI
124 103 628 136 Icarus, & Plëthon, perierunt Solis amore.
134 136 671 165 Sic perit omnis amans ipſo quem deperit igne.
134 167 695 195 Contemplator item cutricem montis Hymerti,
135 196 687 225 Qu, regere imnerio populos, & bella mouere,
134 224 607 252 Et pacem ſerua e & Ddala figeretecta,
135 252 735 283 Haud temere vlla hominum mel:us ſolertia poſſit
136 283 565 311 Seruiat vt nbi, indefeſſoque laoore
135 313 591 342 Peruolt. tſyluas & ſlorea rura peragret,
136 342 706 369 In noſtra innuimeros dum quærit pabula ſuccos.
138 370 719 400 Rurſum illam ſpecta faculam; quæ lucet in herbâ
138 399 695 428 Et mod compreſſis, modo ſe pandentibus alis,
139 430 730 460 Alternat noctem atque diem, & ſtellante volatu
139 459 751 489 Admonet agricolam, cunctantemque increpat vltrd,
141 488 667 518 Qu matura meti, quæ ſpargi ſemina poſcant,
141 516 584 545 Sydera ne ſit opus terra ſeruare relictâ:
142 546 667 577 Vt noſtri velut vna gregis, mea corpore geſtet
142 575 707 605 Signa ſuo, gaudens, noſtriſque ex iltet in armis.
141 604 668 635 Et dubitabis adhuc cunctis praponere rebus,
141 634 692 666 Delitias hominum communes, atque Deorum,
140 663 686 695 llius & totum hunc agitat qui ſpiritus oroem?
201 695 695 723 At Venus, Atlantiſque nepos odore, ſuis vt
140 721 720 753 Aduerſam furtis, Lemurum vaga turba nocentum
144 752 659 781 Odit, & occurſu trepidat ſe condere noſtro.
141 781 753 810 Vque adeo nuſquam Numen fauet omnibus omne ?
140 810 724 843 Sed bona dum faueant, facilis iactura malorum eſt.
200 841 723 875 Concubitus fateor nobis ignota voluptas:
139 869 651 899 Dum Cytherea ſuas hac pœna vlciſcitur iras.
139 897 659 933 Pœna ſed o felix nixus ſic namque dolores
139 928 600 962 Ignoti nobis, qui fonte oriuntur ab illo.
140 958 671 991 At Veneris meliora illa haud incognita nobis
141 986 712 1023 Præmia ſunt, nati & longiſſimus ordo nepotum:
142 1015 699 1051 Ouippe licet nolit, multumque obſiſtere tentet,
142 1045 613 1080 Atque ſua in nobis violari iura queratur.
142 1074 659 1110 Innumeros fœtus, libata per oſcula tantum,
142 1104 686 1145 Seminexhauſto ſemper, ſemperque parato,
678 1148 814 1186 Progenero
