872 1312
252 71 507 94 AEAAMI
29 107 570 143 Progenero, arioq; ſimul, mittoq, ſub auras,
5 138 523 174 Inſpiq; animas, & lucis munere dono:
32 169 577 201 Vnde alij rurſus numero maiore creantur,
31 195 592 230 Exillisq, dii, vt iam iamq; inſtantibus vmbris
64 226 571 257 Sera rubens quoties accendit lumina Veſper
66 255 554 283 Noſtra ex aduerſo ſe diffundente per vrbes
66 285 546 318 Progenie, latis longo velut ordine campis
36 315 517 348 Expandit legio fulgentes ære cohortes;
70 343 591 374 Terra ſuperba, meæ tot cernens illia gentis,
71 373 604 405 Speret poſſe ſuis cœlum ipſum vincere turnis.
70 397 653 435 Tunc quoq; cum pigro præcidere tempora ſomno-
72 434 607 463 Oceanoq; diem brumâ tardante morantem
1 461 545 493 Ad maturinos iuuat anticipare labores;
73 489 608 520 Par fœtura mihi & numeroſæ gloria prolis,
37 520 499 552 In roſeis donec procedens lutea bigis
34 549 526 577 Tithoni coniux, cœio diſperſa ſoloque,
78 579 523 607 Maiori inuecto to ſidera ſidere pellat:
36 607 554 640 Heſperus occaſu ſic ſum tibi; lucifer ortu.
108 634 646 667 Quid,quod nec ſine me Cypris ſua regna tueri,
77 665 636 697 Nec bene rem gerere illius qui caſtra ſequuntur,
80 693 651 725 Multa vt non ſubeant & magna pericula poſſunt?
80 725 525 754 Senſit Abydenus duce deficiente fideli
79 753 590 785 Phryxeis oppreſſus aquis, Faunusq; bicornis
1 780 735 813 elNon bene Mæoniam dum quærit in Hercule nymphaa
83 814 515 843 Afflictus terræ validi mucrone lacerti.
39 841 606 870 Sentit & hoc ſtratis furtim cum nupta relictis
39 873 607 903 Sub medium noctis, dudum ſtertente marito,
39 902 540 932 Surgit, & acceptas a corruptore tabellas
36 931 584 961 Promit, vt alternis reſpondeat ipſa tabellis:
39 958 642 990 Ipſamet hoc ſenſit cum Martem amplexa cubili,
86 990 576 1019 Turpiter obſcuris iacuit conſtr cta catenis,
87 1019 596 1050 Quæ non obſcuræ me deprendente fuiſſent.
37 1048 660 1083 Deniq; me dempta, licet arcum & tela relinquas,
86 1080 644 1109 Parte ex dimidiâ puerum exarmaris Amorem
116 1108 581 1143 Nec magis ipſe ſuas ales Cyllenius artes
690 1135 755 1165 Eet-
1 1148 44 1177 us
