872 1312
354 67 599 91 LVDOVIC
139 104 680 134 Exercet ſine me, neque furuæ turba Lauernæ:
140 134 638 163 Siue per hybernas auido certamine noctes,
141 163 632 186 Oſſicula in cubos iactentur ſecta minutos,
140 193 679 223 Seu pictæ Regum tractentur imagine chartæ:
139 223 707 252 Profluuium cenſus, plenarum horrenda vorago
137 251 716 281 Arcarum, & ſolida abſorbens patrimonia gurges
139 280 614 309 Siue quibus præbent alienæ pabula lites,
137 309 627 340 In ſomni ſtudio, quaſtu fallente laborem,
137 341 650 367 Verborum pedicas, & fraudum retia texunt,
136 369 625 400 Retia væ miſero tantum inſidioſa clienti
135 397 630 429 Siue tenaſcentis ſeruat qui tempora Lunæ,
134 426 605 457 Infami ſolitus nummi pingueſcere paſtu,
133 456 617 485 Lucida cum medio voluunrur ſidera lapſu,
133 484 609 514 Appoſita euoluens nutante diaria mento,
132 515 623 541 Maturum a crudo ſecernit nomine nomen,
134 544 666 574 Sponitque reos; vel quorum pignora vendat,
133 572 646 605 Quoſue die dictâ vocet ad populare tribunal,
131 601 633 631 Atque ibi dainnatos petaſato a iudice, ſæuis
131 631 649 662 Mancipet addictos vinclis, & carcere claudat;
129 659 615 690 Ni fuga, vel ſæuos præuortat ceſſio nodos,
130 689 563 718 Siue ſu obſcuro deſerti fornicis antro
127 719 676 753 Autbus ex ſectis tempus populatus vtrumque,
128 748 662 783 Tergaque tergimini compunctus imagine ſaxi,
125 778 600 814 Notus & antiquus turgentis ſector alutæ,
125 805 665 840 Qu ſitam in titbâ, iuguli iſcrimine, prædam
123 834 603 872 Diuidit in ſocios, & partem ſumit ab illis.
124 864 587 902 Seu cum ſignati temerator paliidus auri,
121 893 617 926 Nris & argenti, penetralibus abditus imis
121 922 624 960 Subiectæ laribus cellæ, quam ianua duplex
119 951 684 989 Duplexque appenſum cuncta ad ſpiracula velum
119 981 645 1022 Claudit, ibi nullo, me præter, teſte recepto,
117 1011 582 1046 Sacratos ſurdo contundit verbere vultus
116 1041 638 1084 Henrici & Carli, cinctorum tempora lauro,
115 1069 701 1115 Necnon magnanimi amborum genitoris auique,
114 1099 640 1137 Ocoupat immenlo qui tota nuimata naſo.
667 1146 805 1172 Addamns
