872 1312
270 71 523 93 AALMI
37 100 554 139 Addamne impuros cœtus, inceſtaq; ſacra;
39 139 551 170 Carminaq; & terris & vim facientia cœlo,
40 169 598 199 Herbarumq; omni collecta ex monte venena,
40 197 603 232 Currentesq; retro magica vertigine rhombos,
41 227 535 257 Liciaq; arcano Venerem nectentia nodo,
39 256 550 286 Et raptas crucibus reſtes, mœſtasq; relictis
37 285 528 315 Excitas buſtis animas, & mutua vtrimq;
38 310 629 345 Colloquia, humanas quoties ſubuertere mentes
39 345 576 371 Obſcœtæ :neditantur anus, aut ipſa necare
38 374 612 403 Corpota, iamdudum longo excruciata dolore
37 403 563 433 Cerea cum effigies pœnis addicta nefandis,
20 432 632 462 Nunc terebratur acu, nunc noſtro afflata vapore
19 462 524 491 Totis guttatim memibris efſuſa liquatur,
39 490 523 519 Abſentis ſim li conſumens viſcera tabe?
36 520 649 551 Omnia quæ quamuis me coram adſtante gerantur,
39 550 598 579 Haud latdante tamen, quin ſi qua exire liceret,
39 579 588 608 Mature arriperet, facerem ſua pœna nocentes.
34 607 611 638 Sed quid agam eaptiua, aut cnius ſum rea culpæ,
41 637 598 666 Si ſanctorum operum & virtutis nata miniſtra,
33 665 626 698 Improbitate hominum damnatos vertor ad vſus?
39 697 514 725 Illa ipſa e cœlo fulgens Titania lampas,
12 724 611 757 Quâ melius natura nihil, nec ſanctius vnquam
40 756 494 779 Ecœco rerum ſcrutans eduxit aceruo,
39 783 704 816 Quot ſcelerum portenta videt? quot monſtra malorum
40 813 649 844 Quæ quia non prohibet, nunquid conſentit & illis?
40 843 586 874 Obruit illa quidem properatâ nocte Mycenas,
31 873 484 903 Amedio regreſſa die, ne dira Thyeſtæ
2 900 569 932 Prandia,& infandæ ſpectaret fercnla menſæ:
40 932 547 962 Aſt eadem recto ſpectauit lumine Thebas;
27 960 631 991 Et regem, heu, miſerum nati mucrone cadentem
28 990 593 1022 Et cum matre toros, & mutua vulnera ſratrum,
26 1021 503 1053 Diuiſisq; rogis iras poſt fata manentes:
25 1050 529 1079 Terea quinetiam vidit cui turpibus auſis,
13 1077 593 1111 INec tu prætuleris pœnarum horrore Thyeſten.
36 1107 561 1143 Sciicet æteri inulgentia Numinis hæc cſt,
655 1139 710 1160 Non
1 1144 41 1184 u
