872 1312
296 81 583 110 t.VDOVICI
125 88 164 119 a
112 104 869 153 Non quemquam ſuperat dum vita bonumve, malumve
832 133 869 162 l
124 150 649 177 Muneribus fraudare ſuis, nec rura bonorum
126 179 653 212 Quam mala patrantum pluuiâ meliore rigare,
126 209 634 239 Aut puro claroq; magis luſtrare ſereno,
802 220 868 253 u
127 239 620 263 Dilato in ſeram vitarum examine mortem.
128 266 732 297 Hanc igitur reuerente: habe, nec quo bona more
128 296 662 327 Pars hominum peccat diuini muneris vſum
130 321 751 355 Ad bona conceſſum, ad praua ineonceſſaq; transfer:
132 354 658 384 Sed pius & prudens poteris ſic plura mereri
131 385 614 416 Qu licet & fas eſt, cœleſtibus vtere donis.
164 400 869 445 Nunc age quandoquidem cunctis ab origine prim
135 444 700 474 Sunt ſua iuncta bonis incommoda, fortior ex quo
134 474 582 502 Iuppiter eripuit meliori regna parenti,
136 503 551 530 Aureaq; æratis mutauit ſecula ſeclis,
136 532 600 562 Immiſſis acuens curis mortalia corda
138 561 649 589 Ne bona dum frueris, non & contraria vites;
139 590 684 617 Quæ ſit cura tibi me circum adhibenda docebo.
141 619 593 650 Eſt mihi vipereo dirus de ſemine crinis,
137 650 631 678 Gorgonei capitis cunctis præſentius hydris,
133 677 661 707 Eumenidumq; comis,expirans ore venenum,
140 707 652 738 Impiger hunc bifidâ demeſſum falce necato,
141 736 593 763 Aut digitis multa medicatis ante ſaliuâ,
143 764 728 795 A.guibus hc mors eſt truncato interfce collo
142 794 700 827 Auulſumq; caput nam ſic quoq; ſæpe rebellat
143 824 688 853 Carcere ferrato compeſce, aut calce ſubactum
143 851 680 885 Obtere, vel penitus flagranti immerge camino.
144 880 569 913 Ni facies, teter nares inuadet apertas
145 913 646 939 Qippe odor, & ſimo bilem teſtabere vultu.
145 941 758 972 Nec ſemel hunc iugulaſſe ſat eſt: nam vt bellua Lernæ
144 969 631 1004 Vulneribus creſcens ipſum, ſi dicere fas eſt,
144 999 635 1032 Terruit Alciden, rediuiuaq; prlia mouit;
144 1027 583 1055 Sic vno crine abſciſlo non deficit alter
145 1058 625 1088 Tetrio & ſimili conſpurcat tecta veneno.
147 1087 691 1121 Ergo animis ſemper, ferroque, manuq; paratus,
148 1114 688 1152 Quot ſeſe cxtulerint, tot dece ſedulus hdros.
769 1149 835 1187 Nee
726 1257 860 1285 ,
