872 1312
282 79 500 101 ALALM
1 112 640 144 uum Nec minus hæc inter circumſpice, ne qua deerrans
45 143 505 171 Excidat incauto diri tibi gutta veneni,
44 172 559 205 Fomite quæ cœco furtim celata, nec vllis
44 200 620 232 Derecta indiciis, longo poſt tempore, cum iam
44 230 546 263 Nil minus epectes, ſpargat contagia late.
1 259 576 287 Sæpe malum hoc poti damnoſa incuria ſerui
45 288 539 320 Intulit aut altis ſœnilibus, aut etiam ipſis
10 318 598 348 Cornipedum ſtabulis, vbi paſlim ſtercore fuſo
46 347 685 380 Pingue ſolum, & multo conſperſum ſtramine, gratâ
47 375 581 407 Peſtiferum gramen nutritq; fouetq; latebrâ.
1 405 494 437 i Vidiego, cum tali vicinia territa caſu,
72 435 662 469 Omni ope conſumptâ, graſſantem ſiſtore peſtem
42 464 640 497 Tota laboraret nequicquam; quippe per omne
45 491 598 525 Regnabat dudum tecti latus, ipſaq; demum
43 523 599 554 Culmina traiiciens, penetrarat in aëra victnix,
42 551 588 582 Funeſam effundens piceâ caligine nubem
27 581 529 613 At miſeri interea crudeli morte iugales,
44 609 591 642 Vaſto cum gemitu, præſepia ad ipſa peribant;
43 639 674 671 Spectaclum haud gram domino, cum pelle peresâ,
44 668 545 695 Stillantes artus, & membra fluentia tabo
41 696 568 726 Cerneret & laceros detectis oſſibus atmos.
38 726 617 756 Tu quoq; fac cures, dum noxi monſtra recidis,
40 755 572 786 Ne noſira incautum ſtringat vitalia vulnus,
42 785 565 815 Ne vitam ſimul eripias, neu lutea circum
40 814 526 845 Exſudet ſanies, quæ per decliuia labens,
44 842 589 872 Deformem longo deducat flumine tiuum
45 872 569 902 Infecta haud raro Babylonica ſordibus iſtis
42 900 589 934 Vidimus, & ſpaiſas inhoneſto glutine veſtes.
1 931 576 966 Quod ſi me aut ferri temeraria plaga retuſi,
78 961 574 992 Aut indocta manus, ferro nec mollior ipſo,
40 990 527 1021 Aut alius quiuis ſpoliarit lumine caſus,
45 1019 573 1052 Vt ſæpe irrumpens funeſtæ ſpiritus auræ
43 1046 549 1079 Ne longum ereptæ patiar diſpendia vitæ,
39 1078 597 1107 Neu tibi longa grauis moueat faſtidia fœtor,
42 1107 650 1141 Eia age, dum quis adhuc calido de vulnere manat
678 1142 743 1171 Spi-
