872 1312
314 73 594 99 LVDOVICI
127 111 615 145 Spiritus, & tenuis nubecula ſurgit in auras
127 139 577 176 Cœruleum ducens exili ſtamine filum,
126 170 568 198 Accelerent facito vicinæ labra ſororis,
128 196 690 234 Quæ tantum extremo ſua iungant oſcula filo.
127 226 691 263 Hic ſubitum & dictu cernes mirabile monſtrum,
127 257 643 288 Ex alienâ animâ, partem velut enſe reſectam,
129 287 601 318 Cœrula librari per ſtamina præpete lapſu
127 317 611 346 Ad noſtri nondum figentia vulneris ora,
128 344 656 378 Hinc penetrare meas expulsâ morte medullas.
130 375 575 408 Sic agilis ſeſe per tenſos nauta rudentes
128 404 610 434 Subiicit ex imo ſumma ad carcheſia malo,
128 432 676 463 Defilit a ſummis ſic rurſum ad tranſtra ceruchis.
128 464 603 494 His olim ſignisatq; hæc exempla ſequuti,
128 493 669 524 Magnus Ariſtoreles, & qui audiuere docentem,
127 523 608 549 Viderunt tenues terrâ cxhalante vapores
126 551 619 580 Efferri ſurſum, & medium ſuper aëra vectos
126 580 627 611 Ignibus æthereis comprendi, & nocte ſerenâ
126 610 624 639 Flammarum longos a tergo ducere tractus,
127 637 637 670 Stellarumq; inſtar nobis præbere entum.
126 670 633 699 Nec ratione alia cum incanduit ira Deorum,
124 700 631 729 Noctiuagesq; faces, dirosq; ardere cometas,
124 729 610 759 Et flograre trabes, & depugnare Dracones;
123 758 620 787 Haſtasque, clypeosque, & inani dolia fundo
123 787 682 820 Splendere, & magno diſcindi chaſmate cœlum?
123 818 631 845 Sæpius & meipſam hæc inter miracula cerni,
121 846 633 875 Lucentem late, & claro fulgore micantem:
121 875 649 905 Omina quæ magnis ſem per luit empta ruinis,
119 905 680 935 Aut populo Princeps, aut caſſum Principe vulgus.
149 935 743 964 Quod ſupereſt vnum te illud præq, omnibus vnum,
111 964 714 993 Et moneo, & repetens iterumq; iterumq; monebo;
118 992 753 1024 Cum tu cmnem noſtrum humorem, iam fine ſupremo
115 1022 616 1052 Videris exhauſtm longeuæ in pabula vitæ;
116 1052 651 1081 Ne tibi, quæ milets, veiat tam ſpurca cupido,
115 1081 576 1113 Nei vlisteneat dunni tam ſordida cura
111 1109 636 1141 Infimus vt nſtro luperans e coore conus,
751 1147 838 1179 In
