872 1312
72 104 479 143 In ſubterfuſo defixa cuſpide viſco,
72 142 537 173 Pendeat erectus, ſublimis margine ſedis
72 171 613 201 Turbinis in ſpeciem, dum ſcilicet ægra caducæ
72 202 629 231 Siirps titubans animæ, conſumpto fomite toto,
72 231 559 262 Atbor vt effoſsâ radicitus vndiq; terrâ
72 261 573 288 Corruat & noſtrâ ſuperincumbente ruinâ,
81 291 546 321 Inuoluat trepidos cœco terrore penates.
81 321 588 349 Multo etiam, multoq; magis, patiare caueto,
83 350 629 379 Quod pigri ignauiq; ſolent me peſte ſequaci
81 379 620 409 Funditus eſfuſam, propriaq; in tabe natantem,
79 408 625 439 Ipſum intra, quo clauſa premor, cratera reſolui;
80 438 622 468 Singultantem animam magnis ſtridoribus, atq;
80 468 495 497 Exſputis alte vitalibus, exhalantem
78 497 618 526 Mature ſed mitte ſenem, emeritæq; nouellam
80 526 595 554 Subſtitue, & primæ florentem vere iuuentæ:
78 557 577 586 Longius ex alto partes ſic ſpargt in omnes
78 586 614 615 Splendorem noua vita ſuum pulcroq; nitore
77 615 664 644 Ridentem vibrans apicem, tremulumq; coruſcans,
77 643 558 669 Condita diſcuſſo recludet lumina ſomno,
78 674 581 703 Concutietq; nouo torpentia pectora motu,
73 703 543 732 Et lapſis animis ludosq; iocosq; reducet,
77 733 571 762 Sic quoq; non aliter, dirum euitare licebit,
64 761 562 790 Qnod ſeſe effundit noſtro de funere virus,
64 789 584 821 Virus, cui nullam poſſis conferre Mephitim,
65 819 551 850 Virus, quo grauius vitæq; nocentius, atris
65 849 525 879 Faucibus impuri non exhalatur Auerni.
65 879 737 912 Siſpis hinc fuge fœta procul; procul hinefuge, nam
65 908 595 939 Hauſeris imprudens aut ore, aut naribus illud
65 938 662 970 m,Orba prius quam mater eris: ſed quo feror amens?
65 967 563 999 Quo me Muſa rapis? volui ignorata latere,
65 998 644 1030 emoEt potui, dum pauca loquor; nunc plura retexens
65 1027 696 1059 Detegor, & quamquam illinguis, nec femina, nec mas,
65 1055 535 1091 Feminei virio generis, me garrula prodo.
193 1089 614 1118 Ex Audebertana Parthenopes latefundis,
294 1120 464 1152 Spieilegium.
