872 1312
354 82 602 106 VDOVICI
152 119 615 151 Si præclara orbis iuuat ornamenta tueri,
151 151 743 181 Pars quorum Aulonias illuſtrat maxima terras;
154 180 746 209 Poſt maris Adriaci ſurgentem fluctibus vrbem-
154 211 663 240 Et ſeptemgeminos cingentia mœnia colles,
155 240 669 268 Neptuni Martisq; domos, quas diuite chartâ
156 269 595 298 Expreſſas, noſtro faciles ſeruire poëtæ,
159 298 691 328 Omnibus, Aonides, quos Pegaſis educat vnda,
158 329 708 358 Floribus, & gemmis mille aſperſere colorum:
155 357 608 387 Eia age Sirenis priſco de nomine claros
161 387 600 415 Ne pigeat muros oculo luſtrare ſagaci.
164 416 726 446 Grata tulere quidem vacuæ oblectamina menti,
162 446 652 474 Iumani in medio viuentes æquore cœtus,
162 475 586 505 Et vada ſecuras tectis præbentia ſedes
163 504 761 533 Diuorumq; hominumq; iniectaq; vincla profundo
164 535 715 565 Pontibus innumeris, & ſtratis mille viarum
164 564 740 591 Non minus vt pedibus qum ſit ſuperabile remis;
165 593 676 622 Multum etiam Latiæ merito placuere ruinæ,
164 623 783 652 Templa trophæa, arcus, ci ci, amphitheatra, columnæs
169 652 647 682 Quæ ſitus & caries longâ exdere ſenectâ,
167 683 623 711 Quæq; occulta diu terra patuere refoſsâ,
168 710 731 736 Priſcæ artis ſimulacra, & ducti e marmore vultus,
166 740 612 771 Ipſis certantes ducentibus acra formis.
168 772 695 800 Sed neq; res Venetum, recto ſtans ardua talo,
169 800 793 832 Nec proſtrata iacens, & nunc ſibi Roma ſepulchrum
168 829 701 858 Tam ſunt digna tuos ſpectacula paſcere viſus;
170 858 713 890 Tyrrheni quam quæ perſunditur æquoris æſtu,
169 888 739 918 Lyrim inter Sarnumq amnes, pulcherrima tellus.
170 919 661 952 Natura exultantis opus, Campania felix;
169 946 725 980 Ipſaq; Parthenope, tua quæ o Acheloia virgo
169 976 739 1008 Et tua magne Maro gremio complectitur oſſas
169 1007 656 1037 Vi quorum occultâ, velutide ſemine iacto,
169 1037 744 1073 Denſa ſeges vatum ſeſe extulit omnibus annis;
169 1065 768 1101 Aut traducta aliunde ſinum confluxit ad illum,
167 1094 786 1134 Vtferrum ad lapidem geminas qui prolpicit Arctos.
170 1125 647 1155 Scilicet his ori, toto ; lolore cernes
768 1159 834 1192 Queis
