872 1312
331 90 548 112 ALALMI.
105 124 687 156 Queis maiora vſquam non fert miracula mundus;
103 156 615 187 Imm adeo toto quicquid mirabile mundo
90 184 604 217 Ceritur, hoc intra ſpatium Natura redegit.
90 215 637 245 Primaq; cunctarum genitalia ſemina rerum,
103 246 623 275 Quæ propriis digeſta locis ſecreuerat olim,
90 274 579 308 Atq; alterna aptis diſiunxerat interuallis,
101 304 624 334 Antiquam dirimens tali moderamine litem;
102 333 582 362 Hic vnes experta ſuas contraxit in vnum;
102 362 647 395 Frigida confundens calidis, atq; humida ſiccis,
102 393 638 424 H c madidiliquidis regnant in fontibus ignes,
101 421 630 452 Et fluidi latices flammis humentibus ardent;
103 452 681 483 Nec perit, aſſiduis quamuis vapor obrutus vndis,
102 480 581 513 Areſcitve liquor iugi conſumtus ab æſtu:
102 509 684 545 Præſto vt ſint cunctis ſemper medicamina morbia,
103 540 637 567 Non triſti ſucco, non ferro & vulnere, verum
103 570 617 599 Luxuriante ægro, quoſuis domitura dolores.
104 599 590 628 Concutit hic terras ſub terris conditus aër,
103 629 660 658 Nec tantum impoſitæ deſidunt chaſmate moles,
103 657 630 689 Sed, quod vix oculi poſſunt ſibi credere teſtes,
90 687 617 720 Planus vbi nuper fuit, & ſine tubere campus,
102 715 551 745 Ilic aërium cœlo ſe tollere montem,
102 745 589 781 Inq; aſtra audaci videas conſurgere gibbo
101 776 571 807 De cratere cauo ructant incendia cautes,
102 805 623 844 Saxaq; ſubiectos ſpargunt ambuſta per agros,
99 835 592 864 Et cinerum cumulis, miſtâ cadente fauilla,
101 862 571 892 Obducuut fœtas meſto cultore nouales.
98 892 567 926 Hic Phlegræus ager, pugnæ furialis arena
90 924 672 960 Terrigenum cum Cœlicolis; quacumq; pateſcit,
89 951 650 987 Ardet nunc etiam, & cœleſti ſulphure anhelans,
90 979 609 1018 Teſtatur viciſſe Iouem, demi osq; gantes
90 1007 630 1048 Hac tellure premi, fulmenq; effare receptum.
90 1040 659 1078 Inde forum, Vulcane, tuum. quod rupta caminis
90 1069 577 1103 Vndiq; circumſtant fumanti vextice ſaxa,
90 1100 648 1140 o Quorum flammiuomis nudi yclopes in antris
96 1130 596 1162 As DDii cuuuunt& tela Deis Tonanti.
718 1173 768 1193 ee
