872 1312
331 90 548 112 ALALMI.
746 98 772 117 D
105 124 687 156 Queis maiora vſquam non fert miracula mundus;
103 156 615 187 Imm adeo toto quicquid mirabile mundo
1 173 604 217 Ceritur, hoc intra ſpatium Natura redegit.
52 215 637 245 Primaq; cunctarum genitalia ſemina rerum,
103 246 623 275 Quæ propriis digeſta locis ſecreuerat olim,
52 274 579 308 Atq; alterna aptis diſiunxerat interuallis,
101 304 624 334 Antiquam dirimens tali moderamine litem;
102 333 582 362 Hic vnes experta ſuas contraxit in vnum;
102 362 647 395 Frigida confundens calidis, atq; humida ſiccis,
102 393 638 424 H c madidiliquidis regnant in fontibus ignes,
101 421 630 452 Et fluidi latices flammis humentibus ardent;
103 452 681 483 Nec perit, aſſiduis quamuis vapor obrutus vndis,
102 480 581 513 Areſcitve liquor iugi conſumtus ab æſtu:
1 497 53 521 ud
102 509 684 545 Præſto vt ſint cunctis ſemper medicamina morbia,
103 540 637 567 Non triſti ſucco, non ferro & vulnere, verum
1 556 52 595 is
103 570 617 599 Luxuriante ægro, quoſuis domitura dolores.
104 599 590 628 Concutit hic terras ſub terris conditus aër,
1 623 52 653 u
103 629 660 658 Nec tantum impoſitæ deſidunt chaſmate moles,
103 657 630 689 Sed, quod vix oculi poſſunt ſibi credere teſtes,
48 687 617 720 Planus vbi nuper fuit, & ſine tubere campus,
1 715 51 733 l
102 715 551 745 Ilic aërium cœlo ſe tollere montem,
102 745 589 781 Inq; aſtra audaci videas conſurgere gibbo
101 776 571 807 De cratere cauo ructant incendia cautes,
1 796 51 829 t
102 805 623 844 Saxaq; ſubiectos ſpargunt ambuſta per agros,
99 835 592 864 Et cinerum cumulis, miſtâ cadente fauilla,
101 862 571 892 Obducuut fœtas meſto cultore nouales.
1 895 51 924 u.
98 892 567 926 Hic Phlegræus ager, pugnæ furialis arena
47 924 672 960 Terrigenum cum Cœlicolis; quacumq; pateſcit,
1 946 650 987 Ardet nunc etiam, & cœleſti ſulphure anhelans,
1 980 609 1018 Teſtatur viciſſe Iouem, demi osq; gantes
47 1008 630 1048 Hac tellure premi, fulmenq; effare receptum.
18 1041 659 1078 Inde forum, Vulcane, tuum. quod rupta caminis
1 1069 577 1103 Vndiq; circumſtant fumanti vextice ſaxa,
1 1100 648 1140 o Quorum flammiuomis nudi yclopes in antris
96 1130 596 1162 As DDii cuuuunt& tela Deis Tonanti.
547 1170 608 1199 a
718 1173 768 1193 ee
