872 1312
323 72 602 100 LVDOVICI
124 91 152 108 o
125 110 600 142 Nec minus arcanis feruoribus æſtuat ille,
125 142 595 175 Exciſæ rupis ductus per viſcera, limes;
129 165 709 207 Quem ſimul ingrederis, quamuis velamina ponas,
127 200 581 233 Decurrit toto proruptus corpore ſudor,
130 226 675 260 Grandibus humectans guttis rorantia membra.
129 247 868 291 Hc fontem Phlegethonta, hic ſtagna Acheruſia, & omnes
131 287 641 322 Tartareas ſpectabis aquas, diuetſa modo te
133 318 685 350 Nomina non fallant, quæ Styx mutauit Auerno,
131 346 660 382 Illam impune ſuper quod nulla volauerit ales,
825 374 870 404 M
115 376 583 409 Maluit a magnis Cocytus ducere lucris,
134 406 623 441 Quod mare vicinum piſcatu vincat opimo.
134 437 604 470 Quin ipſos animus ſifert inuiſere manes,
134 466 679 499 Hic portam inuenies noctesq; diesq; patentem,
133 492 688 527 Deſcenſuq; viam facilem, ſimul antra, domumq;s
136 522 658 558 Quam viuax habitauit anus, prudensq; futuri
135 552 656 583 Venturas cui noſſe datum & prædicere ſortes.
826 586 870 611 I
134 583 601 613 Hic merſi tenebiis populi, regnataq; diro
135 613 596 644 Antiphati tellus, & quæ loca filia Solis
135 642 618 672 Incoluit Circe, cum cantibus atq; venenis,
133 670 652 703 In pecudum vultus homines migrare iubebat.
134 703 666 732 Ipſarum hie ſcopuli Sirenum dulce canentum,
136 731 587 758 Non iam difciles, aut vllis oſſibus albi:
137 760 631 793 Quæq; alia immenſo longis erroribus actus
127 787 677 822 Per duo luſtra mari, prudens conſpexit Vlyſſes;
135 822 679 849 Carminibusq; ſuis magnus cantauit Homerus.
134 844 747 879 Sed quid tam mirum, quâm quod mors, vitaq; iunctis
132 879 588 908 ic ſedes poſuere locis, & fœdere amico
135 908 658 939 Corpora quæ tetro ſpecus exanimauit odore,
133 939 596 968 Reſtituit vicina palus, an cætera dicam,
135 965 644 998 In quibus humanis ſenſit Natura lacertis,
133 998 604 1027 Erubuitq; ſuas non poſſe obſiſtere vires,
132 1026 729 1056 Pauſilypum in primis, ſeruorum vbi credere ſi fas
133 1058 663 1083 Ter decies millena manus, decies tribus annis,
132 1087 563 1116 Saxoſas longo rupes terebrauit hiatu,
131 1115 653 1151 Perfoſſumq; alto ſuſpendit fornice montem:
716 1144 837 1172 oecul-
765 1246 857 1276 t
