872 1312
290 79 512 100 AALMI
60 113 593 146 Occultam factura viam, quæ temneret olim
59 147 573 176 Et Phœbi radios, & aquoſæ Pleiadis imbres:
60 176 602 207 Et quæ Parthenopen longis ambagibus ante
59 207 547 237 Quærendam, rect deduceret obice rupto.
67 236 584 266 Succiſum quoq; Miſenum ab radicibus im is,
60 264 539 295 os niſi quod plures arcus, plures q; relictæ
60 296 549 325 Suſtentant pilæ tam vaſtæ pondera molis,
65 326 569 355 Aëre pendentem vacuo, licet alta ſuperſtans
59 355 609 384 Adiiciat graue turris onus, quæ nauibus olim
65 384 605 413 Per noctem, claro igne viam monſtrare ſolebat.
60 414 672 444 Nunc etiam æquoreis Prochytam deſpectat in vndis,
65 444 566 472 Inarimenque, feri buſtum exitiale Typhæi;
66 472 603 502 Infandum cuius caput, atq; immania membra
59 503 617 533 Degrauat incumbens, & cœli proterit hoſtem-
59 531 613 563 Vafri olim tenuere viri, centum inde cauatas
60 561 563 590 Rupe ſub aëria cameras, aditusq; malignos
67 590 566 620 Faucibus anguſtis ſubeuntes oſtia centum;
68 619 542 651 Piſcinamq; illam, tua erxes cura togate,
59 650 558 681 Audaci quam cœpto, admirandoq; labore,
69 679 500 704 Et ferro, & multi collatis viibus auri,
60 709 547 737 Exciſi in montis mediis penerralibus alt
68 737 533 768 Depreſſit, lateq; extendit marginis oras;
68 768 519 798 Inde Dicarcheo concretis puluere ſaxis
60 798 610 826 Muniit omne latus, pontumq; admittere iuſſit.
59 827 571 856 Et quid non auſit prineeps, rectorq; ſenatus
60 853 637 886 is Vrbis Romuleæ? aut quid non opulentia præſtet,
60 884 540 915 Ex Aſiæ regum ſpoliis collecta duorum
60 916 531 946 Quæ frænis parere ſuis elementa coëgit,
69 946 643 975 quoribus frangens terras, terrisq; profundum?
60 975 615 1004 An memorem ſtructos tanto molimine portus,
60 1005 635 1034 Nerea compeſcunt vbi Iulia clauſtra frementem,
60 1034 624 1065 Et freta fracta fretis miſcentur Auerna marinis?
60 1065 692 1094 An magnum a quarto conſtructum Cæſare pontem
71 1093 617 1124 Diſſita qui quondam lato maris æquore iunxit
60 1123 559 1154 Littora, vt exiguo diſtantes flumine ripas?
683 1155 747 1186 u-
