872 1312
287 69 504 93 A I.
1 100 540 137 ſut Italicos inter tantum Campania tractus
50 134 487 167 Emicat Italia Italiæ digniſſima dici.
51 164 610 198 Tu quoque Campanæ regina, Neapolis, oræ
1 196 654 228 Fœta atmis, differta viris, celeberrima portu,
51 224 661 258 Mercibus omnigenis plena, externisque, tuisque,
51 255 685 287 Clara Deim templis, domibusque exculta ſuperbis,
56 283 640 316 Turribus &muris inſtructa, atque arcibus altis,
54 313 541 346 Multidis diſſecta viis, & fonte perenni
55 343 507 373 Irrigua effuſis totâ qui leniter vndis
50 374 559 402 Vrbe meat labens & vicis omnibus errat,
53 403 550 434 Formoſæ regionis honos formoſior ipſa :
54 432 604 466 Quam tamen attonſa geminâ Permeſſide rip
52 463 592 491 Muſarumqueomni ſpoliato diuite mundo,
53 491 556 523 Diuine o vates, tot ſertis, totque corollis
56 521 622 552 Comis odoratis, pulcrisque monilibus ornas;
1 550 615 581 Sebethi vt merito veteres iam ſpernat amores,
82 579 599 611 Viſa ſibi hoc cultu vel Tyberi digna marito:
1 608 583 636 Vel cum ſulphureo Veſeui montis ab antro
53 640 638 669 Magno expirantes deſcribis turbine flammas,
55 668 600 699 Et tantos aperis moueat quæ cauſa vapores;
55 698 630 728 Non ſtolidi Empedoclis veſano more ſub imos
840 702 866 741 I
84 726 607 754 Deſiliens ſcopulos, ſed lumine mentis acuto
1 757 548 794 rIntimaperluſtrans arcanæ viſcera rupis.
1 786 535 823 ,poſitâ vel cum mitis pietate Seueri
56 816 549 847 Exgitas ſæui facinus crudele Neronis,
55 847 609 872 Et matrem in natum furiis vltricibus armas.
56 875 637 903 Aut vbi Commemoras Caſilini Caſſibus arctis
87 906 612 938 Quo ſeſe atque ſuos ſeruauerit Annibal aſtu:
53 936 605 965 Aut vbi depioras fatum Ciceronis acerbum,
85 964 693 998 Antoni Auguſtique nefas, patriæque pudendum
87 995 694 1027 Opproprium, & meritis male reddita præmia tantis.
85 1024 599 1056 Præcipue ſed vbi ſub opacâ fronte gementis
86 1054 581 1087 Luſciniæ carmen meliori carmine laudas,
1 1067 595 1114 Et canis ipſe melos Philomel dulcius ipsâ.
49 1111 665 1151 Quidni autem ? tua cum præſens dulciſſima Siren
496 1149 559 1175 B
696 1146 758 1175 Vcs
