872 1312
75 100 540 137 ſut Italicos inter tantum Campania tractus
75 136 487 167 Emicat Italia Italiæ digniſſima dici.
75 164 610 198 Tu quoque Campanæ regina, Neapolis, oræ
75 196 654 228 Fœta atmis, differta viris, celeberrima portu,
75 224 661 258 Mercibus omnigenis plena, externisque, tuisque,
75 255 685 287 Clara Deim templis, domibusque exculta ſuperbis,
75 283 640 316 Turribus &muris inſtructa, atque arcibus altis,
74 313 541 346 Multidis diſſecta viis, & fonte perenni
75 344 507 373 Irrigua effuſis totâ qui leniter vndis
75 373 559 402 Vrbe meat labens & vicis omnibus errat,
75 402 550 434 Formoſæ regionis honos formoſior ipſa :
75 432 604 466 Quam tamen attonſa geminâ Permeſſide rip
75 463 592 491 Muſarumqueomni ſpoliato diuite mundo,
75 491 556 523 Diuine o vates, tot ſertis, totque corollis
75 521 622 552 Comis odoratis, pulcrisque monilibus ornas;
74 550 615 581 Sebethi vt merito veteres iam ſpernat amores,
82 579 599 611 Viſa ſibi hoc cultu vel Tyberi digna marito:
75 608 583 636 Vel cum ſulphureo Veſeui montis ab antro
74 640 638 669 Magno expirantes deſcribis turbine flammas,
75 668 600 699 Et tantos aperis moueat quæ cauſa vapores;
75 698 630 728 Non ſtolidi Empedoclis veſano more ſub imos
84 726 607 754 Deſiliens ſcopulos, ſed lumine mentis acuto
75 757 548 790 rIntimaperluſtrans arcanæ viſcera rupis.
74 786 535 823 ,poſitâ vel cum mitis pietate Seueri
75 816 549 847 Exgitas ſæui facinus crudele Neronis,
75 847 609 872 Et matrem in natum furiis vltricibus armas.
75 875 637 903 Aut vbi Commemoras Caſilini Caſſibus arctis
87 906 612 938 Quo ſeſe atque ſuos ſeruauerit Annibal aſtu:
75 936 605 965 Aut vbi depioras fatum Ciceronis acerbum,
85 964 693 998 Antoni Auguſtique nefas, patriæque pudendum
87 995 694 1027 Opproprium, & meritis male reddita præmia tantis.
85 1024 599 1056 Præcipue ſed vbi ſub opacâ fronte gementis
86 1054 581 1087 Luſciniæ carmen meliori carmine laudas,
75 1081 595 1114 Et canis ipſe melos Philomel dulcius ipsâ.
74 1110 665 1151 Quidni autem ? tua cum præſens dulciſſima Siren
696 1146 758 1175 Vcs
