872 1312
291 73 544 96 LVDOVICI
119 112 596 141 Vicerit vna omnes mellitâ voce ſorores.
148 135 775 174 Magnanimi Heroes Francum decora inclyta gentis.
121 170 587 202 Externi quos imperii generoſa cupido
123 201 599 231 Sedibus abſtractos patriis Alpina ſubegit
123 230 696 260 Trans iuga transque alti canum caput Appennin,
123 260 636 289 Ardua Parthenopes ad mœnia ponere vitas,
124 288 677 319 Veſtra vt perpetuis legerentur nomina faſtis;
124 317 725 351 Tuque Rodolphe parens magni venerande Philippi,
124 349 587 377 Huraldm generis clariſſima gloria, ſi non
126 377 698 407 Clarius ex te ortum premeret tua lumina lumen:
126 407 590 436 Magna hæc ſint vobis triſtis ſolatia caſus.
126 438 639 467 Nam ſi Tyndaridis facies conſpecta Lacænæ
129 467 722 495 Cum thalamo egrediens lacrymanti lumine Scæas
128 496 655 525 Tenderet ad portas proceres viſura Pelasgos,
128 526 654 554 Atridemque ſuum Paridi pugnare parantem:
128 554 667 584 Emeritis Teucrum ducibus, ſenibusque ſeueris
129 584 683 613 Tantorum viſa eſt cauſa haud indigna malorum,
128 614 627 643 Et iam protracti duo per quinquennia belli:
131 642 744 672 Quis vos poſtquam huius ſplendorem aſpexerit vrbis
117 672 584 701 Viciniqueſoli cantatas carmine laudes,
129 702 650 731 Incuſaru auſit leuia & minus ampla ſequutos
129 731 614 761 Præmia, tam vaerii ſubiiſſe pericula Martis,
128 761 605 788 Nec toties pulſos potuiſſe obſiſtere ferro?
128 790 657 820 Nec tamen illorum proles fortiſſima patrum,
126 819 619 849 Egregii iuuenes Gallæ modo robora pubis,
127 848 678 878 Ne vos tam ſtimulis agat acribus æmula virtus,
126 877 665 907 Pulcræ aut vrbis amor conceptus abilice verſu,
125 906 587 939 Sæpe vt damnatas euentuiudice pugnas
124 937 666 967 Et male Diis gratum iuuet integrare laborem:
125 964 690 997 Talibus aduenient accommoda tempora cœptis,
117 994 657 1026 Cum bona fulgebunt reuolutis orbibus aſtra,
124 1024 603 1057 Et meliore ſitu ſeſe omnis ſtella reponet,
123 1053 574 1086 Res noſtras radiis illuſtratura benignis.
123 1082 635 1116 Tunc non ſola tuis vltro, mea Gallia, ſceptris
122 1111 602 1148 Subiiciet ſeſe pulcherrima Parthenopea:
725 1149 806 1176 ed
