872 1312
306 64 538 95 ALALMI.
39 100 582 130 Sed ſimul Inſubrûm clariſſima mœnia bello
3 124 540 162 iLanigeræ de pelle ſuis ducentia nomen.
39 160 742 192 Vrbsque potens Ligurum validæque in montibus axces
39 191 599 222 Littoraque, & portus & cum naualibus ipſis
39 223 554 250 Sub tua concedent inuictæ iura tiiremes:
43 249 686 281 Et quod adluc tanto quæſitum eſt ſanguine fruſtra,
39 282 505 313 Incipient Italis inoleſcere lilia terris:
1 312 674 339 Det modo ab æthereâ mundum qui temperat arce,
37 341 644 369 Inſignis tua quod pietas, H NRICE, meretur,
37 369 716 400 rENI princeps magnorum maxime regums
42 400 600 430 Vt quos ipſius reuerentia Numinis olim
42 430 549 458 Concordes vnâ ſub relligione tenebat,
1 460 561 481 Nuno mala commiſit varii diſcordia ritus
80 488 558 518 Depoſitis coeant odiis in fœdera rurſum,
40 517 645 546 Et priſcum repetant morem & communia ſacra.
43 548 635 578 Ne qua obſtet poſthac tempeſtas quominus ille
80 579 605 607 Ile tuus tam exoptatus tantisque bonorum,
40 607 591 636 Et miſeri votis populi precibusqæe vocatus
1 636 646 667 bExſiliat tandem ludatque per æquora Delphin:
82 667 671 696 Cuius in aduentum iam nune quæ carmina Parcæ
39 696 619 725 Digna canant meditantur, & albæ vellera lanæ
82 725 595 755 Seponunt calathis, vt claris Iæta triumphis
39 755 594 782 Sæcula ad æternos venturæ laudis honores
44 785 504 815 Verſatis agili deducant pollice fuſis,
44 815 543 843 Auerſos que animos delinitura tuorum;
42 843 609 873 Et cum diſſidiis morbos pulſura, famemque,
43 874 590 902 Aurea Pax celſo deſcendere geſtit Olympo.
123 904 708 935 Ad Ducem Patritiosque Venetos gratulatio, vb celetat
240 935 523 956 ab Audeberto Venetias.
39 963 588 993 Dicite Io mecum, cæloque intendite voces,
39 992 527 1021 Conſcia lætitig facturas ſidera noſtræ.
38 1023 712 1054 En tandem, tigidi quod adhuc cenſura parentis
37 1053 590 1083 Immerito a merita ſecluſum luce teneret,
40 1080 622 1112 Ipſe niſi indignans clauſtra effregiſſet Apollo,
35 1112 628 1143 Exit opus, noſtro quo nullum largius æuo
680 1140 761 1172 Com
478 1145 526 1169 B S
9 1146 87 1186 t
