872 1312
306 64 538 95 ALALMI.
75 100 582 130 Sed ſimul Inſubrûm clariſſima mœnia bello
75 131 540 162 iLanigeræ de pelle ſuis ducentia nomen.
75 160 742 192 Vrbsque potens Ligurum validæque in montibus axces
75 191 599 222 Littoraque, & portus & cum naualibus ipſis
75 223 554 250 Sub tua concedent inuictæ iura tiiremes:
75 249 686 281 Et quod adluc tanto quæſitum eſt ſanguine fruſtra,
75 282 505 311 Incipient Italis inoleſcere lilia terris:
75 312 674 339 Det modo ab æthereâ mundum qui temperat arce,
75 341 644 369 Inſignis tua quod pietas, H NRICE, meretur,
74 369 716 400 rENI princeps magnorum maxime regums
74 400 600 430 Vt quos ipſius reuerentia Numinis olim
75 430 549 458 Concordes vnâ ſub relligione tenebat,
74 460 561 481 Nuno mala commiſit varii diſcordia ritus
80 488 558 518 Depoſitis coeant odiis in fœdera rurſum,
75 517 645 546 Et priſcum repetant morem & communia ſacra.
75 548 635 578 Ne qua obſtet poſthac tempeſtas quominus ille
80 579 605 607 Ile tuus tam exoptatus tantisque bonorum,
75 606 591 636 Et miſeri votis populi precibusqæe vocatus
75 635 646 667 bExſiliat tandem ludatque per æquora Delphin:
82 667 671 696 Cuius in aduentum iam nune quæ carmina Parcæ
75 695 619 725 Digna canant meditantur, & albæ vellera lanæ
82 725 595 755 Seponunt calathis, vt claris Iæta triumphis
75 754 594 782 Sæcula ad æternos venturæ laudis honores
75 785 504 815 Verſatis agili deducant pollice fuſis,
75 815 543 843 Auerſos que animos delinitura tuorum;
75 843 609 873 Et cum diſſidiis morbos pulſura, famemque,
75 874 590 902 Aurea Pax celſo deſcendere geſtit Olympo.
123 904 708 935 Ad Ducem Patritiosque Venetos gratulatio, vb celetat
240 935 523 956 ab Audeberto Venetias.
75 962 588 993 Dicite Io mecum, cæloque intendite voces,
75 991 527 1021 Conſcia lætitig facturas ſidera noſtræ.
75 1023 683 1054 En tandem, tigidi quod adhuc cenſura parentis
75 1052 590 1083 Immerito a merita ſecluſum luce teneret,
75 1080 622 1112 Ipſe niſi indignans clauſtra effregiſſet Apollo,
75 1112 628 1143 Exit opus, noſtro quo nullum largius æuo
680 1140 761 1172 Com
