872 1312
282 61 544 94 LVDOVICI
104 103 669 136 Combibit Aoniis manantem fontibus vndam.
107 135 614 164 Fama, faue, totoque erectis corpore plumis,
110 163 660 196 Quæ ſubter latitant, totidem ſimul ora reclude,
109 194 636 224 Et totidem argutas ſolue in præconia linguas.
108 224 592 252 Ipſe tuis, non ante vnquam iactantior, alis,
109 252 624 283 Marcius ecce ſuas iungens leo, murmure læto
108 282 674 311 Infremit, &tutilum quatiens ceruicis honorem,
110 312 608 342 thereos iam iam ſe tollere geſtit in axes:
110 342 637 370 Alterno vt tecum magnum per inane volatu,
109 370 666 400 Nunc petat eſperio; tu Gangis ad oſtia tendas;
110 400 654 430 Nunc Bætia repetas, hic ſe conuertat ad Indos:
108 430 629 458 Transuerſis modo remigiis Riphæa peragret
113 460 630 488 Frigora, te medios Libyæ tranante vapores;
111 488 678 516 Mox Tanaim ſuperes, hic Nilum fonte requirat:
111 517 666 547 Vllam ne videat ſol gentem oriensve, cadens ve,
114 547 662 576 Seu medio ſpatio noſtras dum ſuſpicit Arctos,
113 576 637 605 Seu dum deuexos retro deſpectat in Auſtros,
114 605 707 627 Non Venetum & noſtii reſonantem nomina vatis.
141 635 629 664 Adriaci proceres, quorum prudentia nullis
115 664 579 693 Vrbibus, &nullis cedit fortuna tyrannis;
114 693 547 719 Orbis deliciæ, Diutm iuſtiſſima cura,
112 722 622 752 Vnca iam Romæ ſuper armipotentis imago,
113 752 616 782 Sic populos, ſic illa togam, ic bella regebat;
113 781 567 810 Sed non æquali vobiſcum perſtitit æuo:
113 810 594 839 Si quas melle ſuo generoſas gloria mentes
110 838 600 869 Afficit, ecquid erit pretii pro laudibus iſtis?
111 869 612 898 Gratia pro tanto quæ par referetur honore?
109 897 640 927 Ipſa quidem, vt virtus virtuti maxima merces,
110 927 711 962 Sic ſimmum Muſa elt pretium ſibi, nullaque, cum ſis
109 955 568 983 Ipſa immortalis, mortalia munera curat.
109 987 613 1018 Moc docuit fidicen paſſæ quem lentior vuæ,
108 1016 636 1050 Faucibus obſtructis, acinus ſub Tartara miſit,
109 1046 634 1079 Miranti Samio cim quinque talenta tyranno
109 1073 611 1107 Reddidit, inſolitâ ſomnos rumpentia curâ.
110 1105 624 1138 Nec non præcipui vatum, diuinus fomerus,
696 1145 788 1178 Aſcræ-
