<?xml version="1.0" encoding="UTF-8" standalone="no"?><PcGts xmlns="http://schema.primaresearch.org/PAGE/gts/pagecontent/2019-07-15" xmlns:xsi="http://www.w3.org/2001/XMLSchema-instance" xsi:schemaLocation="http://schema.primaresearch.org/PAGE/gts/pagecontent/2019-07-15 http://schema.primaresearch.org/PAGE/gts/pagecontent/2019-07-15/pagecontent.xsd"><Metadata><Creator/><Created>2022-04-07T14:28:13</Created><LastChange>1970-01-01T00:00:00</LastChange><Comments/></Metadata><Page imageFilename="0049.png" imageHeight="1312" imageWidth="872"><TextRegion id="r1" orientation="0.0" type="paragraph"><Coords points="1,1 870,1 870,1310 1,1310"/><TextLine id="l1"><Coords points="257,98 257,59 512,59 512,98"/><TextEquiv><Unicode/></TextEquiv></TextLine><TextLine id="l2"><Coords points="510,131 565,131 565,99 539,99 532,101 389,102 121,101 63,99 63,133 457,133"/><TextEquiv><Unicode/></TextEquiv><TextEquiv index="1"><Unicode>Acræuſque ſenex, ſua quos dilectior omni</Unicode></TextEquiv></TextLine><TextLine id="l3"><Coords points="461,162 535,162 535,132 400,135 170,136 71,134 71,164 389,164"/><TextEquiv><Unicode/></TextEquiv><TextEquiv index="1"><Unicode>Libertas cenlu, quæſitaque gloria, ſuaſit</Unicode></TextEquiv></TextLine><TextLine id="l4"><Coords points="605,165 74,165 74,193 605,193"/><TextEquiv><Unicode/></TextEquiv><TextEquiv index="1"><Unicode>Spernere amicitias. &amp; barbara munera regum.</Unicode></TextEquiv></TextLine><TextLine id="l5"><Coords points="531,194 470,193 256,195 74,194 74,222 531,222"/><TextEquiv><Unicode/></TextEquiv><TextEquiv index="1"><Unicode>Sed ſi Virgilio, numeratis verſibus illis,</Unicode></TextEquiv></TextLine><TextLine id="l6"><Coords points="72,223 72,252 536,252 536,223"/><TextEquiv><Unicode/></TextEquiv><TextEquiv index="1"><Unicode>Immatura quibus Marcelli funera luxit,</Unicode></TextEquiv></TextLine><TextLine id="l7"><Coords points="73,252 73,282 550,282 550,252"/><TextEquiv><Unicode/></TextEquiv><TextEquiv index="1"><Unicode>.quali numero ſeſtertia dena rependit,</Unicode></TextEquiv></TextLine><TextLine id="l8"><Coords points="590,309 590,282 74,283 74,309 110,309 127,311 512,311"/><TextEquiv><Unicode/></TextEquiv><TextEquiv index="1"><Unicode>Innumeris ſedcum lacrymis, Octauia mater:</Unicode></TextEquiv></TextLine><TextLine id="l9"><Coords points="595,311 513,311 445,313 188,313 75,311 75,341 595,342"/><TextEquiv><Unicode/></TextEquiv><TextEquiv index="1"><Unicode>Et ſi ſquamigerum capturas, atque ferarum,</Unicode></TextEquiv></TextLine><TextLine id="l10"><Coords points="532,342 63,342 63,368 532,369"/><TextEquiv><Unicode/></TextEquiv><TextEquiv index="1"><Unicode>Aucupiique artes, mellitâ voce canenti</Unicode></TextEquiv></TextLine><TextLine id="l11"><Coords points="648,394 647,370 184,372 76,370 76,399 99,398 142,400 644,400"/><TextEquiv><Unicode/></TextEquiv><TextEquiv index="1"><Unicode>Extorrem, nato, cum re cenſuqueparentem</Unicode></TextEquiv></TextLine><TextLine id="l12"><Coords points="535,400 282,402 75,400 75,429 535,429"/><TextEquiv><Unicode/></TextEquiv><TextEquiv index="1"><Unicode>Reſtituit magni proles auguſta Seueri:</Unicode></TextEquiv></TextLine><TextLine id="l13"><Coords points="76,431 76,459 665,459 665,431"/><TextEquiv><Unicode/></TextEquiv><TextEquiv index="1"><Unicode>Auratum adiiciens in ſingula carmina nummum:</Unicode></TextEquiv></TextLine><TextLine id="l14"><Coords points="571,486 571,460 76,460 76,487 213,489 454,489"/><TextEquiv><Unicode/></TextEquiv><TextEquiv index="1"><Unicode>Vos grati minus, aut hæc inferiora putatis?</Unicode></TextEquiv></TextLine><TextLine id="l15"><Coords points="624,487 566,487 454,490 373,489 213,490 97,489 63,487 63,515 80,515 116,516 129,518 291,519 617,517 624,519"/><TextEquiv><Unicode/></TextEquiv><TextEquiv index="1"><Unicode>Nec tamen a nobis proceres hæc credite dici,</Unicode></TextEquiv></TextLine><TextLine id="l16"><Coords points="575,546 575,518 369,520 82,518 81,529 78,531 78,546 101,547 558,547"/><TextEquiv><Unicode/></TextEquiv><TextEquiv index="1"><Unicode>Talia quod noſter poſcat ſibi præmiavates.</Unicode></TextEquiv></TextLine><TextLine id="l17"><Coords points="610,547 415,549 164,548 133,549 100,547 63,547 63,575 610,576"/><TextEquiv><Unicode/></TextEquiv><TextEquiv index="1"><Unicode>Poſcant illi habeant, quibus vel ſorte malignâ</Unicode></TextEquiv></TextLine><TextLine id="l18"><Coords points="78,577 78,605 577,605 577,577"/><TextEquiv><Unicode/></TextEquiv><TextEquiv index="1"><Unicode>Res anguſta nimis, vel nulla modeſtia voti.</Unicode></TextEquiv></TextLine><TextLine id="l19"><Coords points="749,604 606,604 562,606 325,608 80,606 80,632 749,632"/><TextEquiv><Unicode/></TextEquiv><TextEquiv index="1"><Unicode>Non animus ta humilis, non ta huicfortuna nouerca cſt;</Unicode></TextEquiv></TextLine><TextLine id="l20"><Coords points="636,663 636,635 160,638 63,635 63,663 64,663 93,665 540,665"/><TextEquiv><Unicode/></TextEquiv><TextEquiv index="1"><Unicode>Vt vel opes deſint, vel non contemnere poſſit.</Unicode></TextEquiv></TextLine><TextLine id="l21"><Coords points="736,658 658,658 651,662 643,664 540,666 122,667 80,665 80,696 520,695 676,693 687,694 692,697 699,698 737,698"/><TextEquiv><Unicode/></TextEquiv><TextEquiv index="1"><Unicode>Denique non noſtrum ſuper his præſcribere quicquam,</Unicode></TextEquiv></TextLine><TextLine id="l22"><Coords points="642,695 80,697 80,723 89,724 344,724 551,722 613,722 642,724"/><TextEquiv><Unicode/></TextEquiv><TextEquiv index="1"><Unicode>Arbitrii hoc veſtri eſt, vobiſcum ea cura maneto.</Unicode></TextEquiv></TextLine><TextLine id="l23"><Coords points="582,752 582,724 84,724 84,753 87,754 321,754"/><TextEquiv><Unicode/></TextEquiv><TextEquiv index="1"><Unicode>Quod monuiſſe licet ſi dona referre paratis</Unicode></TextEquiv></TextLine><TextLine id="l24"><Coords points="450,782 631,782 631,753 321,755 82,754 82,784 344,784"/><TextEquiv><Unicode/></TextEquiv><TextEquiv index="1"><Unicode>Qu grata aptaque ſint, non tam vos illa parate</Unicode></TextEquiv></TextLine><TextLine id="l25"><Coords points="670,811 670,783 450,783 344,785 92,784 82,786 82,813 514,813"/><TextEquiv><Unicode/></TextEquiv><TextEquiv index="1"><Unicode>Qu ditare queant, quam quæ illuſttare ferentem.</Unicode></TextEquiv></TextLine><TextLine id="l26"><Coords points="676,812 407,815 182,814 89,815 63,813 63,842 676,842"/><TextEquiv><Unicode/></TextEquiv><TextEquiv index="1"><Unicode>Eſt datalaus vobis, &amp; vos quoque reddite laudem,</Unicode></TextEquiv></TextLine><TextLine id="l27"><Coords points="63,876 103,877 111,871 611,872 611,842 81,842 73,848 63,847"/><TextEquiv><Unicode/></TextEquiv><TextEquiv index="1"><Unicode>Reddite longæuos, vt &amp; accepiſtis, honores.</Unicode></TextEquiv></TextLine><TextLine id="l28"><Coords points="578,900 578,872 113,872 113,900 118,901 526,901"/><TextEquiv><Unicode/></TextEquiv><TextEquiv index="1"><Unicode>Ergo, vtlaudatis ales Dircæus Athenis,</Unicode></TextEquiv></TextLine><TextLine id="l29"><Coords points="605,902 593,901 273,904 63,901 63,931 605,931"/><TextEquiv><Unicode/></TextEquiv><TextEquiv index="1"><Unicode>Pot ſua fata diu permanſit in ære ſuperſtes:</Unicode></TextEquiv></TextLine><TextLine id="l30"><Coords points="608,932 63,932 63,959 246,962 367,960 592,960 608,962"/><TextEquiv><Unicode/></TextEquiv><TextEquiv index="1"><Unicode>Sic maeat veſtrâ, qui vos laudauit; in vrbe,</Unicode></TextEquiv></TextLine><TextLine id="l31"><Coords points="566,961 367,961 286,963 174,961 63,960 63,989 566,990"/><TextEquiv><Unicode/></TextEquiv><TextEquiv index="1"><Unicode>Noſter Dircæo non impar Cygnus olori:</Unicode></TextEquiv></TextLine><TextLine id="l32"><Coords points="586,1020 586,991 85,991 85,1019 111,1019 132,1021 466,1021"/><TextEquiv><Unicode/></TextEquiv><TextEquiv index="1"><Unicode>Non ære, aut vllo ſpirans licet ille metallo,</Unicode></TextEquiv></TextLine><TextLine id="l33"><Coords points="554,1050 554,1021 63,1021 62,1049 104,1049 146,1051 506,1051"/><TextEquiv><Unicode/></TextEquiv><TextEquiv index="1"><Unicode>Obſcuro graſſante ſitu, nec longior ætas</Unicode></TextEquiv></TextLine><TextLine id="l34"><Coords points="593,1051 85,1051 85,1079 132,1078 178,1080 593,1080"/><TextEquiv><Unicode/></TextEquiv><TextEquiv index="1"><Unicode>Deformet pulcros ſcabra rubigine vultus,</Unicode></TextEquiv></TextLine><TextLine id="l35"><Coords points="63,1104 615,1104 615,1081 63,1080"/><TextEquiv><Unicode/></TextEquiv><TextEquiv index="1"><Unicode>Sed Pario de monte nitens, inuictus vt annis,</Unicode></TextEquiv></TextLine><TextLine id="l36"><Coords points="63,1143 668,1143 668,1110 63,1109"/><TextEquiv><Unicode/></TextEquiv><TextEquiv index="1"><Unicode>Atqueipſi æquætus lapidi, candorque, nitorque,</Unicode></TextEquiv></TextLine><TextLine id="l37"><Coords points="692,1140 692,1172 795,1172 795,1140"/><TextEquiv><Unicode/></TextEquiv><TextEquiv index="1"><Unicode>Cou</Unicode></TextEquiv></TextLine><TextEquiv><Unicode/></TextEquiv></TextRegion></Page></PcGts>