872 1312
261 56 496 88 ALALMI.
38 99 565 133 Acræuſque ſenex, ſua quos dilectior omni
71 132 535 164 Libertas cenlu, quæſitaque gloria, ſuaſit
74 165 605 193 Spernere amicitias. & barbara munera regum.
74 193 531 222 Sed ſi Virgilio, numeratis verſibus illis,
72 223 536 252 Immatura quibus Marcelli funera luxit,
73 252 550 282 .quali numero ſeſtertia dena rependit,
74 282 590 311 Innumeris ſedcum lacrymis, Octauia mater:
75 311 595 342 Et ſi ſquamigerum capturas, atque ferarum,
32 342 532 369 Aucupiique artes, mellitâ voce canenti
76 370 648 400 Extorrem, nato, cum re cenſuqueparentem
75 400 535 429 Reſtituit magni proles auguſta Seueri:
76 431 665 459 Auratum adiiciens in ſingula carmina nummum:
76 460 571 489 Vos grati minus, aut hæc inferiora putatis?
43 487 624 519 Nec tamen a nobis proceres hæc credite dici,
78 518 575 547 Talia quod noſter poſcat ſibi præmiavates.
44 547 610 576 Poſcant illi habeant, quibus vel ſorte malignâ
78 577 577 605 Res anguſta nimis, vel nulla modeſtia voti.
80 604 749 632 Non animus ta humilis, non ta huicfortuna nouerca cſt;
42 635 636 665 Vt vel opes deſint, vel non contemnere poſſit.
80 658 815 707 Denique non noſtrum ſuper his præſcribere quicquam,
80 695 642 724 Arbitrii hoc veſtri eſt, vobiſcum ea cura maneto.
84 724 582 754 Quod monuiſſe licet ſi dona referre paratis
82 753 631 784 Qu grata aptaque ſint, non tam vos illa parate
82 783 670 813 Qu ditare queant, quam quæ illuſttare ferentem.
44 812 676 842 Eſt datalaus vobis, & vos quoque reddite laudem,
43 842 611 878 Reddite longæuos, vt & accepiſtis, honores.
113 872 578 901 Ergo, vtlaudatis ales Dircæus Athenis,
42 901 605 931 Pot ſua fata diu permanſit in ære ſuperſtes:
1 932 608 962 Sic maeat veſtrâ, qui vos laudauit; in vrbe,
36 961 566 990 Noſter Dircæo non impar Cygnus olori:
85 991 586 1021 Non ære, aut vllo ſpirans licet ille metallo,
41 1021 554 1051 Obſcuro graſſante ſitu, nec longior ætas
85 1051 593 1080 Deformet pulcros ſcabra rubigine vultus,
39 1081 615 1104 Sed Pario de monte nitens, inuictus vt annis,
35 1110 668 1143 Atqueipſi æquætus lapidi, candorque, nitorque,
692 1140 795 1172 Cou
