872 1312
274 74 527 96 VDOVICI
109 77 169 97 2
827 116 870 129 g
108 112 624 140 Conſimiles animi niueâ ſub imagine mores
105 140 665 171 Exprimat, & ſeros transmittat ad vſque nepotes:
824 158 866 190 M
110 171 619 197 Diſcolor vna modo faciat diſcrimina laurus,
105 200 616 230 Amplectens viridi canentia tempora fronde:
822 219 869 248 Mu
106 230 617 259 Aureus & duplici decurrens tramite limbus,
106 259 534 281 Ambiat extremas albi velaminis oras.
107 289 649 318 Blandus in ore decor, grauitati iungat amorem,
108 319 557 347 Coniugio tali, ne vel reuerentia, iuncto
108 348 647 377 Fiat amore minor, vel amor minuatur ab ill.
108 376 649 406 Dextra ferat calamos, magno quos ante Maroni
107 406 608 434 Donarant Muſæ, ſed eo moriente receptos,
110 436 578 459 Seruauere diu non adueniente ſecundo:
108 466 609 492 Læua aut Palladiæ ramo frondeſcat Oliuæ,
109 494 564 524 Aut ab Idumæâ direpto termite Palmâ.
110 523 666 554 Ipſe autem, longum ſortitus in æquora curſum,
5 535 636 584 Celtarum populos & magnas qui tigat vrbes,
110 583 589 612 Teque alias inter cor tanti Aurælis regni
51 612 706 644 Diues prole virûm, diues quoque munere frugum,
109 641 619 674 Sed re plus nulla quam tanto diues alumno,
109 672 595 701 Ima pedum totâ Ligeris pater alluat vrnâ.
108 702 689 728 Fortunate amnis, non iam tibi Strimon & Hebrus,
110 729 680 762 Threiciam obiicient cytharam, non vnda Cayſtri
110 761 621 788 Cygneas voces, non antus carmina Phœbi.
136 789 767 822 Alba quoq; huic ſtatuæ, ſplendensq; columna feredæ,
110 818 631 851 Vt totum ſibi conſtet opus quæratur & ipſa
102 848 582 878 De Pariis exciſa iugis, quam vimine torto
104 877 663 907 Vndique complexus circum ſe voluat achantus,
101 905 570 937 Alternis hederis, & vitibus intertextus;
105 936 650 970 Vite vuas, grauidos hederâ geſtante corymbos,
104 965 571 998 Et teretes ipſo baccas qui geſtet acantho.
103 995 578 1029 Inter quæ, variis volitent inſecta figuris,
102 1026 640 1059 Aut reptent ramis, & cunctis frondibus errent,
103 1053 602 1085 Artificis ludente manu: ſic deinde locetur
1 1081 682 1151 a.
705 1155 826 1184 Pega-
