872 1312
302 66 525 89 ALALMI.
729 69 783 92 a
32 97 578 134 Pegaſeis vectus pennis per nubila fertur,
40 133 600 162 Cyllareo aut raptus tergo per ſydera Caſtor.
41 163 622 193 Et cur qui ſtudiis vnam communibus ambo,
41 193 605 224 Quanquam diuerſo ſectantes Pallada cultu,
84 224 606 252 Rem famamque ſuo vobis peperere Iabore,
82 252 651 274 Iiſdem non etiam decorentur honoribus ambo?
85 282 693 312 Nec certe hunc comitem bonus aſpernabitur heros;
40 312 633 342 Sed longe occurret venienti, ac ſe offeret vltro.
85 342 664 369 Vt non tam acceptus nautis ingentibus Orpheus,
42 371 585 400 Peliaco intrarit prognatam verticepinum;
84 401 651 430 Scipiadum magnis nec tam exultantibus vmbris,
41 430 691 459 Conſortem intulerit tumulo pater Ennius vmbram.
41 459 605 488 Quinctiam, aſpecto tanto præcone ſuperbus,
85 489 626 519 Solibus & nimbis ſqualentem ponet amictum,
38 520 589 550 Oraque concreto nigrantia puluere terget.
41 550 592 578 Sic poſitis nouus exuuiis, auroque recenti
38 577 696 607 Perlitus os, humerosque, & totum A vertice corpus,
1 607 689 638 Subdet equo ſtimulos, totasque immittet habenas.
39 637 600 668 Ipſe equus, arcano repletus membra vigore,
81 667 557 696 Altius aſſurgens, vibrabit in aera pectus,
42 696 659 725 Ceruicemque iubis, atque ardua colla flagellans,
39 726 565 755 Et patulis efflans luctantes naribus ignes,
43 755 572 785 Spectantum eludet falſis hinnitibus aures,
2 786 558 821 td Atque exſpectato ſuſpendet lumina ſaltu.
302 817 544 837 De udeberti Venetiis.
43 837 689 874 Conſumpta Argolicis iamdudum Pergama flammis,
109 874 486 905 Qurebant ipſi, qui poſuere, Dei.
42 904 584 935 Nullaque iam tantæ cernentes ſigna ruinæ,
109 935 613 957 Sed femus, & denſos cuncta tenere rubos
41 956 575 998 Ofacilis dixere nimis natura Deorum
107 993 536 1024 Et nimis ad vanas obſequioſa precesl
35 1024 592 1055 Nam quæ cauſſa fuit, diuinos velle labores,
106 1054 484 1081 In mox caſurâ perdere materiâ?
39 1082 628 1112 An quia, vel Graius lapides non conficit ignis,
104 1112 572 1147 Vel poſſuut noſtræ rincore fata manus?
679 1146 747 1172 Nune
1 1158 39 1195 M
