872 1312
348 82 605 108 LVDOVICI
142 119 869 150 Nune age, tentemus noua condere mœnia, quæ nos
172 151 620 183 Ipſa vel æteruum fata manere vetent.
143 181 631 209 Nec mora, deſctâ Euris aſpirantibus Ida,
174 211 651 234 Tranſiliunt Helles nobiie morte fretum:
143 240 658 270 Et ſupra lllyricos vecti, fupraque Liburnos,
173 270 615 299 Tangunt Eugeneo prox ma rura iugo.
145 299 661 328 Nec placuit tamen his, aut vllis fidere teriis;
175 329 588 358 Sed ſtatuere ſolo totius eſſe ſalum.
143 356 762 386 Ergo Phygum quod erat ſparſum Phathontide rip,
178 387 650 417 Vt tandem Hadriacis compeſuere vadis:
147 417 695 445 Hæc mea ſint vob.s, maris arbiter, æquora muri,
178 446 660 475 Dixit, An hos etiam Dorica flamma petet?
150 474 719 504 Tum Phœbus, qua ſaxa mouet, quâ flumina ſiſtit,
179 505 607 534 Carmine tentauit proſperiore lyram.
148 532 740 563 Vibs humilis Venetûm, quo creſcens omine, poſſe
179 563 584 592 Surgere ſeptenis æmula verticibus.
148 593 650 621 Audit, & plauſum longe dedit, Ilia tellus,
177 621 618 650 Et gemuit verſus Græcia mœſta vices.
151 650 704 683 Sed ſparſum in tenues carmen diffugerat auras,
180 682 597 709 Cumææ vt vatis ſparfa volant folia:
150 709 657 738 Ni tibidocte ſenex reuocandi cura fuiſſet,
178 738 663 768 Manſuram æternis tempus in omne notis.
149 768 671 799 Vt velut Adriacores ſtat ſine fine profundo
177 797 654 823 Verſibus his Venetûm ſtet ſine fine decus.
397 831 505 857 Deiiſdem.
148 856 723 888 Mirandam Venetum præſens niſi videris vrbem,
177 885 579 917 Ipſi admirari poſſe negant Veneti.
148 916 650 949 Non vidi, & miror, ſint vt miracula mundi
179 946 676 972 Cuncta, vel hoc vno iam mihi mira minus.
147 975 634 1004 Netamen hic ertes, vidi non ſcilicet illam,
177 1003 615 1036 Adria cæruleo quam fouet in gremio:
147 1033 712 1069 Sed meus Amphion, dulci quam carmine nupes
176 1063 661 1093 Ad Ligerim cum ipſo tranſtulit Adriaco.
146 1091 694 1126 Hanc ergo dum miror, in hac admiror & illam;
173 1121 655 1161 Sic adeo, vt dubitem, mita ſit vira magis.
726 1159 831 1195 Neptn
769 1248 851 1289 o
