872 1312
314 73 533 96 ALALAI
75 104 623 143 Neptuni illa labor, Iabor eſt & Apollinis iſta;
114 143 608 172 Pieridum hæc amor eſt, illaque Nereidum.
84 175 516 201 Illius vt miror riuos, naualia, pontes,
116 201 596 233 Et natura parens quem ſtupet ipſa ſitum?
75 232 620 261 Sic huius miror veneres, mirorque lepores,
117 261 646 293 Et Charites, mecum quas ſtupet ipſa Charis,
75 292 563 321 Sunt illic pictæ tabul, clataque ſigna,
121 321 606 352 Queis vox ſola deeſt, ſed tamen illa deeſt:
75 347 622 384 Hic ſua vox ſignis, vox eſt ſua iunta tabellis,
120 381 571 411 Reddant vt viuos vttaque viua ſonos,
92 409 729 442 Illa ebore atque hcbeno diſtincta emblemata paſſim.
119 440 554 471 Exhibet, humnas quid niſi diuitias?
75 466 654 499 Ambroſiæ hæc ſuccis, puroque vndantia tractim
121 499 574 526 Nectare, diuinas carmina fundit opes,
75 528 620 558 Denique, cuncta quibus fertur mirabilis illa,
123 558 520 586 Hæc & plura illis, & meliora refert.
75 587 659 616 Quod magis illa tamen vulgo miranda videtu
123 616 565 645 Miari vt quiuis deſinat, hæeratio eſt:
75 646 641 678 Corporis illam oculis vulgus miratu; vt iſtam
124 675 569 705 Miratur ſi quis lumina mentis habet.
322 717 479 738 Ad Aareliam.
75 742 619 776 Carmine quod laudes externa maluit Vrbis,
125 776 569 806 Quam memorare tuas iſte Poeta tuus:
75 806 567 835 Ne velut ingrato ſuccenſe, Aurelia, nato,
126 835 527 865 Neue vt prlatis inuideas Venetis.
75 859 648 894 Maior quippe rua eſ, tantum genuiſſe Poetam,
124 895 601 925 Quam Venetum a tanto gloria Vate cani.
280 936 499 965 De Audeberti Româ.
75 964 749 996 Poſtquam eſt vrbs Venetam tibi carmine dicta venuifo,
126 996 595 1024 En canitur lepidis Martia Roma modis:
75 1025 553 1055 Illa ſed integro patuit formoſa decore:
123 1055 567 1085 Materiamque vltro verſibus exhibuit.
75 1082 597 1114 Hæc abſtruia luis latuit pudibunda ruinis,
106 1113 551 1143 Vt latet adauer humo.-
712 1150 765 1173 Arte
