872 1312
132 111 642 141 Arte tamen tantâ cineres atque oſſa ſepulta
164 142 595 172 Colligis, & propriis digeris apta locis:
131 169 670 202 Relliquiis, facile vt quiuis cognoſcat, ab iſtis;
160 204 636 232 Qianta olim, rerum cum potiretur, erat:
134 231 663 259 Sic iotum a ſolo cognoſcimus vngue leonem,
163 260 621 290 Sic menſo Alcidem noſcimus ex ſtadio,
115 290 577 318 Anne etiam maior ſeſe cenſebitur ipsâ
162 319 666 349 Carmina tam pulero conduplicante decus?
134 349 631 380 Namque tot vt ſilcam ſeclis deleta vetuſtis
121 378 638 409 Templa Dem, & putri lapſa theatra ſitu,
133 408 704 439 Totque arces, circoſque, & celſa palatia, quorum,
164 438 660 467 Ipſa etiam abſumpſit rudera tempus edax.
133 468 605 497 Et tot de ſpoliis ſtructos hoſtilibus arcus,
162 497 576 527 Iamdudum longâ qui periere morâ.
134 526 732 556 Tot quoque Pyramides, obeliſcos, atque columnas,
164 556 673 585 Claraque magnorum fracta trophæa ducum,
134 586 643 614 Sub cultu quæ nunc multo potiore reponis,
162 615 563 644 Auctores olim quam poſuere ſui.
132 644 762 674 Hæc, inquam, vt ſileam quæ ſculpta e marmore ſigna
162 674 697 703 Siue hominum rererant, ſemagis ora Deûm:
130 703 655 730 Priſcorum artificum tam ſunt perfecta labore,
159 731 580 755 Facta vt ſint cantu non meliora tuo ?
131 762 646 792 Si meliora tamen ſimulacra loquentia mutis
160 792 575 822 Et viua exinimis anteferenda putas,
129 822 670 850 Laocoonne, ingens Rhodiorum gloria fratrum
158 850 612 880 Notuſne ex pharetrâ nudus Apollo ſuâ.
127 880 657 913 An regina Phari tot regum animoſa propago,
157 909 608 939 Præuenit fœdum quæ nece ſeruitium?
125 941 710 973 An Veneres geminæ? an qui captat arundine piſces,
155 968 576 1000 Ignoii artificis laus ſine laude, puer?
124 998 669 1033 Arnuſne? an Tiberis: Nili an ſtagnantis imago?
156 1028 668 1060 Nympharum an princeps, & pater Oceanus?
124 1058 774 1102 Tyndaridæ ne duo, geminorum corpora equorum,
156 1087 578 1118 Diuinus Phidiæ Praxiteliſque labor?
123 1116 801 1155 Tergeminæ an Charites?an Adonis?an ermaphroditus,
762 1155 801 1193 vt
