872 1312
265 58 498 83 ALEALMI
103 97 576 127 fegu ambiguus, ſic quoque materi?
62 120 740 164 Pyrrhiſne, acidum magnum decus armipotentum?
103 158 590 187 An trux ſub cultu Commodus Herculeo?
63 183 695 219 Turbane quæ taurum ſtimulat reprimitque ferocem,
63 217 520 245 Dum ſecura ſedens ocia paſtor agit?
62 244 624 274 Cætera ne illa tuo quæ te memorante libello-
102 275 554 305 Tantæ vrbis priſcas teſtificantur opes?
62 304 671 339 Quæ ſpirare quidem ſcalpro imponente videntur;
103 335 566 357 Sed melius numeris ſunt animata tuis.
62 360 618 399 His ſiquidem vere viuunt, vereque loquuntur,
62 393 562 424 Et veros ſenſus non ſine mente gerunt
63 419 642 451 Per te igitur vitam viuit mod Roma ſecundam,
103 452 535 481 Sed quæ ſit multo grata priore magis.
63 476 685 509 Cum neque vel ſua iam, vel barbara bella tremiſcat
101 510 529 534 Manſura æternum carmine nixa tuo.
62 540 588 572 Vtque olim mundum ſua iura ſubire coegit,
101 570 609 598 Percurrens armis ſolis vtramque domums
63 596 551 630 Sic & nune famâ terras implebit & vndas
62 627 563 658 gn Atque iidem fines vrbis & orbis erunte
62 656 554 690 Adiicis Herculei famoſos Tiburis hortos,
100 685 487 714 Et miros luſus proſilientis aquæ.
63 711 652 751 Nunc ſpeculum quæ fit, nunc picta coloribus Iis;,
63 744 566 775 Suaue modo cantat ceu moriturus olor,
63 772 601 807 Nunc tormentorum furioſa tonitrua fingit,
100 803 609 834 Obſeſſa vt credas mœnia ab hoſte quati
63 830 622 861 Tum volucres exære cauo, ſuper arbore ahenâ,
62 863 554 889 Innumeros dantes ore ſonante modos.
63 888 604 928 Tot diuerſarum donec modulamina vocum,,
99 922 553 950 Noctua conſpectu comprimat vna ſuo.
63 949 545 982 Inſuper e Pario viuentia marmore ſigna,
63 981 592 1011 Parrhaſii optarent quæ poſuiſſe manus,
63 1010 598 1048 Implicitum Ledæ formoſo corpore cygnums
97 1041 527 1069 Pulerior & quo non Iupiter ipſe fuit.
62 1065 734 1103 Bacchumque, & Nymphas, quarum ille li quëtibu vndis
97 1099 575 1134 Reſtinxit attio cosuus ab igne ruhena,
692 1131 739 1155 s-
