872 1312
265 58 498 83 ALEALMI
719 67 759 100 SB
103 97 576 127 fegu ambiguus, ſic quoque materi?
33 119 740 166 Pyrrhiſne, acidum magnum decus armipotentum?
103 158 590 187 An trux ſub cultu Commodus Herculeo?
37 180 695 219 Turbane quæ taurum ſtimulat reprimitque ferocem,
43 217 520 245 Dum ſecura ſedens ocia paſtor agit?
37 244 624 274 Cætera ne illa tuo quæ te memorante libello-
102 275 554 305 Tantæ vrbis priſcas teſtificantur opes?
39 304 671 339 Quæ ſpirare quidem ſcalpro imponente videntur;
103 335 566 357 Sed melius numeris ſunt animata tuis.
35 360 618 399 His ſiquidem vere viuunt, vereque loquuntur,
44 393 562 424 Et veros ſenſus non ſine mente gerunt
39 411 642 451 Per te igitur vitam viuit mod Roma ſecundam,
103 452 535 481 Sed quæ ſit multo grata priore magis.
39 471 685 509 Cum neque vel ſua iam, vel barbara bella tremiſcat
101 510 529 534 Manſura æternum carmine nixa tuo.
1 521 42 541 ,
38 540 588 573 Vtque olim mundum ſua iura ſubire coegit,
101 570 609 598 Percurrens armis ſolis vtramque domums
37 591 551 631 Sic & nune famâ terras implebit & vndas
820 611 869 639 I
1 627 563 665 gn Atque iidem fines vrbis & orbis erunte
40 656 554 690 Adiicis Herculei famoſos Tiburis hortos,
100 685 487 714 Et miros luſus proſilientis aquæ.
38 710 652 751 Nunc ſpeculum quæ fit, nunc picta coloribus Iis;,
41 745 566 775 Suaue modo cantat ceu moriturus olor,
34 764 601 809 Nunc tormentorum furioſa tonitrua fingit,
100 803 609 834 Obſeſſa vt credas mœnia ab hoſte quati
813 815 863 851 I
37 821 622 861 Tum volucres exære cauo, ſuper arbore ahenâ,
40 863 554 889 Innumeros dantes ore ſonante modos.
36 884 604 929 Tot diuerſarum donec modulamina vocum,,
99 922 553 950 Noctua conſpectu comprimat vna ſuo.
35 941 545 982 Inſuper e Pario viuentia marmore ſigna,
40 981 592 1011 Parrhaſii optarent quæ poſuiſſe manus,
32 1010 598 1049 Implicitum Ledæ formoſo corpore cygnums
97 1041 527 1069 Pulerior & quo non Iupiter ipſe fuit.
1 1053 734 1103 Bacchumque, & Nymphas, quarum ille li quëtibu vndis
97 1099 575 1134 Reſtinxit attio cosuus ab igne ruhena,
1 1119 39 1147 u
692 1131 739 1155 s-
