872 1312
115 118 649 158 Alcidenque loci genium: quo præſide Tybs
150 149 593 187 Antiquis ceitat nunc quoque deliciis.
119 179 622 212 lura his admiſces, ſed non niſi digna relatu:
148 210 552 238 Vt Farne ine tecta ſuperba domus,
121 232 722 275 Quæ Romanarum tam gloria prima domorum efi
150 266 615 304 Quam dominus ſacri gloria prima chori
123 293 636 331 Omnia quæ quamuis eurâ inſtaurata recentl
154 324 608 361 Spem faciant longos vincere poſſe dies:
123 354 608 384 Euitare tamen atorum incerta nequirent
155 382 621 418 Ferrum gnes, ventos, chaſmata, diluuia:
127 413 574 447 Idem præfixus niſi vitæ terminnus illis,
159 441 608 476 Qui cœlo & terris, per tua ſcripta foret.
131 471 585 500 Ofelix vatum labor & qui viua perire
161 500 544 530 Non ſinit, & vitæ mortua reſtituit.
131 529 659 564 Tuque adeo vates magnorum maxime vatum
165 559 639 592 Singula non tantum corpora qui reparas:
134 587 611 615 Sed redimis totas Orci de faucibus vrbes,
161 617 503 647 Et vitâ donas proſperiore ftui.
135 645 613 675 Macte iſta virture, heros, & debita tantis
125 677 583 705 Præmia ſi meritis, ſors inimica neget.
136 703 673 736 At tu perge tamen: quid enim præſtantius illa
167 734 615 766 Quam cum das aliis, das ſimul ipſe tibi?
137 763 589 790 Scilicet æternâ ventura in ſecula famâ,
165 794 660 825 Per quam victa tibi mors det auara manus.
414 825 489 845 Soteria.
140 851 700 884 Quas tibi, quas tali recinam pro munere laudes,
136 882 646 911 Carmine quo celebrem tanti miracula doni,
138 910 712 941 O pater, hominum cuſtos, tutela, ſalusque.
115 940 700 971 Quo firmante vigent, quo deſtituente fatiſcunti
140 969 645 1001 Qui mea confertis luctania viſcera morbis,
139 1000 705 1028 Et prope confectum languorum examine corpus,
139 1028 585 1057 Multiplici iactante malo trieterite totâ
139 1057 647 1086 Erigis, inque nouas das ſeſe attollere vires:
140 1087 680 1113 on mihi ſi Phœbi chorus adſpirauerit omnis.
140 1117 681 1152 Contulerintque & Smrna & Mantua lautuss
762 1147 808 1169 Prs
