872 1312
310 75 537 98 AALMI.
83 110 605 144 Pr tanto dignos merito perſoluere honores
84 140 750 175 Suſficiam. quid enim primum memoremve ſupremum,
84 174 599 204 Tantorum potui quos exuperare laborum?
69 204 567 232 Anne ictu cæci ſalientes verberis artus,
80 233 580 262 Arcano quatiente gelu, quod nulla caloris
68 261 613 292 Fomenta, aggeſtæ poterant nec vincere v. ſtes,
83 291 627 319 Aduentante febri cum iam prænuncius horror
80 321 587 350 Intima concuſſis percurreret oſſa medullis?
82 351 672 379 Anne æſtum Sicuis quantum non nudus in antris,
68 379 586 408 Perpetitne Cyclops, non armen arius Afer,
83 408 619 438 Aethiopum qui verſat oues ſub ſyerc Cancri?
81 439 653 467 Tantalamne ſicim & talem pe ſt a a qui etem,
80 468 588 497 Per Staias quali Ixon vei Syſiphus vmb as
80 494 573 527 Illerora, hic ſaxo frirur ſie fis voluto?
81 526 566 555 Ac ae aliquidtantos poſſci enire dolores,
77 556 604 586 d quaſcumque dapes triſus faſtidic guſtus?
81 586 614 614 Omnia quæ quarto redeuntia lumine ſe mper
80 612 620 643 Ipſam infeſtabant ægro cum corpore mentem:
69 644 591 674 Et voces inte dum abſurdas ore cebant,
82 672 671 700 Dum ſpectra & ſpecies animo obuerſantur inanes.
84 703 568 731 Nec medii meliora dies; ſed pace malignâ
82 731 669 761 Qucunque attulerat veniens incommoda febris,
69 761 500 791 Digreſiâ nihilo durabant ſecius illâ.
82 791 607 822 Sic vbi poſt longas venti poſuere procellas,
69 820 622 850 Non ſe confeſtim ſt rnit mare, tutaque nautis
82 849 581 876 Otia dat; ſed adhuc? tempeſtate tumeſcens
79 879 629 908 Naufragium intentat moienti verbere fluctus,
78 908 635 937 Quim hæc ipſa etiam tandem abſtulit interualla
79 939 565 967 Effæni vis dira mali, ſolidosque recurſus
77 967 532 998 Confuſis turbans ſpatiis algois & æſtus
78 997 528 1027 Sæuas ferre vices nullâ non luce coegit.
69 1026 552 1056 Vnde & debilitas totius corporis ingens,
68 1052 607 1085 Pallorque & macies, & plurima mortis imag.
77 1085 575 1114 Ac fuit iſta quidem noſtræ ſors aſpera vitæ,
75 1115 635 1146 Dum nouies plenum ſe Cynthia cogit in orbeme
667 1145 767 1170 mtr-
