872 1312
292 70 597 94 IVDOVIP
126 107 560 138 Inteera æſtiuæ ſuperato cardine metæ
126 138 615 168 Octipedis cancri rutilum per ſidus agebat
124 167 685 197 Phæbus equos, ſigno Geminorum pone relicto,
126 198 652 226 Corpore cum noſtro tandem decedere febris,
840 205 870 237 u
126 226 683 255 Et membris aliquam viſa indulgere quietem eſt,
111 256 654 286 Languenti ſtomacho iam nota redibat orexis,
125 286 664 315 Iam mihi grata Ceres, nec vini ingratior vſus:
124 315 692 344 Iam noxlonga minus, iam mollia ſtrata cubanti,
127 344 678 372 Nullaque iam noſtrum turbabant viſa ſaporem,
126 372 662 402 Pallidus a portâ quæ ſuggerit Orcus eburnâ.
127 402 683 432 Surgere iam poteram firmiſque inſiſtere plantis,
126 432 704 462 Et proferre gradum quo res me cumque vocarente
127 461 679 490 Quin animum ſtudiis aduertere iamque iuuabat,
4 489 626 517 Etdeſueta diureuocare ad munia mentem.
5 517 692 549 Seu fauor hi Nymphæ fuit â Ceraſunte profectæ,
78 548 660 579 Arbore mutatam quam tu, Aſſelinæe, canebas,
74 575 639 607 Mercedem Phœborapti accepiſſe pudoris,
127 605 599 637 Purpurei vt fœtus dulci gratoque ſapore
128 635 674 666 Quartanas ageret languentum corpore febres:
126 665 666 696 Seu magis hic morbi dolus inſidiæque fuerunt,
125 692 586 724 Parcendi ſpecie grauius ſæuire parantis.
125 723 635 752 Vt quondam longi perpeſſus tædia belli
118 751 725 785 Dum ſedet ad duram nequicquam exercitus vrben,
123 781 690 816 Fingit abire fugâ, vanumque relinquere cœptum.
123 811 648 843 Mox redit, & acuas ruit improuiſus in arces,
123 839 636 871 Poſtquam indefenſos liquit cuſtodia muros,
124 869 579 899 Lætaque depoſitis agitat conuiuia telis.
123 900 664 932 Me quoque qui morbi deceptus fraude ſilentis
123 928 618 960 Auſus eram leges præſcripti temnere victus,
122 955 627 990 Eſcarumque genus guſtare licentius omne;
124 987 648 1022 Corripit ecce iterum febris, miſeroque rotatu
122 1015 646 1049 Alternat flammis glaciem & ſudore tremores.
124 1045 674 1084 Quis mihi tunc quis patienti talia ſenſus,
841 1040 869 1063 ,
122 1074 677 1107 Quisve animi mœror cum poſt diſcrimina tant
120 1103 690 1143 a tertæ adnantem, iam tuta tenere putantem,
721 1115 870 1170 n.
