<?xml version="1.0" encoding="UTF-8" standalone="no"?><PcGts xmlns="http://schema.primaresearch.org/PAGE/gts/pagecontent/2019-07-15" xmlns:xsi="http://www.w3.org/2001/XMLSchema-instance" xsi:schemaLocation="http://schema.primaresearch.org/PAGE/gts/pagecontent/2019-07-15 http://schema.primaresearch.org/PAGE/gts/pagecontent/2019-07-15/pagecontent.xsd"><Metadata><Creator/><Created>2022-04-07T14:32:35</Created><LastChange>1970-01-01T00:00:00</LastChange><Comments/></Metadata><Page imageFilename="0059.png" imageHeight="1312" imageWidth="872"><TextRegion id="r1" orientation="0.0" type="paragraph"><Coords points="1,1 870,1 870,1310 1,1310"/><TextLine id="l1"><Coords points="563,74 448,74 447,77 401,77 338,74 305,74 305,97 563,97"/><TextEquiv><Unicode/></TextEquiv><TextEquiv index="1"><Unicode>AALMT.</Unicode></TextEquiv></TextLine><TextLine id="l2"><Coords points="606,108 581,108 571,111 369,110 247,106 171,106 161,105 154,101 58,101 57,101 57,142 60,142 64,140 246,142 606,142"/><TextEquiv><Unicode/></TextEquiv><TextEquiv index="1"><Unicode>Infeſti abriperent fluctus retroque referrent</Unicode></TextEquiv></TextLine><TextLine id="l3"><Coords points="685,142 647,142 638,145 593,146 410,145 360,143 245,142 78,142 78,168 297,173 685,173"/><TextEquiv><Unicode/></TextEquiv><TextEquiv index="1"><Unicode>Cur tamen iſla queror, multo quæ damna tulerunt</Unicode></TextEquiv></TextLine><TextLine id="l4"><Coords points="661,176 490,176 428,174 297,174 172,172 138,170 76,170 76,198 83,199 137,199 175,201 293,201 330,203 661,204"/><TextEquiv><Unicode/></TextEquiv><TextEquiv index="1"><Unicode>Diſceſſu grauiora ſuo, quam cum ipſa premebant?</Unicode></TextEquiv></TextLine><TextLine id="l5"><Coords points="653,207 646,206 593,205 514,206 445,204 330,204 293,202 175,202 137,200 76,200 76,228 284,231 653,231"/><TextEquiv><Unicode/></TextEquiv><TextEquiv index="1"><Unicode>am ſimul ac febris, iam non reditura, receſſit,</Unicode></TextEquiv></TextLine><TextLine id="l6"><Coords points="654,237 646,236 330,233 283,231 74,230 74,257 90,258 510,263 654,263"/><TextEquiv><Unicode/></TextEquiv><TextEquiv index="1"><Unicode>Exhauſtos artus depaſtaque membra relinquens,</Unicode></TextEquiv></TextLine><TextLine id="l7"><Coords points="696,267 686,266 222,260 72,260 72,285 82,286 173,289 252,289 324,291 696,291"/><TextEquiv><Unicode/></TextEquiv><TextEquiv index="1"><Unicode>Continuo ecce ingens morborum turba latentum</Unicode></TextEquiv></TextLine><TextLine id="l8"><Coords points="650,294 555,295 437,292 73,289 73,316 138,318 194,317 266,320 339,320 403,322 540,322 650,324"/><TextEquiv><Unicode/></TextEquiv><TextEquiv index="1"><Unicode>Exilit,id quod erat reliquum abſumptura vigoris.</Unicode></TextEquiv></TextLine><TextLine id="l9"><Coords points="650,325 540,323 403,323 339,321 266,321 238,319 75,319 75,344 111,344 153,347 314,350 650,350"/><TextEquiv><Unicode/></TextEquiv><TextEquiv index="1"><Unicode>Non aliter Libycis quam dum leo victor in atuis,</Unicode></TextEquiv></TextLine><TextLine id="l10"><Coords points="568,354 253,350 152,347 74,347 74,372 100,373 106,375 188,377 568,377"/><TextEquiv><Unicode/></TextEquiv><TextEquiv index="1"><Unicode>Poſſidet occiſum longo certamine taurum,</Unicode></TextEquiv></TextLine><TextLine id="l11"><Coords points="602,383 524,383 406,380 313,380 269,378 74,376 74,403 286,408 602,408"/><TextEquiv><Unicode/></TextEquiv><TextEquiv index="1"><Unicode>Et ſuper accumbens auido bibit ore cruorem;</Unicode></TextEquiv></TextLine><TextLine id="l12"><Coords points="596,413 527,413 481,411 286,409 168,406 73,406 73,433 193,435 266,438 363,438 478,441 596,441"/><TextEquiv><Unicode/></TextEquiv><TextEquiv index="1"><Unicode>Muſſantes ſtant in ſpeculis vtſique lupique</Unicode></TextEquiv></TextLine><TextLine id="l13"><Coords points="607,442 478,442 363,439 266,439 137,435 73,435 73,462 85,463 446,470 607,470"/><TextEquiv><Unicode/></TextEquiv><TextEquiv index="1"><Unicode>Sin ſatiatus, abit, concurrunt protinus omnes</Unicode></TextEquiv></TextLine><TextLine id="l14"><Coords points="634,472 446,471 141,465 71,465 71,491 82,492 414,498 634,498"/><TextEquiv><Unicode/></TextEquiv><TextEquiv index="1"><Unicode>Expoſitas ad relliquias prædamque paratam.</Unicode></TextEquiv></TextLine><TextLine id="l15"><Coords points="599,505 591,505 589,503 580,501 491,501 413,498 328,498 170,494 72,494 72,520 90,522 299,525 325,527 599,527"/><TextEquiv><Unicode/></TextEquiv><TextEquiv index="1"><Unicode>Icterus infecit croceo mea membra colore,</Unicode></TextEquiv></TextLine><TextLine id="l16"><Coords points="524,531 518,530 375,527 325,528 299,526 110,524 72,522 72,551 84,552 218,553 279,555 524,555"/><TextEquiv><Unicode/></TextEquiv><TextEquiv index="1"><Unicode>Ipſaque ſuftuſo maculauit lumina luto,</Unicode></TextEquiv></TextLine><TextLine id="l17"><Coords points="615,554 600,553 581,553 574,558 566,560 517,559 501,560 459,558 328,557 218,554 72,553 72,580 270,584 615,584"/><TextEquiv><Unicode/></TextEquiv><TextEquiv index="1"><Unicode>Dirus hydrops imis ſurgens a calcibus, &amp; mox</Unicode></TextEquiv></TextLine><TextLine id="l18"><Coords points="563,588 489,589 445,587 357,587 215,583 57,582 57,607 95,608 106,610 265,613 563,613"/><TextEquiv><Unicode/></TextEquiv><TextEquiv index="1"><Unicode>Cruribus &amp; ſuris multa turgentibusvndâ,</Unicode></TextEquiv></TextLine><TextLine id="l19"><Coords points="638,612 617,612 612,616 604,618 536,618 387,617 309,614 198,613 150,611 57,611 57,639 165,640 529,647 638,647"/><TextEquiv><Unicode/></TextEquiv><TextEquiv index="1"><Unicode>Per femora &amp; coxas ipſam prope venit ad aluume</Unicode></TextEquiv></TextLine><TextLine id="l20"><Coords points="533,648 528,647 386,646 165,641 57,640 57,670 144,669 292,672 533,672"/><TextEquiv><Unicode/></TextEquiv><TextEquiv index="1"><Unicode>Orthopnæa grauis vitiopulmonis anheli</Unicode></TextEquiv></TextLine><TextLine id="l21"><Coords points="495,676 327,674 291,672 195,672 144,670 57,671 57,697 101,697 134,700 212,701 495,701"/><TextEquiv><Unicode/></TextEquiv><TextEquiv index="1"><Unicode>Arctauit fauces nec reſpirare ſinebat,</Unicode></TextEquiv></TextLine><TextLine id="l22"><Coords points="603,700 549,700 545,703 538,705 417,705 211,701 57,700 57,726 102,725 134,729 603,729"/><TextEquiv><Unicode/></TextEquiv><TextEquiv index="1"><Unicode>Tuſſis ad hæc quaſſos animi conuellere folles</Unicode></TextEquiv></TextLine><TextLine id="l23"><Coords points="601,736 521,736 323,731 227,731 134,730 117,728 57,728 57,755 62,756 100,756 114,758 160,759 283,759 347,761 601,761"/><TextEquiv><Unicode/></TextEquiv><TextEquiv index="1"><Unicode>Viſa fuit, ſaniem eiectans per ſputa cruentam.</Unicode></TextEquiv></TextLine><TextLine id="l24"><Coords points="615,766 425,764 283,760 114,759 100,757 62,757 57,756 57,787 83,787 463,793 615,793"/><TextEquiv><Unicode/></TextEquiv><TextEquiv index="1"><Unicode>Poſtremo in lumbis mediis que in renibus ipſis</Unicode></TextEquiv></TextLine><TextLine id="l25"><Coords points="583,796 578,795 507,795 462,793 192,789 57,789 57,816 71,817 583,817"/><TextEquiv><Unicode/></TextEquiv><TextEquiv index="1"><Unicode>Longo ex decubitu concretus calculus atrox</Unicode></TextEquiv></TextLine><TextLine id="l26"><Coords points="512,824 448,824 235,819 162,820 57,816 57,844 512,844"/><TextEquiv><Unicode/></TextEquiv><TextEquiv index="1"><Unicode>Irruit in venas &amp; dira incendia mouit:</Unicode></TextEquiv></TextLine><TextLine id="l27"><Coords points="590,847 559,847 545,853 441,853 347,850 190,849 57,845 57,874 64,874 82,876 239,877 351,880 590,880"/><TextEquiv><Unicode/></TextEquiv><TextEquiv index="1"><Unicode>Calculus heu nulli crnx æquiparanda dolorit</Unicode></TextEquiv></TextLine><TextLine id="l28"><Coords points="621,884 449,883 296,879 57,879 57,904 67,905 621,906"/><TextEquiv><Unicode/></TextEquiv><TextEquiv index="1"><Unicode>Quæ mala doctorum licet officioſa medentum</Unicode></TextEquiv></TextLine><TextLine id="l29"><Coords points="609,914 444,913 296,909 57,906 57,933 58,933 83,933 98,935 213,938 298,938 369,940 609,940"/><TextEquiv><Unicode/></TextEquiv><TextEquiv index="1"><Unicode>Cura laborarit multum expugnare per artem:</Unicode></TextEquiv></TextLine><TextLine id="l30"><Coords points="570,943 435,943 368,940 213,939 170,937 57,937 57,962 78,962 103,964 174,965 209,967 570,967"/><TextEquiv><Unicode/></TextEquiv><TextEquiv index="1"><Unicode>Haud tamen eualuit donec tu maxime cœli</Unicode></TextEquiv></TextLine><TextLine id="l31"><Coords points="700,970 683,968 631,967 621,972 468,972 410,970 339,970 304,968 209,968 102,964 57,964 56,991 63,991 70,993 142,994 172,996 250,996 273,998 396,1000 700,1000"/><TextEquiv><Unicode/></TextEquiv><TextEquiv index="1"><Unicode>Terrarumque opifex, hominum ſeruator &amp; aucto</Unicode></TextEquiv></TextLine><TextLine id="l32"><Coords points="575,1004 477,1001 273,999 250,997 172,997 103,994 57,993 57,1021 125,1023 152,1025 230,1025 309,1028 575,1028"/><TextEquiv><Unicode/></TextEquiv><TextEquiv index="1"><Unicode>Idem qui vitiis illa haud indebita noſtris</Unicode></TextEquiv></TextLine><TextLine id="l33"><Coords points="501,1032 309,1029 230,1026 152,1026 57,1022 57,1051 207,1056 284,1056 387,1059 501,1059"/><TextEquiv><Unicode/></TextEquiv><TextEquiv index="1"><Unicode>Intuleras, patriâ flexus pietate fugaſti.</Unicode></TextEquiv></TextLine><TextLine id="l34"><Coords points="555,1058 544,1062 526,1061 468,1062 386,1059 149,1056 94,1053 57,1053 56,1077 62,1078 74,1080 257,1086 555,1086"/><TextEquiv><Unicode/></TextEquiv><TextEquiv index="1"><Unicode>Sic olim precibus ſletuque euictus amaro</Unicode></TextEquiv></TextLine><TextLine id="l35"><Coords points="554,1092 436,1089 257,1087 155,1084 133,1082 94,1082 62,1079 57,1079 57,1109 59,1109 137,1113 200,1113 209,1119 233,1119 241,1115 425,1119 554,1119"/><TextEquiv><Unicode/></TextEquiv><TextEquiv index="1"><Unicode>Regis Idumæi, iam iamque inſtantia fata</Unicode></TextEquiv></TextLine><TextLine id="l36"><Coords points="585,1122 473,1121 262,1116 241,1116 233,1120 209,1120 200,1114 137,1114 107,1112 57,1111 56,1142 81,1143 93,1145 98,1149 186,1153 585,1153"/><TextEquiv><Unicode/></TextEquiv><TextEquiv index="1"><Unicode>etro anettiltuatqus in tia luſtra benignus,</Unicode></TextEquiv></TextLine><TextLine id="l37"><Coords points="667,1150 667,1183 731,1183 731,1150"/><TextEquiv><Unicode/></TextEquiv><TextEquiv index="1"><Unicode>Ns</Unicode></TextEquiv></TextLine><TextEquiv><Unicode/></TextEquiv></TextRegion></Page></PcGts>