872 1312
305 74 563 97 AALMT.
32 100 606 142 Infeſti abriperent fluctus retroque referrent
78 142 685 173 Cur tamen iſla queror, multo quæ damna tulerunt
76 170 661 204 Diſceſſu grauiora ſuo, quam cum ipſa premebant?
76 200 653 231 am ſimul ac febris, iam non reditura, receſſit,
74 230 654 263 Exhauſtos artus depaſtaque membra relinquens,
72 260 696 291 Continuo ecce ingens morborum turba latentum
73 289 650 324 Exilit,id quod erat reliquum abſumptura vigoris.
75 319 650 350 Non aliter Libycis quam dum leo victor in atuis,
74 347 568 377 Poſſidet occiſum longo certamine taurum,
74 376 602 408 Et ſuper accumbens auido bibit ore cruorem;
73 406 596 441 Muſſantes ſtant in ſpeculis vtſique lupique
73 435 607 470 Sin ſatiatus, abit, concurrunt protinus omnes
71 465 634 498 Expoſitas ad relliquias prædamque paratam.
72 494 599 527 Icterus infecit croceo mea membra colore,
72 522 524 555 Ipſaque ſuftuſo maculauit lumina luto,
72 553 615 584 Dirus hydrops imis ſurgens a calcibus, & mox
39 583 563 613 Cruribus & ſuris multa turgentibusvndâ,
36 611 638 647 Per femora & coxas ipſam prope venit ad aluume
36 640 533 672 Orthopnæa grauis vitiopulmonis anheli
32 670 495 701 Arctauit fauces nec reſpirare ſinebat,
38 700 603 729 Tuſſis ad hæc quaſſos animi conuellere folles
39 728 601 761 Viſa fuit, ſaniem eiectans per ſputa cruentam.
1 751 615 793 Poſtremo in lumbis mediis que in renibus ipſis
37 789 583 817 Longo ex decubitu concretus calculus atrox
38 816 512 844 Irruit in venas & dira incendia mouit:
36 845 590 880 Calculus heu nulli crnx æquiparanda dolorit
34 879 621 906 Quæ mala doctorum licet officioſa medentum
35 906 609 940 Cura laborarit multum expugnare per artem:
29 937 570 967 Haud tamen eualuit donec tu maxime cœli
34 964 700 1000 Terrarumque opifex, hominum ſeruator & aucto
32 994 575 1028 Idem qui vitiis illa haud indebita noſtris
32 1021 501 1059 Intuleras, patriâ flexus pietate fugaſti.
32 1053 555 1086 Sic olim precibus ſletuque euictus amaro
31 1079 554 1119 Regis Idumæi, iam iamque inſtantia fata
31 1112 585 1153 etro anettiltuatqus in tia luſtra benignus,
667 1150 731 1183 Ns
