872 1312
712 24 842 45 M
1 40 291 73 i
307 76 554 110 LVDOVICI
15 103 613 158 Mortiiam addictæ, produxtitempora vitæ
132 153 585 181 Ergo vni ſe noſtra tibi recreatio debet,
131 178 764 213 Quod ſpiro valeoque tuum eſt: quin ſi qua medentes
133 211 634 241 Graminibus ſuccisque ſuis ex arte tulerunt
129 238 680 268 Auxilia,hæc ad te redeunt. nam quis dedit altet
132 269 677 298 Graminibus vires, ipſisque medentibus artem?
133 298 662 328 Quemve alium fas eſt quam te tua dona tueri?
132 328 637 357 T vitæ dator es, mortem accerſiuimus ipſi,
133 357 649 385 Aut certea primis inducta parentibus ad nos
134 386 680 415 Perpetu fluxit ſerie, & fluet omne per æuum.
137 415 694 444 Tam nocuit vetitâ guſtatum ex arbore pomuml
135 444 682 474 Sed bene quod ſæuis quamuis ruit omnia telis,
136 474 636 500 Quæ nulli vitare datur, non tu tamen illam
135 502 657 532 Permittis, bone Rex, certo quas fine fruendas
137 532 612 561 Indulges nobis temere intercidere vitas:
135 560 712 587 Sed fræno & validis domitam compeſcis haben,
138 589 640 619 Effera præſcriptâ ne quid prius audeat horâ.
137 620 596 649 Sic multi quos iam Stygiâ vectare carinâ
137 648 669 677 Portitor vmbrarum Parcâ ſponente parabat,
138 679 644 708 Vixerunt longos, fruſtrato Dite per annos.
138 708 687 736 Videruntque ſenes multorum fnnera, quorum
138 736 594 765 Et potior fuerat vigor & robuſtior ætas.
136 766 711 794 Certe ego quem ſextus iam & ſexageſimus annus
136 793 655 824 Pulſat, & effæto iam dudum fanguine multâ
139 824 616 853 Obduxit crines incanaque menta pruina,
137 853 779 883 Haud paucos numerare queam fortesque, valentesqu
136 883 602 911 Et multum integri fidentes iribus æui,
139 912 703 941 Qui dum me laerimis mœſti miſerantur obortis
137 942 675 970 Diti vt iamque ſacrum, nec primi craſtina ſois
139 970 631 1000 Lumina viſurum, ipſi emigrauere priores:
140 999 675 1030 Cum tamen interea te vires dante animos que
138 1029 649 1059 Pertulerim aſſultus omnes languoris iniqui,
138 1057 718 1087 Noſtraque compulerim nimium properantia fata
142 1086 624 1119 Olim a te poſitis retro ſe reddere metis.
136 1116 704 1153 Quanquam o ſi lolia quia tui incllet.
777 1152 869 1170 e
