872 1312
267 65 496 90 ALLA
32 102 592 138 Et ſi qua affeus regeret prudentia noſtros,
82 132 603 169 Quæ veris nitens rationibus, eſſe moneret
2 161 623 192 l Anteferenda bonis bona non peritura caducis,
35 191 644 225 Sera minus forſan, quam mors matura, placeret:
83 219 629 250 Cum bonitate tua iam non ſit pœna, ſed omnis
81 251 574 279 Vltima meta mali, & vitæ melioris origo.
84 274 740 307 Scilicet hac causâ tua CHRISTVSiuſſa capeſſens,
88 300 771 337 CHRISTVSnoſtra ſalus, tua cara atque vnica proleſ.
86 341 451 372 Ex libata ſelectæ Virginis aluo
36 369 562 402 Aſſumpſit noſtri mortales corporis artus.
88 399 528 428 Inde ibi diſperſit vitæ præcepta beatæ,
90 428 565 458 Et ſua mirandis firmauit dogmata ſignis:
40 457 613 484 Inſonti vt laueret noſtras in ſanguine ſordes,
39 487 629 515 In cruce defomem ſubiit per vulnera mortem.
95 514 645 547 Nec plus quam triduum tumuli caligine ſeptus,
95 546 601 577 Seſ. iſ n lucem claraſque eduxit in auras.
96 574 628 604 Vt per ſe enigilat leo, quem non excitat vllus,
94 605 529 634 Iudæa de gente leo, tot regibus ortum
95 634 639 665 Quæ dedit, & regem prcd xt denique regum:
95 661 623 694 Perque dies multos charis conſpectus amicis,
96 691 634 721 Tandem teſt bus his ad te conſcendit, & ante
96 719 611 749 Semper inacceſſi portas reſerauit Olymt i:
98 747 616 776 Haud vlli tamen intrandas, cui non via lethi
98 776 591 809 Sit calcata prius. quam dux calcauit & ipſe,
100 805 654 838 Tlia quis meditans non vinclis corporis hius
1 837 568 877 q Exolui, atque alto cupiat ſurcedere cælo,
100 866 607 897 Degat vbinul is corruptum triſt bus æuum,
79 895 624 927 Conſpectuque tui æternâ cum pace fruatur?
102 926 579 955 Sed ne præcipites cæcique in fata ruamus
102 951 669 985 Dum propere nimis hæc bona feſlinamus adire;
103 984 618 1012 Iccirco hunc tantum vi æ præſentis amorem
101 1012 601 1044 Ingeneras nobis, tam firmo tamque tenaci
104 1038 684 1072 Terrenis animam connectens glutine membris,
106 1069 625 1100 Vt ſine vi multâ magniſque doloribus abs ſe
106 1100 612 1135 Diuelli nequeant, charoqie abſiſtere nexu.
717 1119 776 1151 Hs
501 1132 569 1162 C
