<?xml version="1.0" encoding="UTF-8" standalone="no"?><PcGts xmlns="http://schema.primaresearch.org/PAGE/gts/pagecontent/2019-07-15" xmlns:xsi="http://www.w3.org/2001/XMLSchema-instance" xsi:schemaLocation="http://schema.primaresearch.org/PAGE/gts/pagecontent/2019-07-15 http://schema.primaresearch.org/PAGE/gts/pagecontent/2019-07-15/pagecontent.xsd"><Metadata><Creator/><Created>2022-04-07T14:33:56</Created><LastChange>1970-01-01T00:00:00</LastChange><Comments/></Metadata><Page imageFilename="0062.png" imageHeight="1312" imageWidth="872"><TextRegion id="r1" orientation="0.0" type="paragraph"><Coords points="1,1 870,1 870,1310 1,1310"/><TextLine id="l1"><Coords points="312,89 312,114 565,114 565,89"/><TextEquiv><Unicode/></TextEquiv><TextEquiv index="1"><Unicode>LVDOVICI</Unicode></TextEquiv></TextLine><TextLine id="l2"><Coords points="545,156 689,156 689,126 334,126 284,128 245,127 201,129 130,128 130,160 363,160"/><TextEquiv><Unicode/></TextEquiv><TextEquiv index="1"><Unicode>Hinc vbi depoſiti, Parcarum iamque videmus</Unicode></TextEquiv></TextLine><TextLine id="l3"><Coords points="382,188 502,188 536,186 677,186 681,185 681,157 545,157 318,162 127,164 127,190 340,190"/><TextEquiv><Unicode/></TextEquiv><TextEquiv index="1"><Unicode>Ad ſinem properare colos, atque vltima nobis</Unicode></TextEquiv></TextLine><TextLine id="l4"><Coords points="469,216 660,216 660,187 382,189 340,191 207,193 132,192 132,220 317,220"/><TextEquiv><Unicode/></TextEquiv><TextEquiv index="1"><Unicode>Vitæ penſa trahi, votis, precibus, lacrymisque</Unicode></TextEquiv></TextLine><TextLine id="l5"><Coords points="378,246 647,244 647,217 469,217 234,222 129,221 129,248 340,248"/><TextEquiv><Unicode/></TextEquiv><TextEquiv index="1"><Unicode>Ad te confugimus, te ſupplice voce ciemus,</Unicode></TextEquiv></TextLine><TextLine id="l6"><Coords points="421,275 659,273 662,272 662,246 378,247 289,250 126,249 125,277 368,277"/><TextEquiv><Unicode/></TextEquiv><TextEquiv index="1"><Unicode>Stamina produci Lacheſi torquenda petentes.</Unicode></TextEquiv></TextLine><TextLine id="l7"><Coords points="733,274 421,276 228,280 133,279 133,308 252,308 307,306 392,306 544,303 699,303 706,304 711,307 733,308"/><TextEquiv><Unicode/></TextEquiv><TextEquiv index="1"><Unicode>Quod ſi impetramns, quanta o tunc gaudia mente</Unicode></TextEquiv></TextLine><TextLine id="l8"><Coords points="578,332 676,333 676,305 447,305 252,309 130,309 130,336 342,336"/><TextEquiv><Unicode/></TextEquiv><TextEquiv index="1"><Unicode>Percipimus, quanta exultat per corda voluptas,</Unicode></TextEquiv></TextLine><TextLine id="l9"><Coords points="266,364 675,362 675,334 514,334 244,338 132,337 132,365 134,366 229,366"/><TextEquiv><Unicode/></TextEquiv><TextEquiv index="1"><Unicode>Quam læto meritas agimus tibi pectore grates.</Unicode></TextEquiv></TextLine><TextLine id="l10"><Coords points="651,390 651,363 266,365 229,367 133,366 133,393 315,394"/><TextEquiv><Unicode/></TextEquiv><TextEquiv index="1"><Unicode>Votaque noſtra tuis adſtantes reddimus aris;</Unicode></TextEquiv></TextLine><TextLine id="l11"><Coords points="816,388 704,388 698,391 685,392 618,391 216,396 172,396 157,394 126,393 126,423 374,423 565,420 660,420 693,421 697,423 816,423"/><TextEquiv><Unicode/></TextEquiv><TextEquiv index="1"><Unicode>Teque Deum &amp; patrem æternum dominumq; canentei,</Unicode></TextEquiv></TextLine><TextLine id="l12"><Coords points="657,449 657,422 454,422 278,425 135,425 136,452 432,452"/><TextEquiv><Unicode/></TextEquiv><TextEquiv index="1"><Unicode>Omni congeſto laudum cumulamus honore:</Unicode></TextEquiv></TextLine><TextLine id="l13"><Coords points="689,450 300,454 176,454 133,452 133,479 137,480 431,481 521,479 653,479 656,481 689,481"/><TextEquiv><Unicode/></TextEquiv><TextEquiv index="1"><Unicode>Tum. templis adytisque tuis late vndique multo</Unicode></TextEquiv></TextLine><TextLine id="l14"><Coords points="621,507 621,480 283,483 188,483 172,481 132,480 132,509 485,509"/><TextEquiv><Unicode/></TextEquiv><TextEquiv index="1"><Unicode>Thure vaporatis vacuâ remeamus acerrâ.</Unicode></TextEquiv></TextLine><TextLine id="l15"><Coords points="379,538 416,539 466,537 683,537 683,508 220,512 130,511 130,540 263,540"/><TextEquiv><Unicode/></TextEquiv><TextEquiv index="1"><Unicode>Quando igitur tua me Stygii de faucibus Orci</Unicode></TextEquiv></TextLine><TextLine id="l16"><Coords points="726,566 726,538 466,538 416,540 379,539 263,541 126,540 126,567 231,568"/><TextEquiv><Unicode/></TextEquiv><TextEquiv index="1"><Unicode>Eripuit miſerata manus, Lernamque malorum</Unicode></TextEquiv></TextLine><TextLine id="l17"><Coords points="725,567 232,568 203,570 126,568 126,596 725,596"/><TextEquiv><Unicode/></TextEquiv><TextEquiv index="1"><Unicode>Depulit, &amp; ſæuam membrorum contudit hydram,</Unicode></TextEquiv></TextLine><TextLine id="l18"><Coords points="126,626 328,626 498,624 728,625 728,597 487,596 224,599 126,599"/><TextEquiv><Unicode/></TextEquiv><TextEquiv index="1"><Unicode>Sume libens, pater alme, tuum eelebrantia nunus</Unicode></TextEquiv></TextLine><TextLine id="l19"><Coords points="416,654 700,653 700,626 498,625 328,627 132,627 132,655 138,656 319,656"/><TextEquiv><Unicode/></TextEquiv><TextEquiv index="1"><Unicode>Qualiacumque damus pro noſtro carmina captu:</Unicode></TextEquiv></TextLine><TextLine id="l20"><Coords points="728,654 416,655 319,657 132,656 132,685 354,685 529,683 695,683 699,685 728,685"/><TextEquiv><Unicode/></TextEquiv><TextEquiv index="1"><Unicode>Non ſat digna quidem, ſed gratoA corde profecta</Unicode></TextEquiv></TextLine><TextLine id="l21"><Coords points="667,684 131,686 131,713 406,714 616,712 667,714"/><TextEquiv><Unicode/></TextEquiv><TextEquiv index="1"><Unicode>Ac ſpatium ætati ſi quod placet addere noſtræ,</Unicode></TextEquiv></TextLine><TextLine id="l22"><Coords points="648,714 596,713 406,715 131,714 131,741 138,742 648,742"/><TextEquiv><Unicode/></TextEquiv><TextEquiv index="1"><Unicode>Exactiſque alios adiungere meſſibus annos;</Unicode></TextEquiv></TextLine><TextLine id="l23"><Coords points="573,742 266,744 169,744 128,742 128,771 573,771"/><TextEquiv><Unicode/></TextEquiv><TextEquiv index="1"><Unicode>Da pater vt cæco vitiorum callerelicto,</Unicode></TextEquiv></TextLine><TextLine id="l24"><Coords points="714,770 615,770 609,772 342,773 130,772 130,801 714,801"/><TextEquiv><Unicode/></TextEquiv><TextEquiv index="1"><Unicode>Quem ſum errore malo per tempora longa ſecutus,</Unicode></TextEquiv></TextLine><TextLine id="l25"><Coords points="647,802 464,801 130,803 130,829 146,830 647,830"/><TextEquiv><Unicode/></TextEquiv><TextEquiv index="1"><Unicode>Quod duce te in cœlum recto ſe limite pandit</Unicode></TextEquiv></TextLine><TextLine id="l26"><Coords points="645,831 128,830 128,858 645,858"/><TextEquiv><Unicode/></TextEquiv><TextEquiv index="1"><Unicode>Ingrediar virtutis iter, tuaque vtmihi ſemper</Unicode></TextEquiv></TextLine><TextLine id="l27"><Coords points="130,859 130,888 688,888 688,859"/><TextEquiv><Unicode/></TextEquiv><TextEquiv index="1"><Unicode>Siat nſtar mandata Phari, quo tendere curſum</Unicode></TextEquiv></TextLine><TextLine id="l28"><Coords points="127,888 127,918 700,918 700,888"/><TextEquiv><Unicode/></TextEquiv><TextEquiv index="1"><Unicode>Poſſim, nead dextram vagus abducarve ſiniſtram.</Unicode></TextEquiv></TextLine><TextLine id="l29"><Coords points="669,920 663,919 123,918 123,944 144,946 669,947"/><TextEquiv><Unicode/></TextEquiv><TextEquiv index="1"><Unicode>Atque vbi præſcripti reuolutis menſibus orbes</Unicode></TextEquiv></TextLine><TextLine id="l30"><Coords points="653,948 128,947 128,972 132,973 189,975 653,976"/><TextEquiv><Unicode/></TextEquiv><TextEquiv index="1"><Unicode>Supremam admorint decurſo ſtamine lucem,</Unicode></TextEquiv></TextLine><TextLine id="l31"><Coords points="659,978 648,977 127,976 127,1003 659,1003"/><TextEquiv><Unicode/></TextEquiv><TextEquiv index="1"><Unicode>Tum vero, &amp;genitor, fac ſit procul illa ſeuera</Unicode></TextEquiv></TextLine><TextLine id="l32"><Coords points="635,1007 622,1006 127,1005 127,1033 635,1034"/><TextEquiv><Unicode/></TextEquiv><TextEquiv index="1"><Unicode>Iudicii cenſura tui: quis enim hiſcere conta</Unicode></TextEquiv></TextLine><TextLine id="l33"><Coords points="630,1035 127,1034 128,1061 630,1062"/><TextEquiv><Unicode/></TextEquiv><TextEquiv index="1"><Unicode>Audeat, vt ſeipſo non teſte &amp; iudice vincas?</Unicode></TextEquiv></TextLine><TextLine id="l34"><Coords points="557,1065 121,1062 121,1089 202,1091 557,1091"/><TextEquiv><Unicode/></TextEquiv><TextEquiv index="1"><Unicode>ed natus ſi noſtra tuus delicta piauit</Unicode></TextEquiv></TextLine><TextLine id="l35"><Coords points="690,1090 609,1090 603,1093 593,1094 202,1092 123,1090 123,1119 204,1119 269,1121 441,1121 514,1123 690,1123"/><TextEquiv><Unicode/></TextEquiv><TextEquiv index="1"><Unicode>Morte ſuâ, affixitque cruci, incluſitque ſepulero:</Unicode></TextEquiv></TextLine><TextLine id="l36"><Coords points="640,1124 122,1120 122,1155 640,1156"/><TextEquiv><Unicode/></TextEquiv><TextEquiv index="1"><Unicode>tnoſtram ſi cuncta vicemtua inla pereglt</Unicode></TextEquiv></TextLine><TextLine id="l37"><Coords points="807,1153 740,1153 740,1189 802,1191"/><TextEquiv><Unicode/></TextEquiv><TextEquiv index="1"><Unicode>es</Unicode></TextEquiv></TextLine><TextEquiv><Unicode/></TextEquiv></TextRegion></Page></PcGts>