872 1312
312 89 565 114 LVDOVICI
125 92 163 122 q
130 126 689 160 Hinc vbi depoſiti, Parcarum iamque videmus
127 157 681 190 Ad ſinem properare colos, atque vltima nobis
132 187 660 220 Vitæ penſa trahi, votis, precibus, lacrymisque
830 193 870 221 t
129 217 647 248 Ad te confugimus, te ſupplice voce ciemus,
94 246 662 277 Stamina produci Lacheſi torquenda petentes.
133 274 733 308 Quod ſi impetramns, quanta o tunc gaudia mente
130 305 676 336 Percipimus, quanta exultat per corda voluptas,
132 334 675 366 Quam læto meritas agimus tibi pectore grates.
133 363 651 394 Votaque noſtra tuis adſtantes reddimus aris;
99 388 869 423 Teque Deum & patrem æternum dominumq; canentei,
135 422 657 452 Omni congeſto laudum cumulamus honore:
133 450 689 481 Tum. templis adytisque tuis late vndique multo
132 480 621 509 Thure vaporatis vacuâ remeamus acerrâ.
130 508 683 540 Quando igitur tua me Stygii de faucibus Orci
75 538 726 568 Eripuit miſerata manus, Lernamque malorum
78 567 725 596 Depulit, & ſæuam membrorum contudit hydram,
7 596 728 635 Sume libens, pater alme, tuum eelebrantia nunus
132 625 700 656 Qualiacumque damus pro noſtro carmina captu:
132 654 728 685 Non ſat digna quidem, ſed gratoA corde profecta
131 684 667 714 Ac ſpatium ætati ſi quod placet addere noſtræ,
131 713 648 742 Exactiſque alios adiungere meſſibus annos;
128 742 573 771 Da pater vt cæco vitiorum callerelicto,
130 770 714 801 Quem ſum errore malo per tempora longa ſecutus,
130 801 647 830 Quod duce te in cœlum recto ſe limite pandit
128 830 645 858 Ingrediar virtutis iter, tuaque vtmihi ſemper
130 859 688 888 Siat nſtar mandata Phari, quo tendere curſum
127 888 700 918 Poſſim, nead dextram vagus abducarve ſiniſtram.
123 918 669 947 Atque vbi præſcripti reuolutis menſibus orbes
128 947 653 976 Supremam admorint decurſo ſtamine lucem,
127 976 659 1003 Tum vero, &genitor, fac ſit procul illa ſeuera
127 1005 635 1034 Iudicii cenſura tui: quis enim hiſcere conta
127 1034 630 1062 Audeat, vt ſeipſo non teſte & iudice vincas?
121 1062 557 1091 ed natus ſi noſtra tuus delicta piauit
123 1090 690 1123 Morte ſuâ, affixitque cruci, incluſitque ſepulero:
122 1120 640 1156 tnoſtram ſi cuncta vicemtua inla pereglt
740 1153 831 1190 es
751 1252 843 1286 q
