872 1312
248 71 479 92 AAL I-
51 108 637 141 Nec eaput eſt vllum quod non implerit omiſſum,
55 140 615 169 Totâ ex lege tua, non punctus apexque relictus,
57 169 587 194 Ne iam ne obductas, rector mitiſſime, noxas
58 198 585 228 Excute, neue vlla aſperius benefacta repoſce:
61 229 551 258 Sed pertum nobis illius ſanguine regnum
59 257 550 287 Et meritis largire bonus, cœloque receptos
56 287 495 316 Electis admiſce tuis, ſi ſpeque fideque
61 316 550 345 Non alii cuiquam, ſed toti innitimur illi.
51 346 750 384 Hoc per eundem ipſum, pater alme, precamur IESVN.
50 375 633 405 tt Qui tecum & cum illâ, quam vos ſpiratis vterque,
50 405 582 433 Sanctâ animâ æquali ſub maieſtatis honore,
50 433 546 469 Viuit ab æternis regnatquein ſecula ſeclis.
118 465 662 493 Ad Scauolam Sammathanum; ac Germ. & Nicol
324 493 505 515 Audebertos.
51 521 595 552 Vis arcana tuæ eſt, & Sammarthane, Camœnæ,
51 552 516 580 Et genius tanto non minor ingenio.
50 577 662 609 Dant ſiquidem ſimiles tua redere carmina verſus,
51 609 559 642 Et numeri numeros dant reſonare pares.
51 639 560 671 Liuida conſpectos ſic inficit vua racemos;
89 668 493 697 Adſtrepit impulſæ ſic lyra viſa lyræ.
50 696 605 728 Hoc adeo tam culta probant natique patriſque
51 727 532 756 Certatim in laudes carmina fuſa tuas:
51 756 565 787 Queis fide Romanâ, par diceris eſſe Maroni;
51 786 532 815 Ronſardum Gallis æquiparare modis.
51 815 586 843 Diceris & Magnes, & Iacryma ſuccina nobis.
51 844 561 874 In geminos gemino dum rapis ore polos:
50 875 557 904 Diceris & melior Circe, & non noxia Siren,
51 904 544 929 Gallus & Alcides, Scæuola vt es Latius:
51 932 518 963 Inuictusque aliis vni tibi cedere, cedunt
51 962 494 992 Vt ſibi Ronſardus, Virgiliuſque ſibi
51 991 560 1022 Ah cur & veſtris, O nate paterque, Camœnis
51 1022 602 1050 Non etiam hæc vis eſt, non etiam hic genius
51 1048 659 1079 Veſtra mihi vt ſimiles dent carmina reddere erſus
51 1080 560 1108 Et numeri numeros dent reſonare pares?
50 1106 516 1144 el potiusa, noſti eu non eſt vber agelli.
654 1140 714 1168 Ta
