872 1312
329 65 602 98 LVDOVICI
174 112 662 142 Tam bona quod poſſit ſemina concipere?
144 138 747 172 Tunc ego qui agutis modo mixtus oloribus anſe,
175 171 619 200 Tam ſuaues rauco gutture lædo ſonos,
145 197 723 232 Quamuis me magnis poſſem annumerare poetis:
175 229 630 258 Saltem dum aſpirat veſtra Thalia mihi.
263 255 705 289 Ad iiundum ſaſſacum, medicum &
455 294 535 318 paelam.
149 317 615 344 ARTEvt Pæoniâ caſtæ pia cura Dianæ,
181 346 622 374 Vitam olim caſto reddidit Hppolyto:
152 374 674 405 Sic nunc arte tua ſperat pia caſtaque coniux,
181 405 584 434 Vitam Nancæo reddere poſſe ſuo.
153 429 786 464 Nec fruſtra: quid enim non optima gramina poſſuat?
182 463 683 490 Et bona iuncta bonis carmina graminibus?
155 490 730 523 Tu quoque tam ſancto ſeruire haud ſegnis amori,
186 520 657 552 Quanquam non deſimt illa nec iſta tibi
156 550 649 580 Sollicitas vates, atque illos carmina poſſis,
184 581 554 610 Et de Pieriis gramia lecta iugis.
157 608 668 639 Scilicet vt cantus reſonet de carmine dulcis,
186 639 627 667 Dulcis ab expreſlo gramine ſuceus eat:
161 666 714 698 Queis illectæ animæ redeant in corpora rurſus,
194 698 656 726 Surgantque ipſa ſuis corpora de tumulis.
156 725 810 756 Hei mihi, quod noſtris non hæc ſunt gramina campi
189 756 720 778 Non habet hæc noſtrum catmina ſcriniolum
158 785 723 814 Sed tibi qui pudor ſt, vel apud nos illa requiris
190 815 650 842 Audemusque ipſi qualtacumque dare.
158 844 703 872 At cur non proprios potis te vertis ad hortos,
192 873 639 902 Cur tua non potius ſcrinia peruoluis
161 903 754 932 Gramina nonne illic, quæ corpora ſurgere cogant
160 960 769 988 Ctſſina nonne hic ſunt reuocare potentia mane
191 990 616 1019 Seruantur toto quotquot in ilyſio?
162 1018 703 1046 Ergo his fac ſuperas remeet Nancæus ad oras,
196 1049 655 1071 Fac redeat caram Virbius ad dominam.
165 1076 742 1107 Nec te Phœbigenæ miſeranda exempla retardent,
194 1107 701 1139 Guem louis ad Stgias ignis adegi aquas.
791 1118 842 1172 us
