872 1312
230 70 465 91 AEALMI
44 107 535 139 Ile fuit medicus, ſed non fu ille poeta;
44 138 557 166 Laurigerum feriunt fulmina nulla caput.
269 168 482 189 Germanoudelerto.
56 197 448 225 GI. non ſine plurimo rubore,
56 227 447 256 Tuos Hndecaſyllabos, quibus te
55 256 385 281 Prius victum aus etuditione,
57 286 371 313 Nec non ingenii beat tate:
58 314 456 338 Et vitum ſimul his duobus? me.
59 345 501 372 Pe Mu as rogo te, optime Audeberte,
44 372 559 403 Vnde h:s mos nouus, & tibi ante nunquam
60 401 422 431 Vſurpatus, vt immerenti amico
44 428 480 461 Pulcum illudere cenſeas? velut ſim
62 462 528 489 Tam Suffenus ego & tam ineptus, vt me
44 490 440 519 Vnquam crediderim eruditione,
62 520 363 548 Ant rari ingenii beatitate,
63 548 501 578 Vlla ex parte tibi eſſe comparandum:
64 578 507 604 Cum ſit de numero erud itiorum,
62 607 379 635 Et dote ingen ii beatiorum
64 635 443 665 Nullus, qui mage v vat eruditus,
44 666 426 695 Aut doe ingenii magis beatus.
44 693 493 725 u ſum humanior eſſe dieor, atque
44 723 457 754 j Hac in prte etiam tui eſſe victor.
66 753 501 782 Humaniſſi.nus omnium ipſe cum ſis,
69 783 490 812 Sic quicquid ibi contulit bonorum
69 812 484 839 Natura, au ſtudio ipſe es aſſecutus,
70 841 494 866 Non comte utie mod ſacis duobus,
73 870 455 899 Qua laus ſit ſa is optimis amicis:
65 900 479 930 Sed partem tib demis ampliorem,
71 930 478 959 Adſcrib ns mili qua benignitate
65 959 434 989 t Omnes anteis optimos amieos.
308 989 490 1018 n vmbema
72 1018 681 1049 ILLAVdes? medi qnæ ſurit ab æquore cautes
72 1047 545 1074 PSuius Ner ii v texl ouis xcipit iras,
72 1076 641 1109 Omne latus ventt tabiem: pe ſtat tamen, & tot
72 1105 571 1140 Conſumit ſecura Dsunts fcangitur vll,
683 1136 747 1168 uis
