872 1312
332 72 606 98 VDOVICI
146 107 704 146 Quin durata magis Iouis igne, ablutaque fluctu,
145 140 607 167 t vento deterſa, nitet redeunte ſereno
145 168 706 200 Purius, aduerſum geminans in marmore Solem.
176 195 808 240 Talis hic eſt Conſtans, quem non ſacer ille profunds
146 229 608 258 ſtus auaritiæ, non igneus impetus iræ,
146 258 600 290 Vaica non labes omnis vittutis, inanis
147 287 576 316 Gloria, ventoſis recto dimouet alis.
147 313 707 349 Illuſtrant hæc ipſa etiam dum obnititur, & dum
147 346 596 378 Fortius impreſsâ firmat veſtigia plantâ.
422 377 552 405 Rupes euerſa.
148 402 764 431 OMens cæca hominum, & fluxis male credula rebuss
148 434 755 467 Quæ mare, quæ ventos, quæ fulmina temnere rupes
147 464 618 490 Et ſolidi viſa eſt vmbone retundere ſaxi
148 491 679 526 Quæque putabatur mundo manſura ſuperſtes,
144 522 631 555 Daritie, & firmo conſtantis robore molis;
145 552 735 583 Iam nuſquam eſt: foliti naues impingere nautæ
147 581 707 608 Ctedere vix audent, ſed adhuc de puppibus altis
146 610 607 640 Affixiclauo late æquora circumſpectant,
146 639 618 664 Non bene ſeruato metuentes ſidere falli.
146 669 702 699 Scilicet haud falſo memorant, tellure cauatâ,
146 699 645 727 Incluſas luctari animas, ſuperumque ruinâ
146 728 676 757 Moliri effugium; magnas hinc funditus vrbes
145 758 644 785 uerti, & fractos penitus ſubſidere montes.
145 786 717 818 Quandoquidem hæc rupes tali quaſſata tremr,
144 816 567 839 Pertuſi vitio fundi ſubmerſa reſedit.
302 845 554 873 E Galico Vidonis Fabr.
343 877 526 897 Lucretia omana.
143 904 688 934 Irruit in noſtrum cum vis ſcelerata pudorem,
173 934 662 962 Vici anio, quamuis corpore victa tenus.
144 962 740 1000 Si qua etiam irrepſit per membra coacta olupta;
174 992 619 1023 Sanguine plus ſatis eſt illa piata meo.
142 1022 597 1051 Romanos docui, vi paſſæ turpia nuptæ,
174 1051 643 1081 Credatur quamuis fama manere prior
139 1080 683 1121 Nec dandam veniam, toto niſi ſanguine fuſo,
167 1109 598 1143 Vtcunque infectum dedecus elueris.
767 1141 808 1182 Sis
