872 1312
284 61 507 83 AL AML
710 65 750 96 B
45 98 713 130 te mihi, noſtro vltæ, non noſtrum, in corpore, erimen,
47 129 615 157 Manſit inextinctus morte probante pudor.
15 158 569 188 Exemplo iam nulla meo ſibi conſcia viuet,
2 187 528 219 fui Turpiter aut famæ viſa ſuperſtes erit.
47 218 649 248 Nam partem ſceleris prudens ſubit illa, volenſque,
49 248 468 282 Cui placet ereptâ vita pudicitiâ.
342 280 470 301 Porcia Brut.
1 299 679 338 Non factum effugiens, quamuis Lucretia culpam,
50 337 512 367 Ipſa ſua cecidit fortiter vſa manu:
49 364 516 395 Virginia, impuri iura iniidioſa tyranni
1 396 512 425 ebs Vt fugeret, patri colla ſecanda dedir.
1 424 586 460 pe At mihi, ſublato, fueram quo ſtante, marito,
50 457 502 484 Romanas inter gloria prima nurus,
48 481 616 519 Mortem indixit amor, miſſis in viſcera flammis,
50 513 536 543 Viſcera iam ſiammâ ſemicremata ſuâ.
1 537 542 576 Felix morte tuâ, cim tu Lucretia, tum tu
51 573 597 601 Virginial at felix plus ego vtraque tamen;
48 597 569 659 eee
49 660 651 692 Et eui alii hoc animi, genitor Cato, Cæſar iniquui
48 689 547 722 Virutus, ſeclo degenerante, darent?
264 719 538 747 In ometam anni I .
48 740 558 785 Triſte quod attonitis ſidus ſe miſcuit aſtris,
51 779 523 808 Et cœlum longâ terruit omne comâ:
1 799 605 840 Quo terrore latens vix noſtras Phœbus ad oras
52 837 553 868 Obliquum hiberno mittit ab axe diem.
48 863 512 899 Perſephone radios euitatura minaces,
48 898 538 927 Vltro ad raptorem fugit anhela ſuum:
45 926 599 961 Cætera continuis laerymarunt ſidera nim bis,
48 956 640 985 Nec bene diſcuſsâ nunc quoque nube micante
39 979 617 1019 Ne bella & cædes, peſtemue, famemue timete,
48 1016 515 1044 Aut noua mutatis regibus imperia.
47 1043 531 1076 Iſtas quippeluit Regina pecunia clades
47 1074 501 1104 Cladeſua, & fato regia fata luo.
10 1105 598 1136 Aurum en Sol altetruncato mœret honore;
683 1136 731 1158 Ne
