872 1312
284 61 508 83 AL AML
53 98 713 130 te mihi, noſtro vltæ, non noſtrum, in corpore, erimen,
53 129 615 157 Manſit inextinctus morte probante pudor.
54 158 569 188 Exemplo iam nulla meo ſibi conſcia viuet,
54 189 528 219 fui Turpiter aut famæ viſa ſuperſtes erit.
53 218 649 248 Nam partem ſceleris prudens ſubit illa, volenſque,
54 248 468 282 Cui placet ereptâ vita pudicitiâ.
342 280 470 301 Porcia Brut.
54 299 679 338 Non factum effugiens, quamuis Lucretia culpam,
54 337 512 367 Ipſa ſua cecidit fortiter vſa manu:
54 364 516 395 Virginia, impuri iura iniidioſa tyranni
54 396 512 425 ebs Vt fugeret, patri colla ſecanda dedir.
53 424 586 460 pe At mihi, ſublato, fueram quo ſtante, marito,
54 457 502 484 Romanas inter gloria prima nurus,
54 481 616 519 Mortem indixit amor, miſſis in viſcera flammis,
54 513 536 543 Viſcera iam ſiammâ ſemicremata ſuâ.
54 537 542 573 Felix morte tuâ, cim tu Lucretia, tum tu
54 573 597 601 Virginial at felix plus ego vtraque tamen;
54 660 651 692 Et eui alii hoc animi, genitor Cato, Cæſar iniquui
53 689 547 722 Virutus, ſeclo degenerante, darent?
264 719 538 747 In ometam anni I .
54 739 558 785 Triſte quod attonitis ſidus ſe miſcuit aſtris,
54 779 523 808 Et cœlum longâ terruit omne comâ:
54 803 605 840 Quo terrore latens vix noſtras Phœbus ad oras
53 837 553 868 Obliquum hiberno mittit ab axe diem.
54 863 512 899 Perſephone radios euitatura minaces,
54 898 538 927 Vltro ad raptorem fugit anhela ſuum:
53 926 599 959 Cætera continuis laerymarunt ſidera nim bis,
54 956 640 985 Nec bene diſcuſsâ nunc quoque nube micante
54 983 617 1019 Ne bella & cædes, peſtemue, famemue timete,
54 1016 515 1044 Aut noua mutatis regibus imperia.
54 1044 531 1076 Iſtas quippeluit Regina pecunia clades
54 1074 501 1104 Cladeſua, & fato regia fata luo.
54 1104 598 1136 Aurum en Sol altetruncato mœret honore;
683 1136 731 1158 Ne
