872 1312
367 72 607 96 LVDOVICI
148 78 178 103 as
178 109 683 139 Nec pretium argento quc d fuit ante manet,
143 138 671 162 Conflantur miſer, terreſtria ſidera Numn i,
175 169 658 197 Exilium aut latebras plurima tutba petit.
146 197 725 228 ic eat, alme pater, pereant mala ſemina fraudum,
177 228 591 256 Ira ſu a po ulis dnm procul iſta tuis.
288 254 670 284 De larnaci, & ſtanet, monomachiâ.
147 287 629 315 t mouere pares contraria cominus arma,
177 315 612 345 Acer arnacus. Caſtancu que ferx;
148 345 755 373 Quo non par hominum concurrere fortius vnquam,
180 374 527 396 Nobilis lei vidi arena louis:
150 401 737 432 Mat ſtett atonitus, dubius quem vincere mallet,
180 432 625 461 Vincere ſic pariter dignus vterque fuit.
150 461 688 495 In. idi mqu timens, ceſſiſſe ex æquore fertur,
180 491 570 519 Fortunæque ſuas attribuſſe vices.
151 519 673 548 Quæ ſicu cæea eſt, temere ac diſcrimine nullo
182 550 572 578 Se acrs larnaci partibus applicuit:
151 578 685 607 Ille fauente deâ moibundum deicit hoſtem,
11 576 63 600 .
181 606 558 636 Cæſis ingenti vulnere poplitibus.
152 636 638 667 Quantus Ach lleæ traiectucuſpidis Hector
182 666 661 695 Natalem magno corpore preſſit humum:
150 695 740 727 Tantus Caſtaneus, nec ab hoſte minore peremptus,
180 724 588 752 Sanguine defectis viribus occubuit.
152 751 673 784 Obuertitque cadens ad regs lumina vultum,
183 782 626 810 Cuius ſe inuictum Numine crediderat.
152 812 652 846 Scilicet exemplum cunctis inſigne daturus,
181 840 582 873 Illic quam reges plus potuiſſe deos.
328 875 635 904 Lau æ uinioneſis tumulus.
150 898 657 935 Tres ſibi Franciſci, Diuus, Rex, atque Poeta,
180 929 670 963 Fronde tui optarunt cingere, Lauta, caput.
7 928 40 960 I
6 953 35 975 I
148 957 699 993 Moribus hoc diuus; validis Rex inclytus armis;
180 988 591 1022 Hoc meruit Tuſcæ laude poeta lyræ.
5 991 39 1029 I
149 1016 686 1052 Nunc tibi communi pro munere, gratia triplex
178 1047 532 1073 A ternis terno redditur officio.
149 1073 701 1109 Rex decorat tumulo; celebrat te carmine vates;
178 1105 577 1136 Impertit templi Diuus honore ſui.
713 1139 843 1178 Attamen
773 1237 866 1269 c
