872 1312
270 68 492 90 AALMI
40 105 576 134 Aitamen ingenu quod regia Muſa fatetur
92 134 529 158 Vincuntur meritis hæc tria dona tuis.
60 164 700 190 Non tumulus formam, non reddunt carmina mentem
89 194 569 222 Tm parua hoc numen non capit ædicula.
60 222 621 252 Salue igitu:, vitgo ter maxima; tu quoqne ſalue
89 253 554 282 Nunquam decid uis arbot opaca comis:
60 282 578 311 Vndedecus capiti, ſanctæque modeſtia vitæ,
92 311 539 333 Et cum Phœbeo Martius ambi honor.
1 341 591 369 , Quumque tria uvnius laudes æquare laborent;
43 368 483 397 Ipſa coronandis ſufficis vna tribus.
225 399 551 429 Tuoaræ occiſi.
62 429 576 458 Hectore quæ viuo tot erat leruata per annos,
42 458 485 486 Hectore ſublato diruta Troia fuit.
838 449 870 497 I
63 484 613 515 Tu quoque Deſſæo quæ ſolpite ſalua manebas,
42 516 519 540 Deſſæo extincto mox, Teroana, ruis.
62 544 599 575 Quod ſi tam Morinis fottem Deſſæa dediſſent,
42 575 539 603 Hectora quam Teucris viuere fata diu
60 603 596 633 Qum fuit ad Troiam lentus bellator Atrides,
92 633 598 656 Tam lenta in Morinos Cæſaris arma forent.
274 664 514 685 D. Catharinæ Mſediceæ.
1 690 588 749 eæ
64 749 599 779 Quem ſecum ambroſios late diſpergere odores
94 779 526 801 Gaudebant iunctis lilia noſtra comis.
63 809 552 838 Nec mala tempeſtas aut his, aut obfuit illi,
94 837 570 868 Dum florere ſimul fata Deuſque dabant.
64 867 585 896 Sed ſimul ac ſuperis ille eſt ſubductus ab oris.
91 897 471 926 Lætior vt campis floreat Elyſiis:
65 926 519 955 Lilia & ipſa ſuo penitus defecta vigore-
89 956 559 985 Pronum inclinarunt mox tuiturâ, caput.
219 987 568 1013 Nat. Brulartii Procuratoru Reoii.
42 1013 492 1044 Pinxiſſe rhebanos ferunt antiquitus
61 1043 529 1069 runcos manibus omnes ſenatores ſuos,
67 1073 576 1102 Oculiſque captos; fore monentes ſic bonos,
65 1102 482 1132 Cum nec capere liceret illis munera,
685 1136 734 1158 Nee
1 1154 40 1176 us
