872 1312
373 56 614 82 VDOVICI
141 63 175 91 a
144 96 601 126 Nec reſpicere potentiorum ad gratiam:
144 126 561 156 Mera hæc fuiſſe ego arbitror deliria.
145 151 696 184 Nm monſtro ineſſe quid boni primum potel
144 185 520 215 Deinde quæ laus fuerit iſti iudici
146 210 730 246 Qui haud ſit bono animi, at corporis malo bonus
146 242 617 270 Nec diſſimilis Athenienſium ineptia eſt:
147 272 574 300 Queis nocte indicare mos olim fuit;
85 302 544 332 Prodente ne dicentium vultus die
148 330 660 361 Quid iuris in cauſsâ eſſet haud attenderent.
148 361 559 390 Nam confiteri qui queant apertius
150 390 540 420 Se iudices fuiſſe iniquos & malos,
148 417 677 450 Tenebriſque non ſibi eſſe habendam gratiam,
835 417 870 448 e
836 448 870 476 M
150 449 529 477 Si non inique iudicarint & male?
209 475 695 505 BRVLARTVSiſto ar qui ſepultus eſt ſolo,
835 476 870 506 u
88 506 655 536 Non cœcus aut truncus, ſed oculis præditus
88 535 658 563 Circa bonum commune vigilantiſſimis,
87 562 727 594 Manibuſque ad omne opus pium promptiſſimis:
150 594 627 623 Sic quoque coagmentatus omni corpore,
150 623 676 653 Vt ſtans & incedens, tacenſque & alloquenu
151 653 570 682 Seneritatem non attrocem, ſed pari
151 682 634 711 Contemperatam humanitate oſtenderet,
151 711 623 744 Quali eſt figura alto aſſidens virgo Ioui
150 741 575 769 Auctore Chryſippo ſolita pingi Dice
151 771 599 800 Amore ſolo honeſti & imhoneſti fuga,
151 799 619 829 Tam ſeſe ab omni ſorde purum præſtitit,
152 829 620 858 Tam gratiæ ao fauori inexpugnabilem:
150 854 717 887 Vt quantum ad hæc cognita loquor cæcis nſh
149 887 604 918 Differret, aut traque truncatis manu:
149 917 688 955 Atque vt patenti luce muneri vacans ſuo,
835 928 869 944 ſ
150 946 609 976 Noctem ipſe ſibi præſtaret innocentia.
377 978 593 1000 Iani Brinonis tumulo.,
87 997 556 1036 Iuſigne rerum ſi lubet mortalium
150 1034 707 1065 Cognolcere exemplum omniumq, maximum
150 1065 697 1095 Quæ vnquam hactenus Fortuna ludens edidit,
149 1092 619 1123 ati patreſque paululum hic conſiſites
740 1124 863 1160 Vosi
