<?xml version="1.0" encoding="UTF-8" standalone="no"?><PcGts xmlns="http://schema.primaresearch.org/PAGE/gts/pagecontent/2019-07-15" xmlns:xsi="http://www.w3.org/2001/XMLSchema-instance" xsi:schemaLocation="http://schema.primaresearch.org/PAGE/gts/pagecontent/2019-07-15 http://schema.primaresearch.org/PAGE/gts/pagecontent/2019-07-15/pagecontent.xsd"><Metadata><Creator/><Created>2022-04-07T14:38:56</Created><LastChange>1970-01-01T00:00:00</LastChange><Comments/></Metadata><Page imageFilename="0070.png" imageHeight="1312" imageWidth="872"><TextRegion id="r1" orientation="0.0" type="paragraph"><Coords points="1,1 870,1 870,1310 1,1310"/><TextLine id="l1"><Coords points="373,56 373,82 614,82 614,56"/><TextEquiv><Unicode/></TextEquiv><TextEquiv index="1"><Unicode>VDOVICI</Unicode></TextEquiv></TextLine><TextLine id="l2"><Coords points="601,96 144,96 144,126 601,126"/><TextEquiv><Unicode/></TextEquiv><TextEquiv index="1"><Unicode>Nec reſpicere potentiorum ad gratiam:</Unicode></TextEquiv></TextLine><TextLine id="l3"><Coords points="561,154 561,126 265,128 144,127 144,155 146,156 423,156"/><TextEquiv><Unicode/></TextEquiv><TextEquiv index="1"><Unicode>Mera hæc fuiſſe ego arbitror deliria.</Unicode></TextEquiv></TextLine><TextLine id="l4"><Coords points="696,151 617,151 609,154 583,155 498,155 423,157 195,158 145,156 145,184 696,184"/><TextEquiv><Unicode/></TextEquiv><TextEquiv index="1"><Unicode>Nm monſtro ineſſe quid boni primum potel</Unicode></TextEquiv></TextLine><TextLine id="l5"><Coords points="520,213 520,185 318,187 179,187 144,185 144,215 387,215"/><TextEquiv><Unicode/></TextEquiv><TextEquiv index="1"><Unicode>Deinde quæ laus fuerit iſti iudici</Unicode></TextEquiv></TextLine><TextLine id="l6"><Coords points="730,210 578,210 566,214 514,215 223,217 146,216 146,245 161,246 327,243 526,243 626,240 664,240 672,246 730,246"/><TextEquiv><Unicode/></TextEquiv><TextEquiv index="1"><Unicode>Qui haud ſit bono animi, at corporis malo bonus</Unicode></TextEquiv></TextLine><TextLine id="l7"><Coords points="617,242 526,244 327,244 228,246 217,245 204,247 146,246 146,270 617,270"/><TextEquiv><Unicode/></TextEquiv><TextEquiv index="1"><Unicode>Nec diſſimilis Athenienſium ineptia eſt:</Unicode></TextEquiv></TextLine><TextLine id="l8"><Coords points="147,272 147,300 574,300 574,272"/><TextEquiv><Unicode/></TextEquiv><TextEquiv index="1"><Unicode>Queis nocte indicare mos olim fuit;</Unicode></TextEquiv></TextLine><TextLine id="l9"><Coords points="544,330 544,302 194,305 138,303 138,332 416,332"/><TextEquiv><Unicode/></TextEquiv><TextEquiv index="1"><Unicode>Prodente ne dicentium vultus die</Unicode></TextEquiv></TextLine><TextLine id="l10"><Coords points="660,330 292,334 148,333 148,361 660,361"/><TextEquiv><Unicode/></TextEquiv><TextEquiv index="1"><Unicode>Quid iuris in cauſsâ eſſet haud attenderent.</Unicode></TextEquiv></TextLine><TextLine id="l11"><Coords points="559,389 559,361 246,362 148,364 148,390 417,390"/><TextEquiv><Unicode/></TextEquiv><TextEquiv index="1"><Unicode>Nam confiteri qui queant apertius</Unicode></TextEquiv></TextLine><TextLine id="l12"><Coords points="540,418 540,390 418,390 377,392 150,391 150,418 155,419 389,420"/><TextEquiv><Unicode/></TextEquiv><TextEquiv index="1"><Unicode>Se iudices fuiſſe iniquos &amp; malos,</Unicode></TextEquiv></TextLine><TextLine id="l13"><Coords points="677,417 595,417 589,419 389,421 192,421 148,419 148,448 154,449 330,450 524,447 579,448 583,450 677,450"/><TextEquiv><Unicode/></TextEquiv><TextEquiv index="1"><Unicode>Tenebriſque non ſibi eſſe habendam gratiam,</Unicode></TextEquiv></TextLine><TextLine id="l14"><Coords points="529,476 529,449 397,449 330,451 219,451 150,449 150,477 521,477"/><TextEquiv><Unicode/></TextEquiv><TextEquiv index="1"><Unicode>Si non inique iudicarint &amp; male?</Unicode></TextEquiv></TextLine><TextLine id="l15"><Coords points="695,475 556,475 549,477 521,478 209,477 209,505 695,505"/><TextEquiv><Unicode/></TextEquiv><TextEquiv index="1"><Unicode>BRVLARTVSiſto ar qui ſepultus eſt ſolo,</Unicode></TextEquiv></TextLine><TextLine id="l16"><Coords points="655,506 527,506 440,508 193,508 161,506 130,506 130,536 480,536 534,534 644,534 648,536 655,536"/><TextEquiv><Unicode/></TextEquiv><TextEquiv index="1"><Unicode>Non cœcus aut truncus, ſed oculis præditus</Unicode></TextEquiv></TextLine><TextLine id="l17"><Coords points="658,562 658,538 651,538 644,535 534,535 480,537 130,536 130,563 651,563"/><TextEquiv><Unicode/></TextEquiv><TextEquiv index="1"><Unicode>Circa bonum commune vigilantiſſimis,</Unicode></TextEquiv></TextLine><TextLine id="l18"><Coords points="727,562 659,562 651,564 340,567 154,566 130,565 130,594 481,594 598,592 727,594"/><TextEquiv><Unicode/></TextEquiv><TextEquiv index="1"><Unicode>Manibuſque ad omne opus pium promptiſſimis:</Unicode></TextEquiv></TextLine><TextLine id="l19"><Coords points="627,621 627,594 482,594 385,596 150,595 150,622 492,623"/><TextEquiv><Unicode/></TextEquiv><TextEquiv index="1"><Unicode>Sic quoque coagmentatus omni corpore,</Unicode></TextEquiv></TextLine><TextLine id="l20"><Coords points="676,623 493,623 400,625 150,623 150,652 676,653"/><TextEquiv><Unicode/></TextEquiv><TextEquiv index="1"><Unicode>Vt ſtans &amp; incedens, tacenſque &amp; alloquenu</Unicode></TextEquiv></TextLine><TextLine id="l21"><Coords points="570,681 570,653 151,653 151,682 546,682"/><TextEquiv><Unicode/></TextEquiv><TextEquiv index="1"><Unicode>Seneritatem non attrocem, ſed pari</Unicode></TextEquiv></TextLine><TextLine id="l22"><Coords points="634,710 634,682 547,682 479,684 151,683 151,709 153,710 628,711"/><TextEquiv><Unicode/></TextEquiv><TextEquiv index="1"><Unicode>Contemperatam humanitate oſtenderet,</Unicode></TextEquiv></TextLine><TextLine id="l23"><Coords points="623,712 253,713 205,711 151,711 151,744 193,744 201,741 230,740 615,740 623,744"/><TextEquiv><Unicode/></TextEquiv><TextEquiv index="1"><Unicode>Quali eſt figura alto aſſidens virgo Ioui</Unicode></TextEquiv></TextLine><TextLine id="l24"><Coords points="575,741 230,741 201,742 193,745 150,745 150,769 575,769"/><TextEquiv><Unicode/></TextEquiv><TextEquiv index="1"><Unicode>Auctore Chryſippo ſolita pingi Dice</Unicode></TextEquiv></TextLine><TextLine id="l25"><Coords points="599,799 599,771 151,771 151,797 153,798 261,800 578,800"/><TextEquiv><Unicode/></TextEquiv><TextEquiv index="1"><Unicode>Amore ſolo honeſti &amp; imhoneſti fuga,</Unicode></TextEquiv></TextLine><TextLine id="l26"><Coords points="619,800 261,801 151,799 151,826 166,827 197,827 220,829 619,829"/><TextEquiv><Unicode/></TextEquiv><TextEquiv index="1"><Unicode>Tam ſeſe ab omni ſorde purum præſtitit,</Unicode></TextEquiv></TextLine><TextLine id="l27"><Coords points="620,857 620,830 152,829 152,855 157,856 311,858 576,858"/><TextEquiv><Unicode/></TextEquiv><TextEquiv index="1"><Unicode>Tam gratiæ ao fauori inexpugnabilem:</Unicode></TextEquiv></TextLine><TextLine id="l28"><Coords points="717,855 713,854 647,854 640,857 632,858 500,860 180,858 150,856 150,883 184,884 191,886 717,887"/><TextEquiv><Unicode/></TextEquiv><TextEquiv index="1"><Unicode>Vt quantum ad hæc cognita loquor cæcis nſh</Unicode></TextEquiv></TextLine><TextLine id="l29"><Coords points="604,889 383,890 316,888 149,887 149,916 330,918 604,918"/><TextEquiv><Unicode/></TextEquiv><TextEquiv index="1"><Unicode>Differret, aut traque truncatis manu:</Unicode></TextEquiv></TextLine><TextLine id="l30"><Coords points="643,917 631,919 330,919 149,917 149,943 190,945 265,945 323,947 594,947 643,948"/><TextEquiv><Unicode/></TextEquiv><TextEquiv index="1"><Unicode>Atque vt patenti luce muneri vacans ſuo,</Unicode></TextEquiv></TextLine><TextLine id="l31"><Coords points="150,946 150,976 609,976 609,946"/><TextEquiv><Unicode/></TextEquiv><TextEquiv index="1"><Unicode>Noctem ipſe ſibi præſtaret innocentia.</Unicode></TextEquiv></TextLine><TextLine id="l32"><Coords points="377,978 377,1000 593,1000 593,978"/><TextEquiv><Unicode/></TextEquiv><TextEquiv index="1"><Unicode>Iani Brinonis tumulo.,</Unicode></TextEquiv></TextLine><TextLine id="l33"><Coords points="556,1007 553,1006 378,1007 335,1005 330,1004 322,999 196,999 177,997 130,996 130,1033 154,1033 190,1035 556,1036"/><TextEquiv><Unicode/></TextEquiv><TextEquiv index="1"><Unicode>Iuſigne rerum ſi lubet mortalium</Unicode></TextEquiv></TextLine><TextLine id="l34"><Coords points="707,1034 614,1034 607,1037 190,1036 150,1034 150,1062 161,1063 351,1065 707,1065"/><TextEquiv><Unicode/></TextEquiv><TextEquiv index="1"><Unicode>Cognolcere exemplum omniumq, maximum</Unicode></TextEquiv></TextLine><TextLine id="l35"><Coords points="697,1069 510,1066 150,1065 150,1091 261,1092 364,1095 697,1095"/><TextEquiv><Unicode/></TextEquiv><TextEquiv index="1"><Unicode>Quæ vnquam hactenus Fortuna ludens edidit,</Unicode></TextEquiv></TextLine><TextLine id="l36"><Coords points="619,1098 568,1096 364,1096 261,1093 149,1092 149,1123 619,1123"/><TextEquiv><Unicode/></TextEquiv><TextEquiv index="1"><Unicode>ati patreſque paululum hic conſiſites</Unicode></TextEquiv></TextLine><TextLine id="l37"><Coords points="827,1132 826,1132 821,1130 815,1124 740,1124 740,1160 827,1160"/><TextEquiv><Unicode/></TextEquiv><TextEquiv index="1"><Unicode>Vosi</Unicode></TextEquiv></TextLine><TextEquiv><Unicode/></TextEquiv></TextRegion></Page></PcGts>