872 1312
274 69 498 97 ALEALMI.
54 94 605 141 os dico, nati, quos in hanc ſpem alunt patrss,
53 132 549 167 eſtrâ vt iuuetis publicam rem induſtriâ:
53 161 549 201 Et vos patres, præcipuus eſt quibus labor
54 195 488 230 Congerere multas filiis veſtris opes.
54 221 547 257 Brinonis eſt hic quem pedes veſtri terunt
53 251 591 290 Recens ſepultitumulus, eius quem omnibus
54 280 535 318 Corporis & animi & tertii generis bonis
53 309 527 342 Hæc vidit ætas noſtra cumulatiſſimum:
53 339 596 380 tatis ipſo in ſlore quem mors abſtulit,
54 369 622 405 Iuncto haud dum ad annos terdecem ſexennio.
53 398 563 438 Omortis inquis improbam violentiaml
54 426 509 467 Imo viator audi, & attende reliquum:
54 460 557 495 Debere Parcis magnaim & ipſum gratiam,
53 484 496 519 Velutque pactâ mortuum dicas die.
54 515 543 555 Ampliſſimum illu quippe patrimonum
53 549 540 586 Quod patris omnium togatorum optimi,
53 574 460 609 Rebus in agendis diligens ſolertia
54 602 476 642 Mulis ſuis laboribus conflauerat;
53 633 508 670 Matriſque patri aliquandiu ſuperſtitis
54 660 493 699 Pene altero tanto auxerat frugalitas,
54 690 449 722 Id ille ſolus iam antea decoxerat.
54 719 527 757 Vincente luxuriâ rebellem opulentiam.
54 747 492 788 Sic ſape natorum bona indoles perit:
54 782 550 828 Sic lpes bonorum ſæpe vaneſcit patrum.
166 815 586 849 Nancæi, ex Caſtreorum familiâ, Eq. trqi
212 844 537 877 & Regii faellitii praſecti,
348 878 440 900 tumulus.
53 889 604 937 Hac ego luge hoſpes Caſtreæ maxima gentis
53 933 558 958 Goria Nancæus, ſum tumulatus humu.
54 956 616 996 Cui, velut acidæ, decus immortale laborum,
54 989 477 1026 Penſarunt vitæ cum breuitate Dii.
54 1014 619 1056 Nec minor aut nobis formoſo in corpore virtus,
54 1044 469 1080 Aut illi formæ gratia maior erat.
54 1072 580 1111 Sed regis mihi cura mei, & reuerentiamaior,
54 1104 467 1146 Maior & afictæ cura fuit patiiæ.
686 1144 729 1169 le
