872 1312
274 69 498 97 ALEALMI.
40 94 605 141 os dico, nati, quos in hanc ſpem alunt patrss,
16 131 549 167 eſtrâ vt iuuetis publicam rem induſtriâ:
39 162 549 201 Et vos patres, præcipuus eſt quibus labor
41 195 488 230 Congerere multas filiis veſtris opes.
2 209 547 257 Brinonis eſt hic quem pedes veſtri terunt
25 252 591 290 Recens ſepultitumulus, eius quem omnibus
42 280 535 318 Corporis & animi & tertii generis bonis
40 309 527 342 Hæc vidit ætas noſtra cumulatiſſimum:
40 339 596 380 tatis ipſo in ſlore quem mors abſtulit,
40 369 622 405 Iuncto haud dum ad annos terdecem ſexennio.
41 398 563 438 Omortis inquis improbam violentiaml
40 426 509 467 Imo viator audi, & attende reliquum:
39 460 557 495 Debere Parcis magnaim & ipſum gratiam,
39 485 496 519 Velutque pactâ mortuum dicas die.
39 515 543 555 Ampliſſimum illu quippe patrimonum
836 520 870 556 I
39 549 540 586 Quod patris omnium togatorum optimi,
2 574 460 609 Rebus in agendis diligens ſolertia
37 602 476 642 Mulis ſuis laboribus conflauerat;
35 633 508 670 Matriſque patri aliquandiu ſuperſtitis
33 661 493 699 Pene altero tanto auxerat frugalitas,
36 691 449 722 Id ille ſolus iam antea decoxerat.
36 720 527 757 Vincente luxuriâ rebellem opulentiam.
32 746 492 788 Sic ſape natorum bona indoles perit:
818 749 853 778 I
36 782 550 828 Sic lpes bonorum ſæpe vaneſcit patrum.
166 815 586 849 Nancæi, ex Caſtreorum familiâ, Eq. trqi
212 844 537 877 & Regii faellitii praſecti,
348 878 440 900 tumulus.
34 889 604 937 Hac ego luge hoſpes Caſtreæ maxima gentis
38 933 558 958 Goria Nancæus, ſum tumulatus humu.
33 947 616 996 Cui, velut acidæ, decus immortale laborum,
39 989 477 1026 Penſarunt vitæ cum breuitate Dii.
30 1006 619 1056 Nec minor aut nobis formoſo in corpore virtus,
32 1044 469 1080 Aut illi formæ gratia maior erat.
32 1067 580 1111 Sed regis mihi cura mei, & reuerentiamaior,
30 1104 467 1146 Maior & afictæ cura fuit patiiæ.
686 1144 729 1169 le
