872 1312
359 68 598 106 LVDOVICI
144 77 175 101 s
145 107 671 138 Ille tumeuns irâ conuicia dixit Atridæ,
175 137 564 168 Vitam erepturus ſi Dea paſſa foret.
145 163 639 197 Regia ſepſerunt ſe corpore corpora noſtro;
176 195 682 228 Tam mea nota fides, tamque probatus amor
146 223 660 253 Ille rates Danaum Phrgiis tulit ignibus vri,
177 252 654 285 Dum turpi in caſtiis vſtus amore ſedet,
148 280 691 308 Et cadere infractos feriente ſub Hectore Graios
178 311 596 343 Fila Pelethtoniæ dum ferit ipſe lyræ.
149 342 609 372 Aſt ego, cum ciuis furialia perditus arma
179 370 590 398 Ferret in exitium Principis & Patriæ,
149 397 659 429 Protinus obieci primis me me ipſe procellis,
180 428 621 456 Deuotum Patriæ Principibuſque caput.
151 454 721 489 Lrneſſum ille tamen, Thebas & Apollinis vrbes,
180 485 649 515 Strauit, & Emoniis Hectora traxit equis.
150 512 708 545 An minus ergo putas, Aulercim ex vrbe recepta,
182 544 579 574 Muralis palmæ promeruiſſe decus?
148 572 661 602 Et Druydum eampos cæſis ſparſiſſe maniplis,
5 588 72 615 a
180 601 692 630 Primula cm teneras ſpargeret vmbra genass
151 631 645 661 Prælia tam longo quid tot commiſſa duello,
828 633 870 660 i
181 661 647 686 Tam diuerſa locis, me ſine nulla tamen?
153 690 685 719 Omnia quæ, magnus, rurſum ſi viuat, Homerus,
180 719 589 748 Complecti geminâ vix queat Iliade.
150 748 672 778 Adde quod occiſum ille vlciſcebatur amicum
180 778 644 808 Sola animos nobis publica cauſſa dabat.
150 807 670 836 Nec ſi illi vulnus, vitam mihi morbus ademit;
179 836 675 864 Amplior hinc illi quam mihimortis honos.
149 865 719 893 Nam morbum hune fecit, vulnus qui fecerat oli
180 894 663 924 Plumbeus igniuomo miſſus ab ære globus:
151 923 761 953 Qui femor incuſſus, mediam vt penetrauit in aluum,
182 953 546 982 Letali infecit viſcera noſtra lue:
147 981 663 1011 Quam tamen aſſiduâ dum educit ſiſtula curâ,
175 1012 658 1040 Parcis, quod nerent, per tria luſtra fuit.
146 1040 647 1068 Sed creſcente malo ſua per contagia ſanam
173 1069 632 1098 Dum ſemper pattem, pars vitiata trahit;
142 1099 691 1136 nteri tadem, moaone a vulnere du non
704 1133 859 1165 eminei
