872 1312
267 78 522 100 AAL M
101 115 518 144 Femineâ Paridis tela regente manu.
61 140 647 178 Nunc mea me coniux, ſua plorat mater Achillem,
101 174 589 202 Nec ponunt lacrymis, illa vel illa, modum.
71 203 614 231 Sed luctum, vt vitam, nullo Dea finiet æuo,
67 232 552 260 Nam mare perpetuas ſufficiet lacrymas.
61 259 578 287 Coniugis ah miſeræ, cum viâ luctus abibit;
100 290 574 319 Quod mare nam tantis ſufficiat lacrymis?
69 318 602 349 Viue tamen coniux, finemque impone dolori,
98 347 572 376 Nec niſi poſt longas te mihi iunge moras.
56 376 621 407 Hoc domus, hoc parui, communia pignora, nati,
97 405 554 435 Hoc noſtri manes, hoc cinis ipſe rogant.
66 433 553 463 Pelidæ ad tumulum virgo expirarit amata;
97 463 539 492 Quidquid amo, poſlit mi ſupereſſe diu.
122 503 693 533 In Lini, cognomento Cani, obitum, aqu potu mortui
192 532 599 555 rerm Ianus Iametius vini auxilio
304 561 486 589 morbum euaſerit.
48 598 499 627 Turgebat vino vitis gemmata futuro,
48 628 524 658 Et nix in liquidas cana redibat aquas:
48 654 568 684 Incidit in morbum cum vini Canus amator,
48 685 515 716 Imcidit & nitidæ canus amator aqu.
48 713 583 744 Editus hic ipſo ſed nomine Canus ab ortu,
48 743 466 770 Ille alter longo redditus a ſenio,
48 768 649 802 Et ſiciam huncfebris, ſit iam hernia torſerat illum,
48 802 560 830 Linqueret vt canos iam prope vitaduos:
48 828 532 856 Ad ſua diuerſis cum vei ſi Numina votis;
48 858 561 890 Auxilio hic Bromium, Naiadas ille vocat.
47 886 516 920 Nec fecere moras, ſed aberrauere vocata
48 917 486 948 Fallenteambiguâ Numina canicie.
48 946 543 977 unc ergo ille valet dulci recreatus accho,
47 975 521 1007 Occidit hic, fatuis nii releuatus, aquis.
176 1016 586 1047 Falſo rumre de nrr p,
330 1048 438 1074 ſic luſerat.
36 1071 592 1102 Liquitur canis gelidus quo montibus humos,
69 1102 483 1134 Lit eo canes empore vita duos:
638 1137 711 1169 Eu-
