872 1312
361 77 602 103 LVDOVICI
152 111 720 154 Equibus hic tenerias iam nomine Canus ab annis,
184 144 556 177 lle alter longo canus erat ſenio.
154 170 719 210 Hoc mage diſſimiles, quod amarat hic, oderat ille
171 202 654 233 Bacchica ad extremam munera caniciem.
157 231 738 263 Seu tamen hoc voluit præpoſtera cura medentum,
187 261 594 294 Seu vertit priſcas Parca iocata vices.
155 290 644 326 Ille perit, dum vina bibit renuente palato;
185 320 660 355 Hic perit, ingratas dum bibit æger aquas.
273 348 701 381 Philippi Picardi, Eccleſiaſtæ Aureliano-
427 380 554 400 um tmulo,
159 404 662 442 Stantem ſi oportet Principem bonum mori,
158 436 555 466 Dixiſſe vt olim fertur ille e Flauiâ
160 466 614 500 Qui gente primus Imperator extitlt,
161 493 635 529 Simulque præſtitiſſe; dare dum publicis,
161 523 636 555 Vel morte in ipsâ, operam parat negotiis,
159 553 599 580 Etinctus inter ſubleuantium manus:
159 580 647 608 Stantem mea ſententia haud mori minus,
160 608 636 641 Sanctum piumque interpretem verbi Dei
160 638 609 673 Oportet, atque muneri inſtantem ſuo:
159 667 580 700 Picardus iſto vt qui ſepultus eſt ſolo,
159 697 594 726 Et dixit olim, & præſtitit. nam ſæpius
159 725 579 758 Interrogatus, exitum quemnam ſi
159 756 486 781 Deſideraret Deo vitæ dari:
160 782 636 816 O ſi inquit inueniat Deus ſerum ſuum
159 813 765 844 Vigilantem & orantem, aut quod etiam opto magis,
159 842 635 872 Arcana aperientem hominibus legis ſuæl
159 872 609 898 Hoe dixit ille, at nunc vide vt votis piis
160 899 597 926 Serui boni bonus Dominus aſſenſerit.
211 928 783 961 Suggeſtu in hoc, qui nunc inumbrat mortuum M
159 959 612 988 Tot coronatus propemodum Aureliâ,
157 989 576 1013 Fundebat ore nectaris fiumen ſaeri,
159 1017 678 1042 Cum ecce ſubito, cerebro fluente exuberans
156 1048 599 1075 Pituita, læuum corporis inundat latus
158 1076 671 1105 Stupente crure, & brachio, & pede, & manu.
157 1106 622 1137 Atis ingruentis negligens mortis minas
703 1132 832 1164 Pergebit
