872 1312
272 74 495 96 AALMI
50 102 513 140 Pergebat, vſque dum ipſamet caſu graui
49 139 531 170 urbata concio, vel inuitum abſtrahit,
49 169 569 200 Curatque quod poteſt: ſed erat heu fortius,
50 198 504 229 Qum poſſet vllâ vt atte curari malum.
49 227 609 259 Tandem ergo moritur, quo mori optatat modo,
50 256 561 293 Nempe Dominico pabulum præbens gtegi.
113 289 484 319 At vos boni ciues piique Aurelii,
49 307 448 346 Quid ſtatis hic diutius, fixos humi
50 346 531 375 Oculos tenentes, imbre multo turgidos?
50 373 525 405 Vatemue veſtrum hoc creditis ſaxo tegi?
50 403 478 433 Erratis, boni: ille curru ſlammeo,
49 433 475 465 Hoc et ſide non mortuâ, ſed ignibus
50 465 575 494 Accenſâ amoris in Deum atque proximum,
50 491 663 525 Euectus in cœlum eſt: quod autem hac conditum eſt
49 520 475 558 Tellure, ſola vatis eſt veſtri chlamys.
289 566 489 587 INIS.
215 741 540 775 Ad lanum Douſam Epiſtola.
38 771 679 833 VR, dum me lites agitant, mentemque venenant,
92 807 653 843 sCurarum & nequeo fomenta relinquere, dum te
37 838 587 866 Parriſiæ ambroſio paſcunt & nectare Athenæ,
38 867 519 893 Præſidio fretus Muſarum, Douſalaceſſis
53 897 685 927 Armis me viduum, veterum quem docta ſpellex
53 926 721 959 Scriptorum immemorem nunc deſicit? ergo age , quid vis
53 956 532 986 Deliciis ſalibuſque tuis & verſibus aureis,
53 984 590 1015 Præter quiſquilias, aut vilia ſcruta rependam ?
39 1015 700 1045 Si, quantum cuperem, poſſem quoque tu mihi Douſa,
39 1046 533 1074 Materiam æterni præberes carminis, & te
52 1074 545 1104 Talibus ornarem numeris, Elegeia quales
39 1104 573 1138 Tundit amna tibi, puroque ſimillima riuo
663 1133 731 1160 .
