872 1312
272 74 495 96 AALMI
31 101 513 140 Pergebat, vſque dum ipſamet caſu graui
34 139 531 170 urbata concio, vel inuitum abſtrahit,
35 169 569 200 Curatque quod poteſt: ſed erat heu fortius,
34 198 504 229 Qum poſſet vllâ vt atte curari malum.
36 227 609 259 Tandem ergo moritur, quo mori optatat modo,
37 256 561 293 Nempe Dominico pabulum præbens gtegi.
113 289 484 319 At vos boni ciues piique Aurelii,
37 307 448 346 Quid ſtatis hic diutius, fixos humi
38 346 531 375 Oculos tenentes, imbre multo turgidos?
37 373 525 405 Vatemue veſtrum hoc creditis ſaxo tegi?
37 403 478 433 Erratis, boni: ille curru ſlammeo,
37 433 475 465 Hoc et ſide non mortuâ, ſed ignibus
38 465 575 494 Accenſâ amoris in Deum atque proximum,
36 491 663 525 Euectus in cœlum eſt: quod autem hac conditum eſt
35 520 475 558 Tellure, ſola vatis eſt veſtri chlamys.
289 566 489 587 INIS.
39 610 724 637 ttt tattt A.mtma
55 632 611 648 c XaSæeXCX
112 686 355 705 rV
463 690 557 704 A
112 691 667 719 VL A AL.
215 741 540 775 Ad lanum Douſam Epiſtola.
38 771 679 809 VR, dum me lites agitant, mentemque venenant,
1 804 653 843 sCurarum & nequeo fomenta relinquere, dum te
16 838 587 866 Parriſiæ ambroſio paſcunt & nectare Athenæ,
35 867 519 893 Præſidio fretus Muſarum, Douſalaceſſis
53 897 685 927 Armis me viduum, veterum quem docta ſpellex
53 926 721 959 Scriptorum immemorem nunc deſicit? ergo age , quid vis
1 931 32 958 m
53 956 532 986 Deliciis ſalibuſque tuis & verſibus aureis,
53 984 590 1015 Præter quiſquilias, aut vilia ſcruta rependam ?
39 1015 700 1045 Si, quantum cuperem, poſſem quoque tu mihi Douſa,
39 1046 533 1074 Materiam æterni præberes carminis, & te
52 1074 545 1104 Talibus ornarem numeris, Elegeia quales
39 1104 573 1138 Tundit amna tibi, puroque ſimillima riuo
663 1133 731 1160 .
1 1145 46 1171 e
471 1136 525 1161 D
