872 1312
357 83 615 105 GVLLMI
156 117 717 147 Sed mihi ſermones tantum nunc Muſa pedeſtris,
154 149 701 182 Repentes per humum dictat; vt qui recitentus
154 179 615 210 Doctis, quod vobis noui ſolenne poetis,
152 209 609 239 Purgatas lædant Aurati iudicis aures.
217 234 746 265 Non tamen, vt tu me ingenio, ſic vincis amore,
153 267 617 296 Nam tua te virtus noſtræ fecit meliorem
153 287 809 324 Partem animæ nec tam mihiſum, quam tu mihi ſemper
155 324 693 355 Carus eris quid enim? iam nil præclarius in ſe
155 354 693 383 Belgica tota tuo mgenio mihi habere videtur:
157 383 688 414 Quod mores ſancti doctrina, & ſanguine auito
155 412 646 440 Nobilitas ornant. vnum fortaſſe reprendat
156 440 650 472 In ſe Chryſippus, virtutem quod pctis vltrâ
157 468 742 501 Qum ſatis eſt, ipſam. ſed quamquam te puto naris
156 499 643 524 Emunctæ, & tibi iudicium ſubtile videndis
157 527 745 558 Carminibus trlbuo; quas concedis mihi laudes,
154 557 758 586 aud agnoſco meas. nam me & mea tam bene noui
156 585 700 615 Vt nulli de me, pluſquam mihi, creder poſſim.
152 613 734 645 Quantula cumque meæ tamen eſt vis inſita menti,
154 646 597 671 Seruiet illa tibi vitali dum fruar æuo;
153 672 661 704 Et non abſque tuo viuet meanomine Muſa.
361 706 617 733 Ad eundem pigramm.
157 733 663 762 eic etiam argutos interſtrepit anſer olores,
191 762 644 791 Atræque qui ſtellis nubila ſpargat, adeſt.
155 791 694 820 Pecatum eſt fateor; ſed cuius maxima pars es
190 821 616 849 Douſa, tuo qui mt pertrahis imperio.
155 849 667 878 Quin etiam nullas tibi me perſoluere grates,
190 879 648 908 Ingrati hoc animi non leue crimen erat.
156 908 634 938 Non tibi Muſæo dederim perfuſa liquore
190 937 748 966 Carmina: do poſſum quod dare, quidquid id eſt.
156 964 721 994 Ipſe ſed hinc referam largo cum fœnore lucrum;
189 994 670 1024 Non ſecus ac Superis qui pia dona ferunt.
157 1024 742 1055 Nam lepidum dextro qui pangis Apolline carmen,
190 1053 690 1083 Cui Charitum ſeruet, Pieridumque chorus,
160 1080 660 1109 Cuiuſcumque tuis intcxes nomine chartis.
188 1111 570 1138 Etetna tecum laude beatus erit,
740 1143 833 1181 Aden
