872 1312
314 79 523 102 A LARII.
185 114 441 138 eumdem. Puri lambi.
46 141 454 174 Adeſtequotquot eſtis, o Iambici
47 174 403 205 Ioci, facetiæq; ludicræ mihi:
87 204 468 234 Apollo te, nouemg vos Deæ voco
1 222 531 265 t Adeſte quæſo nunc mihi: ſed hoc peto;
86 261 481 293 Iamus vnus adſit, hincq; longius
1 279 441 319 ſi Pedem repello ceteros, & arceo.
86 320 581 351 Nec aſperum volo eſſe, nec nigrum ſalem
86 350 466 381 Amatus vt Lycambis ardeat furor.
85 379 482 408 Vacae namq; me iocis iubet meus,
48 406 471 435 Meusſodalis ille, ocellus & meus:
86 436 453 463 VacareDouſa nunc iocationibus
1 459 449 491 Iubet me lambicis, an & iocatio
41 490 541 522 Negatr omnis, hoc modo canentibus?
1 524 512 556 Quid? ecce, nec iocos, nec elegantias,
1 550 435 585 ni Nec inuenire fas mihi facetias.
85 582 535 613 Libros ego ergo, li:terasq; & inuidum
1 606 497 642 ni, Apollinem, nouemq; ſurda Numina
86 640 474 671 Abominr, poëticamq; Lauream;
87 670 513 702 Mea iſta vota cum neq; audiant, neq;
47 699 468 722 Vt audiant ſatis, iuuare me velint.
47 728 482 757 Es inuocandus ipſe. Douſa tu mihi,
47 757 435 788 Iocis,leporibus, facetiis porens.
47 785 485 818 Quid hoc furoris eſt? facetias peto
87 816 400 839 Tuas, fruaris vt tuis facetii.
248 849 480 873 Phaleuci, ademe.
88 876 441 907 Ergo lam potui in Deos Deasq;
88 906 446 931 Durus, Douſa, tibi nimis videri?
1 935 534 964 del Mihi dum queror inuidere Phœbum
1 964 486 992 n; Surdatdum vocito nouem ſorores,
89 993 513 1026 Cum ni nuper opem ſuam negarint;
1 1024 508 1052 u Necvellem ſieri Maro,aut Homerus,
90 1054 480 1082 Aut,tu qualis es ipſe, Douſa, maior
89 1082 437 1111 Vates Inuidiâ ſtupente factus;
94 1110 555 1146 Qui unc per liquidum albicante pennâ,
28 1139 378 1178 Son lâ tenuivel vſitatâ
507 1146 749 1178 D A
