872 1312
354 67 593 96 tvLLIELM
139 104 493 128 Ferris æthera iam canorus ales.
139 133 620 163 Vnum, quod minimum fuit, rogabam,
137 163 617 191 Vt tecum numero modo hoc, modo illos
139 193 482 216 Liceret mihi ludere ac iocari:
140 223 477 252 Et ſui mihi paululum leporis
140 252 512 280 Adflarent, tua qu remunerare
139 282 515 311 Dulci carmina dulciora melle.
142 311 546 343 Quod Deus mihi cum negarit ille,
142 341 553 370 Quod illæ mihi cum Deæ negarinto
142 369 537 398 Quis tam Numinibus fauebit iſtis,
142 398 525 427 Vt m.hi neget inuidere Phœbum,
139 429 523 458 Surdas audeat aut negare Muſas?
140 458 535 481 At non hanc meritus mihi videba
141 486 534 516 Indignam ſtudiis meis repulſam,
140 516 512 545 Vltro qui teneris leues ab annis
141 545 461 573 Inuito coluiparente Muſas,
140 573 552 605 Phœbumq; alite ſum malâ ſecutus,
141 603 485 633 Et luctis hederas, honoribusq;
141 633 547 663 Demens, hei mihi,prætuli virentes,
140 662 501 690 Me nunc, ſera licet, meo furore,
140 691 510 723 Hoc tandem ueqdro liberabit.
139 725 517 757 Ergo Phœbe vale, valete Muſæ,
138 754 526 786 Me veſtris miſerum piget pudetq;
138 786 510 815 Annos tot viiides dediſſe nugis.
140 813 580 845 Quis me, quis furor hoc iubet profari?
137 841 571 874 Phœbe ignoſce miu, nouemq; Diuæ:
137 871 438 899 A vobis alienus eſſe nolo;
135 901 530 934 Nec vobis equidem earere poſſim,
135 930 563 963 Non id ſi cuipiam, velimq; multum.
135 959 510 993 Dij mi vos eritis, Deæq; ſemper:
135 988 549 1022 Vos, ant vt colui colamq; poſthac:
134 1018 562 1051 Non, veſtro quia me fauore ſperem
126 1046 523 1079 Vſurum, aut fieri velim poëta
136 1077 519 1111 Quod certe ſcio vos mihi negare:
134 1106 545 1142 Sed veſte quoniam,meusq; Doaſs
720 1144 818 1183 Culus
