872 1312
301 68 514 91 AAR I
335 68 417 81 P
709 73 776 98 a
70 103 513 136 Cuius non queo non amare amicos;
30 135 437 166 Et quem plus oculis meis meaq;
32 165 514 196 Amo plus animâ, atq; amabo ſemper
13 193 470 226 Vos & deperit impotente amore,
35 225 518 259 Et ſupra omnia vos amatis illum.
364 256 436 277 Eidem.
36 278 654 314 hœbe faue: nam pauca meo ſunt carmina Douſa
71 312 704 343 Nunc dicenda: neget dignum quis carmine Douſam
72 343 697 373 Nunc mii, Phœbe, faue; quando iam noſtra diremi
71 368 545 401 Diſſidia, ille tua redimitus tempora lauro
72 399 569 432 Douſa meus, tanto qui me deuinxit amore,
74 431 564 462 Quanto eſt illeſuæ virtutis honore beatus.
72 459 645 490 Inq; dies mihi creſcit amor, mihi creſcit in horas
70 488 582 519 Non ſecus atq; illi virtus ſua creſcit honorq;.
72 517 572 548 Hei mihi, iam poſthac non illius ora videre,
72 548 614 581 Non anamum alloquiis ſolari dulcibus ægrum.
73 578 575 607 Non veteres vna chartas erſare licebit.
75 605 651 634 O quam me cuperem Germani ad littora natum
74 636 596 665 Oceani, & gelidam ſpectare Lycaonis Arcton,
72 663 592 695 Adſpectu vt fruerer iucundi ſemper amici.
74 694 600 723 Quin Ararim volui cum Rheni fluminis vndâ
72 723 552 746 Permutare: Deos ſed caſcin vota vocaui.
73 752 618 783 Nam me fata trahunt alio, nimis aſpera fata.
75 782 619 809 Quod ſupereſt, multum iubeo te Douſa valere
74 811 594 840 Et longum tibi dico vale. vale optime Douſa:
75 839 629 871 Sic mihi dictat amor, nec legem carminis horret
75 870 553 901 At tuus æthereâ dum veſci Altarius aurâ,
74 898 639 930 Velpoterit memor eſſe ſui dum norinis, illurm
74 928 622 959 Docte poita, tui nunquam memin.ſſe pigebit.
73 958 651 988 Nam tua dum patriis recitabo carmina Nymphis,
75 986 558 1017 Carmina quæ leui ſeruari digna cupreſſo
73 1017 595 1048 Immortale tui ſeruo mihi pignus amoris
75 1047 599 1077 Carmina queis melius Pactoli ripa vel Hermi
75 1074 589 1105 Nil hiabet, atq; nihil pretioſius India mittit.
38 1104 604 1137 se Heduas Douam ſiluas reſonare docebo,
710 1133 782 1159 As
497 1138 561 1163 D
