872 1312
142 78 669 104 s oGVL IA R
494 75 589 89 &
146 117 648 146 Ac eluti querulis reſonant arbuſta cicadis,
148 146 634 175 Cum rapidus torret ſitientes Sirius agros;
148 174 694 203 Nec mora, nec reqies inter datur vlla canendi,
147 205 628 232 Siue diem clarum ſurgens Aurora reducit,
10 224 49 267 I
148 233 625 261 Siue cadit noctis Veſper prænuncius atræ:
147 261 617 284 Sic noſtri laudes, & nomen nobile Douſæ
146 291 607 314 Nec veniente die, nec decedente tacebo.
149 317 869 349 Te quoque, ne noſtri ſis nominis immemor vnquami
145 349 713 378 Per, quod amicitiæ ſanctum colis, obſecro, numen.
7 354 48 386 I
145 378 734 406 Per dextramq; datam, & ſtudij communis honores,
147 407 694 436 Lauros, atq; nouem communia ſacra Dearum-
149 436 639 465 Quod ſi quando tuas feralis vulneret aures
149 465 617 493 Nuncius, Altari qui ttiſtia funera narret;
6 472 52 499 Q
148 492 682 521 Exſequias tu ſolue mihi: tua poſtulo tantum
8 499 85 529 er
115 523 706 551 Carmina: namq; tuo gaudebunt carmine noſtri,
147 552 760 581 Plus qum lacte nouo, pecudum vel ſanguine, manes.
146 580 675 609 Nec facio tanti, quæcumq; Ngyptia Memphis
148 609 645 639 Pyramidum æquauit cœlo miracula, quanti
150 638 722 668 Sunt mihi, quos dextro componis Apolline verſus.
148 667 590 697 Sic Hagana ſuo faciat te vate priorem
148 696 635 724 Calliope, atq; tibi, quamuis ætate ſecundo,
148 724 656 752 Qui prior eſt natu concedatlaude Secundus.
261 811 371 827 r
194 809 755 855 ANVLI
339 855 607 889 BTVRIGIS.
354 913 590 947 o &&.
145 957 606 990 Erſeæ caput extiale Meduſæ
145 990 470 1019 aVictor periculi gerit.
144 1017 634 1052 .gide Palladiâ armatus, clypeoq; coruſco,
203 1047 482 1076 Acuta & harpe Mercuri;
142 1074 616 1110 Vertice pennato, geminis talaribus, auras
203 1107 487 1135 Carpens, volat mirabilis:
737 1147 837 1205 pei-
