872 1312
241 70 616 105 BAHOLL.ANVLI.
87 107 659 139 Deſpicit atq; infra ſe homines in ſaxa ſtupentes;
157 138 425 168 Fuſis humi ſerpentibus.
87 163 718 198 Ecquid id eſt? cum abſoluit opus Sapientia pulcrum
159 199 416 228 Acumine Eloquentiæ;
101 226 634 257 Euehit alte adeo genus vt mortale ſtupeſcat
157 256 384 286 Labore parta gloria.
259 288 580 317 Sapientiam ſequitur eloquenti.
87 311 635 346 Cur ſtat Aihenarum Pallas ſupet arce ſuarum?
131 346 585 375 Cur venit & pennâ præpete Mercurius:?
87 374 607 404 ,Cur magicæ portas aperit molimine virgæ?
130 402 546 432 Et faciles aditus, quo velit ire, parat?
104 431 628 462 Cur ſedet ante fores prohibens intrare puella,
132 462 546 491 Quæ liuore nigro facta repente lapis.
103 490 673 517 An quia Socratica eſt ſententia, in vrbibus eſſe
132 519 580 548 Vnde queas aliquid diſcere, rure nihil:
87 548 620 577 nts. An quia, regnat vbi Sapientia, mox volat illuc
134 578 537 607 Facundi ille nepos Atticus eloquij?
102 605 583 634 Qui Sophiæ reſerat portas, & cui venienti
131 634 579 664 Obſtans, muta ſtupet, ceu lapis, Inuidia.
251 666 609 694 Diuitibus tempus omne comodu,
87 693 593 724 Magnificâ medius ſedet altâ diues in aulâ,
133 722 610 751 Circumſtant varij quattuor hunc famuli:
103 752 580 783 Vnus habet Veris flores, fructus gerit alter
87 781 511 810 .ſtatis, cornu diuite conſpicuus.
103 811 576 838 Porrigit in calatho maturas tertius vuas,
132 839 623 870 Multiplicem veſtem deniq; quartus habet.
104 868 668 900 At ſtat, pro foribus mendicus homuncio; panem,
132 898 551 928 Qui lacerâ, geſtu ſupplice, voce rogat.
87 927 610 956 Scilicet id fignum, quod agentibus otia tuto,
133 958 619 986 Commoda tempora ſunt omnia diuitibus.
102 986 630 1016 At contra ſignum, quod mendicantibus omni
133 1016 578 1046 Tempore deficiunt omnia pauperibus.
304 1047 557 1068 Hominum natura ætern.
103 1074 674 1105 Ver, ſtas, Autumnus, Hiems: hæ quattuor annis
132 1104 535 1139 Sunt tempeſtates orbe volubilibus,
695 1137 766 1171 uss
