872 1312
326 74 509 97 ANVLI.
36 111 577 142 An quia nulla eſt abſq; odij ſapientia elo?
110 142 539 171 Liuorisq; aperit gloria digna viam?
320 173 506 199 E domino ſeruus.
34 200 655 232 Cornibus in ceruum mutatum Actæona ſumptis,
111 231 528 261 Membratim proprij diripuere canes.
31 259 637 291 Næ miſer eſt dominus, paraſitos qulſquis edaces
113 288 564 319 Paſcit, adulantum præda parata canum:
33 319 652 350 Se quibus irridendum ſuggerit & comedendum;
112 349 560 378 Seruus & ex domino corniger efficitur.
329 391 489 419 Ex metu religio,
32 417 628 453 Diluuio, vt cernis, totum ſtagnante per orbem,
115 448 600 476 Sunt duoin excelſis montibus incolumes.
31 471 618 507 Numina qui Diuûm ſacras venerantur ad aras,
114 503 558 535 Effunduntq; pias ore tremente preces.
31 533 727 564 Arguit hoc, homines demum meminiſſe Deorum.
112 562 601 592 Aduerſis metuunt cum mala temporibus:
31 582 591 624 Cumq; pericla vident, fieri tunc relligioſos;
113 620 575 649 Ceu timor efficiat ſolus in orbe Deos.
305 661 476 687 a armaat.
28 684 610 719 Mæc quidcœruleo ſub peplo, ſignat Amaron,
114 716 564 748 Quæ riſum ſimulans ringitur ore truci?
24 745 591 775 In manibus cuius gladium ptætendit oliua,
113 775 579 803 Tranquillo pro oleo defluit vnde cruor?
31 795 576 840 Sic pingenda venit mundanæ pacis imago,
111 833 529 863 Qu fictis reparat bella ſub induciis.
237 875 595 904 Amori non cum prudeniæ.
32 890 674 935 Forte pharetratus pharetratum Phebus amorem
110 931 487 961 Riſerat, ac arcus tela Cupidinei:
33 950 557 993 Oſtentansq; ſuas, victo Pythone, ſagittas,
112 991 580 1022 Spreuerat imbellis, quæ gerit arma, puer.
32 996 604 1053 Vindicta indignatus Amor molitur, & auri
108 1047 518 1079 Cuſpide cor Phœbi figit amorificâ:
33 1072 615 1110 Contra,odij Daphne refugi dat vulnus amata
107 1107 531 1142 Telo, cui hebeti plumbea cuſpis erat.
692 1140 755 1178 l
