872 1312
296 82 623 105 BARTO
136 119 669 148 Ille amatlæc odit; fugit hæc, ſectatur at illea
168 148 625 176 Dumq; fugit, Laurus facta, repente ſtetit.
135 174 696 205 Sic amat & ftuſtrâ; nec Apollo potitus amore eſ.
166 207 634 235 Vltus Apollinis eſt ſic Amor opprobrium.
135 235 638 257 Hæccine doctorum ſors eſt inimca virorum,
165 263 688 292 Vt iuuenes, quamuis non redamentur, ament
134 292 640 322 xoſosq; habeat prudentes ſtulta iuuentus;,
165 322 555 349 His neiungatur, ſtipes vt eſſe velit.
322 352 457 378 Philauti.
135 376 695 407 Narciſſs liquidis formam ſpeculatus in vndis,
166 408 556 432 Contemnens alios, arſit amore ſui.
135 435 684 466 Tabuit, & ſenſim venienti in membra ſtupore
165 464 589 492 Ipſe ſui factus ſlos Hyacinthus amans
134 491 711 522 Hinc fugite iuuenes: fons iſte Philautia; ſeipſu
165 521 625 552 Stultus vbi, cum ſe non bene norit, amal.
352 553 556 580 Sine iuſtiti ofuſio.
120 577 589 604 Si terræ cœlum ſe miſceat, & mare cœlo,
164 607 597 638 Sol Erebo, tenebris lumina, terra polo;
133 637 686 668 Quattuor & mundi mixtim primordia pugnent;
163 665 564 696 Arida cum ſiccis, algida cum calidis:
133 694 694 723 In chaos antiquum omnia deniq; confundantut
164 721 671 752 Vt cum ignotus adhuc mens Deus orbis erat.
130 749 573 780 Eſt mundanarum talis confuſio rerum,
161 781 539 811 Quo regina latet tempore Iuſtitia.
341 813 568 840 Maledici poſs mortem.
129 836 533 867 Exercitus fuſos ſequuntur vultures,
130 865 525 895 Corui loquaces, garrulæ corniculæ,
127 893 586 925 Eſcam iacentum odorantes cadauerums
127 923 534 955 Ac morſibus conuellicant ſuis viros,
126 951 536 982 Virtutibus fortiſlimos, ſed mortuos;
125 980 506 1012 Viuis quibus nihil nocere fas erat.
126 1008 679 1046 Ac lpiendides primum petunt hominum oculo.
124 1038 503 1072 Tales aues inauſpicatæ, denotant
126 1065 534 1100 Clandeſtinos hoſtes, hiantes funeri:
127 1094 617 1135 j os imant umm ſrenn ſſupſtites,
741 1136 819 1169 i
