872 1312
326 64 501 86 ANVII
67 90 493 130 His mortuis, calumniose detrahunt.
67 131 439 159 Conuiciis, iniuriisq; maledicis;
67 160 528 189 Tollunt & inprimis honorum lumina.
323 191 495 219 Noxia copulatis.
67 219 594 247 Enecat amplexu ſerpens hedera, arboris altæ
140 248 418 278 Quo ſuſtinerur, ſtipitem.
82 276 575 304 Sic & amica procax, hederâ formoſior alba,
139 307 432 330 Lcntis adhærens brachiis.
85 336 652 368 Quem ſemel amplexa eſt, laſciuo occidit amore,
139 364 446 394 Sugens opes & ſanguinem.
281 396 535 422 Naturam ars non mutat.
79 423 578 453 Indocile ingenium ſi pergas velle doceres
77 452 553 484 Infelix operam perdas: vt ſi quis Aſellum
65 481 579 509 In campum doceat parentem currere treno
79 511 695 543 Qui cuim quadrupedum in morem videatur Equorus
84 539 628 570 Tollere poſſe caput, geſſus glomerare ſuperbos:
65 568 604 600 Hunc tamen aut frenis, aut ſi calcaribus viges,
65 598 537 627 Auriculas dimittit iniquæ mentis aſellus
77 626 574 657 In terram, & pedibus poſticis calcitrat. Ergo
64 655 688 695 Deſine. nam nunquam Ars Naturam vincet; equusqs
76 685 583 714 Nunquam ex degeneri fiet generoſus aſello:
65 713 601 741 Ei nunquam ex ſtolido cordatus fiet ab arte.
297 744 505 769 Mulier, vmbra viri.
76 772 584 801 Vmbra ſuum corpus radianti in lumine Solis
106 802 620 833 Cum ſequitur, refugit; cum fugit, inſequitur
63 828 577 863 Tales naturæ quoq; ſunt muliebris amores:
103 861 643 889 Opter amans; nolunt: non velit; vltro volunt,
62 886 668 922 Phœbum virgo fugit Daphne inuiolata ſequentem:
99 919 545 949 Echo Narciſſum, dum fugit. inſequitur.
63 949 577 979 Ergo voluntati plerumq; aduerſa repugnans
95 977 534 1008 Femia, iur ſui dicitur vmbra viri.
145 1008 642 1041 Stultorum ſtatus quanto ſublimior, tant ttupittdd
321 1038 443 1064 manifeſtior.
64 1065 637 1101 Ad formam geſtumq; hominis quadamtenus vſ;
91 1095 526 1128 ulls adiii,ddu ſdetaatus hmi,
648 1132 721 1163 ltis
