872 1312
311 69 646 98 SARTOLEM
147 109 668 144 Altius at quanto ſe effert; tant magis ipſe-
178 141 606 174 Apparet culo Simius eſſe glabro.
148 169 618 201 Sic homines perſonatiquos glotia tollit
181 197 677 232 Qao magis alta petunt; ſunt mage ridiculi
150 228 632 258 Sic & brutus homo, qui ſe maiora capeſſit,
180 257 588 289 Ridiculus proprio proditur indicio.
378 289 582 319 AAiluo-
145 322 680 355 In volucres aquilas, in vulturiosve rapaces,
184 352 582 376 Diuerſæ aut alias conditionis aues,
153 380 668 415 Criſtati nunquam committunt prœlia Galli,
184 409 603 441 Pro prædâ, aut generis nobilitate ſui.
155 438 589 470 At pro Gallinis victoriæ amore ſalaces
188 469 626 498 In Gllos Galli bella cruenta mouent;
155 495 674 526 In genus atq; ſuum ſunt acres; cetera molles.
185 525 676 549 Solo vtinam ſimiles nomine Gen & Auis:
350 555 582 583 Iudicium peruertentia.
155 583 705 613 Copia opum, rerum Ignorantia, ſtulta Iuuentus,
186 612 591 641 Illuſis animum ſenſibus exoculant;
143 635 727 675 Sic vt Honos Virtusq, minus, plus pulcra Voluptas
189 671 661 701 Complaceat. docet hoc iudicium Paridis;
157 701 669 727 Iunoni Venerem qui prætuiit atq; Mineruæ,
160 728 596 758 Filius vt Regis, Ruſticus, & Iuuenis.
399 759 523 786 Securitas.
157 786 727 816 Paſtor vtramque, lupi ſecurus, qormit in aurema
188 816 632 843 Cum vigiles ouibus ſentit adeſſe canes.
157 845 624 874 Dulcia ſic Princeps poſitis agit otia curis,
176 874 629 903 Cum fidos populo prpoſuit Satrapas.
388 904 581 931 Ambiio deftruens.
158 933 727 963 Cum Ioue pro votis Semele eſt congreſſa rogatis.
185 960 612 989 Maieſtate tonans quâ ſolet eſſe Deus.
156 990 683 1019 Non tulit æthereos corpus mortale tumultus;
187 1019 521 1047 Et periit votis ambitioſa ſuis.
145 1042 711 1078 Congreſſas monet id fugiendos eſſe potentum;
187 1077 679 1106 Qi tan dem perdunt, quos ſibi conſociant.
145 1105 622 1140 Eigo poteſtatis fugito conſortia maguæ;
731 1140 825 1181 Teqs
