872 1312
183 78 579 102 EI ANDRE
51 109 621 171 Ernia. primores inter memorande patronos,
109 147 632 177 urum pugnaci reſonat nunc inſula vocee-
60 178 624 207 Inſula parua quidem; ſed opes, nec regia parua;
64 207 657 237 Sequanæ ab amplexu quæ ſurgens vertice cœlum
67 237 611 264 Sublimi ingreditur, centum ſubnixa columnis.
66 266 636 296 O mihi quam dulci alloquio, quæ gaudia primus,
66 296 606 325 Quantaq; narraſti nune certus nuncius ergo?
64 325 589 348 Nec iam nos fallit, fruſtratus non ſemel ante?
61 355 528 384 Ille adeo optatus nobis, optatus & hoſti
61 384 581 407 Nuncius eſt tondem verus delatus in vrbem?
44 413 511 443 Litera ter felix, felx qui pertulit illam;
44 440 547 471 Et quæ tam bellam potuit feciſſe notando
44 472 540 496 Bella manus: multo felicior attameniſtis
63 501 606 529 Hanc qui obſigna i, pacis cup.id ſſimus auctor
58 529 639 559 Rex bonus; & procerum quiſquis delectus ab ills
44 559 535 589 Perfectâ a ternam quæ ſiuit pact quietem.
61 589 583 618 Quid Regis natas dicam, doct mq; Sororem,
43 617 563 650 i Quarum conubiis pax deuincitur in æuum?
60 647 524 677 Sanatura breui, quæ terrs vulnera cunq;
45 677 524 706 Intulit Alecto tot debacchata per annos.
49 704 493 734 Felices animæ ver vos, Rgia proles:
60 735 566 765 Quando facis veſtræ ligat expectatio pacem.
43 762 576 795 l Auguſta ante omnes ſ d tu, Cathaina, beata,
61 795 585 825 Sorte, viro, natisque, nuru, generis q: duobus?
54 824 552 853 Ac merito; cum ſis pietate& moribus iſtis.
57 853 566 882 Glos accedit, opum non vlima iure tuarum
55 883 538 913 Margaris, atq; loco catæ ſtatuenda ſororis.
55 913 601 943 Cui iam ſera licet facile eſt non ſera putare
42 942 569 973 Conubia iſta, Deus mundi quæ vertit in vſus.
42 972 622 999 . Innuptam manſiſſe diu non Pallada tuirum eſt;
43 998 568 1031 Nubere ſed mirum. quid vero nubere Marti?
43 1032 557 1061 Quam rem ſe iactet tantam vidiſſe vetuſtas?
53 1062 639 1091 Iam nuptura tamen, iam in Bellipotentis inermem
43 1092 628 1123 Conuentura manum, Ioue cum Iunone ſecundis:
43 1120 674 1150 Quandoquidem non hæc certo ſie munere Diuûm
649 1154 722 1178 E u-
