872 1312
1 42 147 76 a
303 70 672 98 BARTHOL. ANVLI
138 81 166 103 Xs
140 109 714 146 Sanguis & exſiliit, quo mox Roſa tincta colorem
170 142 644 174 Traxit, quæ fuerat candida, purpureum.
141 169 658 199 Sic Venus ætatis florem cum excerpſit in albâ
171 200 628 233 Vitgine fit punctim plaga cruorq; fluit:
145 229 687 263 Quæq; prius medio Roſa candida floruit horto,
171 258 616 288 Panditut explicitis ſuaue rubens foliis.
245 295 700 334 Summa impietas. Abe& Ag.
142 343 669 373 Aſtronomon vulgo conceptus forte rogabat;
174 373 665 402 Eſſet in hoc mundo quo patre progenitus?
145 401 707 431 Huicille oſtendens cœlum Caſcumq; ſedentem:
178 432 630 463 Hic pater eſt, inquit corporis, ille animi.
149 460 716 492 Cui puer indignans: Quæ ſupra nos, nihil ad nos;
178 490 602 520 Et genitum tali me pudet eſſe ſene.
9 487 65 514 N
10 514 701 559 M Oſumma impietas, non velle agnoſcere patrem:
178 549 617 578 Factoremq; ſui non reputare Deum
278 588 637 616 Sine errr Baachh, ſriget Venus.
150 622 869 662 iber & alma Ceres Venerem comitantur vtrimqe,
180 656 628 690 Aureaq; altari ſtat Venus in medio.
148 685 650 723 nnuſ iaa iio icio ici A Acios uoos adsc,
186 721 642 754 a cg B xmou Bquſo.
152 756 737 787 Scilicet id ſignum; quod ibi Venus eſt, vbi abundat
184 787 609 816 Copia magna cibi, copia magna meii.
154 816 679 844 Spumat enim feruente mero de ventre libido,
181 845 680 875 Atq;, cibo; ſine queis languet & alget iners.
306 885 651 906 FINIT ANVLVS
185 969 869 1010 i LI A V v-
332 1023 631 1045 DEGALENSIS.
241 1077 726 1105 Da Paee. Ad Ioan. Iaeob. Verniaam, D Catharin
381 1107 578 1137 Augui Oratorem.
730 1122 870 1175 vernia,
766 1252 865 1281 ,
