872 1312
259 54 452 81 ANVLI.
37 97 569 132 eque, alicui ſi vis iungere,iunge pari.
224 128 597 150 Labor vitæ human, interminabili,.
30 148 557 186 Siſyphon oliden, vates apud infera regna
34 187 521 217 Damnatum tali ſupplicio eſſe ferunt;
33 214 610 245 Vrgeat vt celſam in rupem reuolubile ſaxum,
40 246 631 275 Quod ruit in præceps, vix bene compoſitum,
32 272 580 311 Tollere rurſus idem ruiturum cogitur: & ſic
40 306 541 335 Scandens, deſcendens, irtequietus agit.
33 328 664 364 l Siſyphus is, mortalis homo eſt: renolubile ſaxum-
35 364 530 394 ternum durans, durus aduſq; labor,
34 391 628 429 Quiuis natus homo, miſer eſt apud inſera regna:
35 424 570 453 Infimâ enim terrâ quid iacet inferius?
32 452 556 483 Tollere qui caſſos noctesq; diesq; labores
33 482 497 511 Cogitur, aſſiduas itq; reditq; vices.
32 511 601 545 Veſpere dumq; putat, finem impoſuiſſe labori,,
32 542 568 570 Incipiendum iterum mane recurrit opus.
246 572 532 599 Princeps iuſtitiæ aduigilans,
32 599 616 629 Sceptrum oculo ſuper impoſito geſtabat Oſirs:
31 629 538 658 Rex Pharius, quo non iuſtior alter erat.
1 651 613 688 Sceptrum, iuſtitiæ eſt iudex; oculus nota ſacra
31 689 569 717 Mentis, quæ nunquam non agit, & vigilat.
30 717 698 750 Regibus exemplum præbens quod munus eorum eſt
34 748 509 776 Iuſtitiam vt vigili diſtribuant animo.
227 777 540 804 Anima ibi nimat, vhi amat.
28 802 592 837 Demophoon ventis cm vela & verba dediſſet,
30 836 511 866 Stabat arenoſo littore Phyllis amans;
27 866 603 897 Nauem rapta ſequens oculis, & brachia tendens
28 897 535 927 Huc, vbi iam tugiens ſpiritus eius erat.
27 925 676 955 Spiritus atq; anima, heic animans vbi Phyllis amabat;
28 956 563 985 Corpus & vt vitam, vi ta ſecuta animam
24 985 572 1022 Quid mirum periit ſi poſtea Phyllis amore?
26 1017 537 1047 Exanimum corpus viuere non poteat.
310 1048 427 1074 Dſloratio.
24 1072 691 1109 Cum Venus alma Roſam in ſpineto carperet albam
29 1106 502 1145 ſit acuta Deam vulnere ſpina leui
618 1135 726 1168 Sangus.
