872 1312
837 67 870 108 I
179 82 574 106 EI ARR.
36 116 617 149 Ernia, primores inter memorande patronos,
37 145 628 180 VQuorum pugnaci reſonat nunc inſula voce.
62 179 620 210 Inſula parua quidem; ſed opesnec regia parua;
60 210 653 239 Sequanæ ab amplexu quæ ſurgens. vertice clum
63 239 606 267 Sublimi ingreditur, centum ſubnixa columnis.
63 268 631 300 Omihi quam dulci alloquio, quæ gaudia primus,
62 300 601 328 Quantaq; narraſti: nunc certus nuncius ergo?
60 328 585 352 Nec iam nos fallit, friſtratus non ſemel ante?
57 356 523 387 Ille adeo optatus nobis, optatus & hoſti
38 387 576 410 Nuncius eſt tandem verus delatus in vrbem?
40 416 506 446 Litera ter felix, felx qui pertulit illam;
40 442 542 475 Et quæ tam bellam potuit feciſſe notando
53 473 533 497 Bella manus: multo felicior attamen ſtis
58 503 600 535 Hanc qui obſigna i, pacis cupid: ſſimus auctor
54 531 633 562 Rex bonus; & procerum quiſquis delectus ab ill
55 561 530 592 Perfectâ ternam quæ ſiuit pac quietem.
36 591 578 621 Quid Regis natas dicam, doctamq; Sororem,
1 619 557 650 Quarum conubiis pax deuincitur in æuum?
55 649 518 680 Sanatura breui, quæ terrs vulnera cunq;
35 678 518 708 Intulit Alecto tot debacehata per annos.
45 706 487 737 Felices animæ vere vos, Regia proles:
55 737 559 768 Quando facis veſtræ ligat expectatio pacem.
1 762 570 797 Auguſta ante omnes ſ d tu, Catharina, beata,
55 797 578 827 Sorte, viro, natisque, nuru, generis q duobuse
48 826 546 854 Ac merito; cum ſis pietate& moribus iſtis.
37 855 561 884 Glos accedit, opum non vltima iure tuarum
49 885 532 915 Margeris, atq; loco catæ ſtatuenda ſororis.
49 915 594 945 Cui iam ſera licet facile eſt non ſera putare
1 944 562 975 Conubia iſta, Deus mundi quæ vertit in vſus.
1 973 639 1002 . Innuptam manſiſſe diu non Pallada tairum eſt;
1 998 561 1033 Nubere ſed mirum.quid vero nubere Marti?
49 1033 549 1061 Quam rem ſe iactet tantam vidiſſe vetuſtas?
48 1063 630 1094 Iam nuptura tamen, iam in Bellipotentis inermem
48 1092 621 1121 Conuentura manum, Ioue cum Iunone ſecundis:
26 1121 667 1151 Quandoquidem non hæc certo ſiae munere Diuûm
1 1146 31 1171 i
504 1157 714 1181 E e-
