872 1312
695 19 836 52 ?
363 73 538 95 ELI
130 78 164 103 o
136 109 634 139 Id quod non alius potuit; ſed diſſecuit rex.
134 136 703 167 Difficilis pax nulla magis fuit, aut erit vnquam,
134 168 636 198 Deſperata nec vlla magis. vincis tamen vnus
135 198 617 227 Omnia magnarum felix obſtacula rerum;
132 227 661 254 Nec non tam ſancto conſt: ingis fœdera nexu,
134 255 614 284 Annorum ſeries nulla vt diſſoluere poſſit.
134 284 717 315 Gloria non minor hæc, qum inſano vincere bello,
132 314 730 344 Quam tamen o vtinam rex clemennſſime quando
132 344 636 373 Iam vacat, atq; hunc ad finem diuinitus iſta
135 372 676 401 Otia ſunt vobis; quando hue vos publica vota,
133 403 676 432 Veſtra vocat pietas aliâ muox te quoq; laude,
134 433 660 461 Cum genero vdeam forti cumulare Philippo.
132 461 573 489 Pacati vobis communis gloria mundi.
133 490 694 518 Hanc etiam fas ſt, hanc vos coniungere laudem,
133 518 704 549 Quâ iam coniunctum pridem cognomen habetis,
132 547 623 579 Conuenit eſſe duo vee vos lumina mundi
132 577 619 606 In tantum dubium vix vquam viſa vocari
131 605 657 637 Relligio eſt, ex quo Chriſti venerabile nomen
132 634 643 665 Crebreſcit primum, libeat ſi euoluere faſtos,
132 664 789 696 Quâm nunc: cum probat hic contra, quod nG probat ille,
129 693 704 719 Diuino in cultu; Numen tamen omnibus vnum:
129 722 613 752 Inq; dies creſcit peſtis, vel creſcit in horas;
130 752 674 783 Seditio vt tandem non parua timenda putetur:
128 780 663 812 Ipſe ſuos omen Chriſtus quod vertat in hoſtes.
128 811 703 842 Hoc vos, hoc prohibete nefas, quibus iſta poteſtas
127 838 619 871 Deſuper eſt: veſtri vellent feciſſe parentes.
128 868 603 900 Vniea recta via eſt, in quâ veſtigia petrum
127 898 755 932 Sancta impreſſa manent, pedibus luſtianda minorum
1 918 36 955 l
128 927 733 963 Concilium vt ſcitis, ſanctum. huc contendite primo
129 956 669 990 Tempore quoque, boni Reges. ſit gratia longe,
127 984 658 1014 Sit fraus veri, inimica nimis contiaria Chriſto.
9 993 34 1008 j
124 1013 641 1045 Ad ſua ſed ſtultus cur hortor munera Diuos?
123 1044 575 1076 Parcite clementes, ſi fallor, parcite Diui.
277 1085 633 1124 nobitum Gal.regus lſerrici aleſi.
708 1140 829 1176 Caſum
