872 1312
299 63 510 88 ANDRE.
62 91 565 133 Tinnitus? populi quid voces prætereuntis
63 130 610 166 Ingeminantis io? non longe eſt, viſo, feneſtra.
73 162 590 196 O lætam ſpeciem fiunt ignes quoq; vulgo.
72 191 598 226 Pax eſt haud dubie. verum mihi, Vernia, dixti.
63 223 563 254 Gratia magna tibi, cœli Rex, gloria magna.
71 249 564 284 Diſiecta immanis qui longa nocte procellæ
74 280 617 314 Sic veterem reuocas lucem, & Saturnia regna.
73 310 663 346 Quod vix dulce prius, iam viuere ſumma voluptas.
73 341 605 374 Tu molleir animos Regum, tu fœdere iungis,
70 369 626 403 Iungis amicitia. regnum vnum, ſanguis & vnus,
70 400 548 432 Necnon diſtractis ex tot fit gentibus vna.
72 429 547 464 Mollia ſuccedunt duris conuiuia pugnis.
74 459 622 492 Mars lætos primus, Pallas q, parant Hymenæos:
74 487 561 514 Oderunt lituos, citharis lætantur amœnis.
73 517 644 551 Non fremitus poſthac non vll placebit Erynnis,
71 547 557 577 Europa niſi qu cogat diſcedere Parthum.
73 577 555 604 In curuas rigidus falces conſlabitur enſis:
73 606 609 636 Mox honor & Cereri prior & reddetur Iaccho.
73 635 689 671 Quiſq; ſuum recipit, grauiter quod ferret ademptum,
73 665 627 696 Doctæ etiam ſacrum repetunt Helicona ſorores.
73 694 515 728 Ipſe ſacræ myſtes incumbit purior aræ.
75 725 649 756 Omnia recta vigent paſſim, paſſim omnia rident;
75 755 650 788 Sol quoque tam nitida qui luſtrat lampade terras.
72 784 548 814 Ipſæ ade volucres dulci nunc aëra cantu
74 815 602 848 Permulcent: miſeras vrgebant ante querelas.
76 844 690 872 Quin mutos homines nunc fundere carmina cernas.
73 875 621 906 En ego mutus eram æternum ſine pace futurus.
74 904 620 936 Qualiacumq; cano, cantus neq; pœnitet huius,
63 934 570 967 Sicut nec cauſſæ. valet hic auertere culpam,
62 962 557 994 Quam forſan tacitis imponere ſufficit illa.
63 994 535 1023 Hæc pietas cœlo patriæ debetur, & orbi,
62 1024 582 1055 Atq; Errice tibi; cuius laus proxima Diuim
74 1054 590 1084 Accedit laudi; quorum tibi numen amicum
74 1083 634 1117 Rem Labyrinthæis perplexam ambagibos vnam
63 1113 600 1150 Explicuiſle dedit, Gordiq; reſoluere nodum:
720 1150 747 1174 I
