872 1312
374 87 561 113 ELI
126 92 168 122 r
203 119 868 160 In regem Franciſcum, Errici patrem, deſiciente Mar-
377 159 572 185 tio vitâ defunctum.
136 187 703 217 Maximus ille duos hoſtes cum Francus haberet,
177 217 729 249 Dignus amore hominum, dignus amore Deûm;
135 246 683 278 Fortunam, quæ cœca Dea eſt, orbemq; fatigat
178 276 636 308 Sæpe aduerſabonis, ſæpe ſecunda malis:
147 305 674 337 Et Martem,Muſis quas vindex ipſe tegebat
144 336 617 360 oſtem: de cauſſis hæc fuit vna tribus.
146 362 754 396 Durum etiam cum rege Scythes certamen habebat,
177 395 634 425 Ipſe Deusne manu Rex foret, an melior.
1 407 44 433 l
147 425 689 454 Et cum plus Heroi Venus Charitesq; fauerent;
1 430 48 463 M
174 455 609 478 Ante ſibi dominam ferre furebat eum.
136 482 674 514 Fortunæille quidem ſubitos aut pertulit ictus,
175 514 556 542 Aut tectas luſit prouidus inſidias:
133 545 691 573 Armis non poteras, expugnas tempore, Mauors:
176 573 665 595 Sic tamen vt decus hinc exſulet inde tuum.
320 603 577 632 Eadem, de ſilio Errico.
146 631 626 663 Quos olim genitor, nuper ſortitur eoſdem
176 662 592 692 Hoſtes Herricus, perpetiturq; graues.
142 692 649 716 Eſt cœta huic etiam Fortunæ iniurius error;
171 720 570 749 Nec lucis tantum ſed rationis eget.
126 749 662 780 At ver, Aonidum a Franciſco condita patre
170 780 666 809 Templa, quod Herrico ſartaq;, tectaq; ſunt;
136 809 618 838 Oris lætus honos, &quæ dedit aurea Regi
169 839 565 866 Cypris, amatori nec dedit illa fero;
136 867 590 898 Inclta laus belli, diuinis æmula palmis;
166 898 591 926 Hæe Marti in regem ſemina ſunt odij.
134 927 663 957 Quin etiam hæc creuit ſeges, atq; efferbuit ira,
164 956 581 985 Ingratam vt fecit finis acerba fidem.
132 985 647 1015 Franciſci meminit Mauors, & pace recenti
162 1015 646 1047 Ringitur; æternam pertimet inde fugam.
122 1045 658 1077 Non tecte primo Regis caput ergo ſuperbum
124 1073 649 1103 Hoſtis vterq; petunt, hinc Deus, inde Dea.
115 1103 688 1138 Irrits at poſtquam labor, atq; vt flamina rupes,
139 1133 631 1170 cipiptaerdaus nietela tremenda Delm:
746 1168 829 1203 ei
