872 1312
286 73 500 97 ANDRE
1 105 638 152 ei mihi, non dignas tractant Cœleſtibus arts,
79 145 589 174 Quas quent excepto nemo cauere Ioue.
40 172 628 205 Nam pacem ſimulant: ſpectares nilniſi pacem,
110 204 653 231 Cui comites iocus hine, hinc Hymenæus erant.
40 232 541 262 Omnia lætitiæ cedunt: hoc lætior ipſe
113 261 628 294 Rex eſt,quo magis hunc triſtia fata premunt.
41 292 658 325 Id Fors obſeruatq, Deus; blandusq;: Hymenæos
113 322 539 348 Noſtro Rex, ludo coneelebremus, ait.
1 351 613 381 Annuit ille bonus. concurrunt, vidimus ipſi,
81 379 635 412 Mars cum Rege ferox, Mars, mihi crede, fuit.
81 410 718 440 Fors iuuat, heu hanritq; ſacrum cum Thrace cruorem:
113 441 581 471 Impia Fors, an Thrax impius ipſe magis?
81 470 599 499 Plangente exſultat ſceleroſus vterq; theatro.
39 499 687 529 Creditur ah tibi Mars quam male, quam tibi Fors.
282 530 555 558 In obitu Ioa himi Bellaij.
77 558 571 588 Flebilis ante diem cadis heu, diuine poëta:
113 589 551 619 Flebilior poteras tu tamen occidere
84 616 683 648 Namq; anni auſpicibus placide occubuiſſe calendis,
115 647 566 677 Corpora cum ſternit feſſa laboreſopor.
83 678 521 706 Acœna lætum geniali, corpore firmo,
115 707 550 736 Securus ſomni cum peteres requiem.
84 735 669 767 Omnes quando manet, fatum, nec mitius vllum
116 766 502 796 Inſtar diuini muneris illud habet.
84 793 725 827 Quale Biton quondam Cleobisque, & Delphica templa
116 825 608 855 Qui ſtruxere; homini quo nihil eſt melius.
80 855 515 886 Scilicet, eximia vates pietate benignis
112 885 578 914 Bellai,a Superis fers quoq, tu præmium
37 915 650 945 Namq; operoſa etiam Francis Latiisq; Camœnis
112 945 572 974 Edideras gnauus iam monumenta duo.
82 974 567 1004 Ergo nunc ſelix. vulgus fugiſſe profanum,
112 1004 495 1034 Et caſtas gaudes te coluiſſe Deas
82 1034 602 1064 Notos ſub pedibus fontes Heliconis, & antra
112 1064 506 1091 Cernens & Pindi culmina piniferi.
36 1093 565 1124 Vnde gradu facto, Muſa ſubuectus & aura
107 1124 531 1156 Nixus gentili, ſulendidus aſtra tenes.
703 1152 751 1176 Nes
537 1153 594 1179 E S
