872 1312
379 93 553 114 EII
136 127 618 158 Nec ſi non longam vitam tibi fata dederunt
167 159 614 187 Non æterna tamen gloria parta tibi eſt.
136 187 568 215 Nemo ſic patriæ primis ætatis in annis
167 216 595 244 Addidit ingenij laude perenne decus.
135 244 597 272 Nemo ſic patriæ vix eſt dilectus, & aulæ:
164 273 608 299 Sic flendus vates & memorandus obit,
306 315 567 342 Eiuſilem. Ee Petro Bembo.
136 353 703 384 Etincto cum ageret Minardo Parca triumphum,
166 382 566 412 Lætaq; pullatis inueheretur equis;
136 410 625 439 Reſpicit inſano ferientem pollice chordas,
168 440 581 470 Viſcera ſingultu concutiente virum.
137 469 641 499 Mirata cſt, tenuitq; iugum. furit ipſe, piumq;
132 499 595 529 Minardum cunctos flagitat ore Deos.
124 526 697 558 Miſcebat precibus lacrimas, lacrimisq; dolorem:
165 556 556 580 Verba miniſtrabat liberiora dolor.
123 586 635 623 Auſus & has proferre minas, Minol ruinam,
165 615 579 646 Trans ille Stygias ſi raperetur aquas.
136 643 716 676 Nam fore Gallo vt Cres ſedemq; & cederet vrnam
164 674 552 704 Minardo, meritis iuſtitiaq; minor.
134 702 617 734 Riſit, & agnoſcens luctatum Parca poëtam
163 732 633 763 Multa prius, bone Rex te ſibi vt eriperet:
131 761 685 795 Nec non antiquam reminiſcens forte querelam,
163 790 546 820 Orphi Tartareæ cm patuere viæ:
130 819 616 853 Hic etiam infernas tentat reſcindere leges
158 847 609 879 Dixit, fertq; manus in mea iura iterum.
132 877 748 913 Quin, quo progreſſus nemo eſt, Creti abrogat amens
163 906 599 940 Iudicis & titulos, ſortis & arbitrium.
131 935 634 968 Sit ſatis incœptis ſemel ignouiſſe nefandis;
160 964 624 997 Iam iſtiquem repetit faxo ſit ipſe comes.
130 994 684 1032 Nec mora; cum iuueni ploranti vulnus adegitg
161 1024 604 1054 Rupit & in medio pectora docta ſono.
132 1052 627 1087 Heu tu ſic raptus: ſic te mala fata tulerunt,
159 1081 530 1116 ellai, Erancæ laus Latiæq; lyræ.
311 1126 602 1159 Ad Mihallm eſpitalem.
753 1163 803 1199 Sln:
