872 1312
311 73 524 97 ANDRE.
60 104 553 143 Sint emſſa licet ſuppreſſo nomine patris,
102 142 556 171 Continuo agnouit pignora quiſque ſua.
72 171 604 203 Inceſſu grauitas, procero in corpore candor,
104 202 655 232 Cumque ſale ardua mens, ingeniumque pium,
73 231 617 260 Dotibus eſt amplius claruſque Philoxenus iſtis:
103 260 599 291 Talis Muſa recens edita clam: ergo tua eſt.
250 293 556 321 In Cmarum anconnetum.
73 319 551 348 Ergo ſtat Virtus vulgi ſermone caaique?
106 350 552 373 Væ tibi iam Virtus væ tibi io Vitium.
60 378 742 410 Gratia ſed cœloeſt habet heis quoque præmium ab ill,
103 409 594 432 Non deſerta bonis, cum ven.t in duhium.
60 438 624 470 mare, Gallorum Varro, Suadæque medulla,
102 468 531 498 Magna Patrum ſancti gloria concilii.
73 496 638 527 Res tectas hominum liqudâ qui cernit ab æthrâ
102 525 554 554 Vidit quâ inuidiâ tu premecere. Deus:
72 555 570 585 Vidit, & accipiens tetro de carcere raptum:
100 585 513 613 Ingeniis, ait hæc dignior aula meis.
207 616 601 645 In elidonem, vxorcm Salm Macrini
59 643 601 672 Matrini vxorem tumulus non continet iſte;
102 674 628 703 Sed tumulum potius viua Gelonis habet.
59 703 600 733 Nominis æternum in terris decus, arte maritâ,
100 732 489 760 Et vitam cœlo huic eſt pietate ſuâ.
235 766 575 798 De Amore cereo, ex Anacreote.
65 793 311 816 Dum cereus cuidam
70 822 331 851 Venundatur Cupido:
69 851 332 880 Amice dicito, inquam,
66 881 357 910 Quanti indicas Amorem
67 910 312 939 Iſtum mihi, politum
70 942 355 971 Opus tuum? ille vero,
69 970 374 1000 Quanti velis habe ioquit.
65 998 317 1028 At rem ſcias vt ipſam,
66 1028 333 1059 Nil cereum ipſe fingo:
68 1058 352 1082 Sed ferre nolo Amorem
68 1088 411 1117 Domi, omnium appetentem,
68 1117 372 1151 Davero, da mibi, inquam
608 1153 742 1186 Dracnmss
