872 1312
307 61 520 86 ANDRE
66 91 308 131 Qinectare irrigarat,
66 131 329 156 Ita nobilem excitauit,
66 160 336 192 Rgidoexerens rubeto,
70 193 333 221 Fruticem tuum, Lyæe.
295 220 497 244 EFNIS.
189 422 633 453 B AAVRI
197 488 625 519 Ad Sereniſ. atque Sapientis Vnetiarum
353 520 479 548 Principem
144 557 680 586 NICOILAVMDEPONT
65 612 649 664 Luctibus in tumidis deprenſus nauta gemellos
141 647 593 678 Tyndaridas votis omnibus orat opem.
68 674 521 704 Sic fragili Venetos auſus tentare catina
106 705 535 734 Portus, Ariaci per vada cæca Maris,
68 728 660 765 Quos in vota vocem? mihi tu cum Caſtore Pollux,
107 765 574 796 Tu mihi Dux Helice, tu Cynoſura mihi.
68 794 544 824 Vnum te duplici ſpecto pro ſidere ſidus,
108 824 572 855 Nil metuens hædos, oleniumque pecus.
76 853 607 882 Nil triſtes Hyadas nil ſæuum Orionis enſem,
68 882 521 913 Cereraque irati ſigna timenda ſalis.
68 913 658 945 At ſine te, in breuia impinget, Syrteſque vadoſas,
67 943 603 975 Et bibet æquoreas naufraga puppis aquas.
68 972 563 1006 Lumine ſalua tuo rapidis enabit ab vndis,
108 1005 523 1032 Et tanget portus de Duce tuta ſuos.
68 1029 544 1063 TeDuce non fallax ſtrati pellatia ponti,
106 1064 610 1095 Alcyonum placidos ferſque, referſque dies.
79 1092 591 1120 Cui tories legere, & vento remeare ſecundo
107 1122 531 1159 Contigit Illrici brachia longa ſinus.
695 1155 751 1184 No
