872 1312
256 89 646 121 G ERM.AVD.AVR.
120 120 778 162 Non iam Seylla verax, non iam metuenda Charybdis,
149 161 594 191 Non iam, crebta licet, noxia Syrtis erit.
120 190 600 222 En poſuere, ſimul percuſlo fœdere, veni:
150 220 572 249 En cecidit rabdi flactus, & ira maris.
105 248 555 278 Ergo ades o inuicta meæ tutela ſalutis,
150 277 594 308 Ergo ades, & tutum dirige lintris iter.
119 304 608 336 Te Duce ſoſpes ero, ſtabit me ſoſpite, teſtis
148 337 546 358 Auxilii iſta tuo fixa tabella tholo:
177 392 627 424 Qi dicat hanc cæcis veluti Leander. in vnd
222 425 585 453 Occiderat. niſi lux dia tuliſſet opem.
425 537 482 557 AD
173 639 733 674 PRVDE SS. SENA -
249 687 658 709 RES, & PATRICIOS
400 717 502 738 Venctos.
115 772 726 824 D ArciteMarcicolæ, genus altoa ſanguine ductum,
152 803 661 835 AParcite, ſi veſtros parce celebramus honores,
119 830 660 859 Si decus incompto decoramus carmine: tantas
117 859 573 889 Si conamur opes inopi ditare Cmœna,
118 889 741 923 Si m inimo immenſum concludere vaſe profundumt
119 919 741 954 Quandoquidem preſſi ſub iniquo pondere, & ingens
119 947 659 978 Ingreſſi laudumpelagus, nequecarbaſa ventis
117 976 663 1008 Plena damus. paſſas veli neque, tendimus alas:
118 1006 653 1039 Nos temere inſido metuentes credere ponto:
118 1036 659 1068 Ne grauis ad ſcopulos rapidæ ferat ira procellæ,
118 1064 628 1097 Neue fluentiſoni ferus obruat impetus alti:
117 1092 586 1125 Sed ſolum tuti tranquillam litoris oram
714 1132 799 1166 Audo
