872 1312
242 80 644 106 GERM.AVD.AVR
117 118 662 150 Vt frondoſa tuam reſonarent Phyllida tempe?
147 149 663 182 Quid molles elegi, triſtis quid Nænia, durus
106 172 786 210 Cum neq; Amor neq; Mors lacrymas, aut catmina eurent
147 210 712 239 Quid varium arguto tinxiſſe Epigramma lepore,
119 297 596 327 Sat luſu indultum: ſuccedant ſeria nugis.
116 327 608 353 Mutandi mores, mutanda inſania tandem.
116 355 624 387 Laſcuiſſe iocis decuit ſi quando iuuentam,
117 387 626 418 Nunc maiora decent: canæ grauiora ſenectæ
119 417 627 446 Conueniunt acti reparandus temporis error.
118 447 595 475 Argumenta meas laudes præclara canenti
119 475 683 505 Non deerunt, habeant ſolidæ quæ præmia famæ.
176 505 782 536 ingenuæ humanum quotquot genus excolit artes
117 533 658 564 Per populos diſperſa meæ ſunt munera dextræ.
119 565 653 594 Quas mod barbaries fœde conculeat, vt vlla
118 593 631 623 Vix maneat priſci ſplendoris imago ſuperſtes.
118 620 665 652 In fucos conuerſæ omnes, nugaſque, doloſque,
119 652 606 683 Opprobrium lugent inſtauratoris egentes.
116 682 664 710 Atque vtinam ſurgat deſpecti adſertor honoris,
116 711 622 742 Nec vates vni Paphiæ ſua carmina ſacrent?
115 740 640 771 Innumeræ paſſim gentes me præſide florent,
115 770 632 799 Regnaque, & auſpiciis poſitæ felicibus vrbes.
175 800 680 829 Tu de tot, tantiſq; aliquid te ſelige dignum:
114 828 712 859 Pone quod inceptum eſt, & primos linque labores,
115 858 680 889 Cura mei ſi qua eſt. ſi quid tibi Palladis vmquam
113 886 691 917 Dulce fuit, froniſque placent ſi munera noſtræ.
113 918 650 945 Aggredere o. nullis celebratam vatibus vrbem.
114 946 701 977 Non illam Actæo quæ quondam in littore, longum
113 974 651 1007 Floruit arte meâ, G aii columenque, caputque
111 1005 624 1031 Imperii, & noſtro clarum de nomine nomen
112 1034 699 1068 Nacta. meæ ſedes, mea prima, & ſola voluptas.
112 1064 705 1094 Quæ Phbi. & noſtrâ decorata eſt fronde. ſed æui
112 1094 640 1126 Communes perpeſſa vices, collapſa ſupremos
113 1123 591 1158 Cortuit in cineres diſcordi perdita motu,
713 1151 809 1195 uoid
