872 1312
278 69 631 94 GERM.AVD.AAV
126 74 159 100 -
126 106 638 138 At iuſſiſſe tuum; tibi nos parere neceſſe eſt
839 103 869 130 i
127 136 651 166 Tu modo promiſſis manes, & iuſſa ſecundes,
842 162 869 192 i
185 167 614 191 Annuit, ac læto ſubt idens leniter ore,
125 195 601 225 Hæc rata vota mihi ſanxit Tritonia Pallas.
186 224 668 251 Protinus excutior ſouno, ſtratiſq; relictis,
124 253 671 283 Non iam quos nuper, ſed Diuæ munere plenos
125 282 669 309 Senſi animos, ſenſi concuſſo in corde calorem:
124 312 651 342 Dura Deæ mecum tacitus mandata reuoluo;
124 342 662 370 Ac promiſſa mihi dubiam firmantia mentem
185 370 617 399 Ex illo ncc vana fides fiducia creuit,
126 398 603 429 Omenq; accipiens prora de litore ſoluo
126 428 662 459 Iicet, atq; ingens auſus tentare periclum,
123 459 591 487 Paſſa procelloſis committo lintea ventis.
185 486 644 516 Vos, ſacri vates, genuit quos Itala tellus,
126 516 637 545 Sancta Camœnarum myſteria rite colentes,
124 546 658 574 Hos hederæ tenues humili de ſtirpe corymbos
124 575 602 602 Auſonias inter concedite ſerpere laurus:
124 603 718 633 Dum mea per ſuperum fragilis mare fluctuat alnu
124 633 641 663 ſte boni: aut. vobis ſi mutua gratia cordi eſt,
125 663 645 691 Gallica Regna tubis in cœlum tollite veſtris,
124 693 662 721 Tollite & humanas ſuperent, præcor ia laudes,
122 720 652 749 Eia agite. ampla ſatis ſeges hic, & copia rerum.
182 750 786 780 Scd quid ego hæc? liceat benefacta agnoſcere ſalte
122 781 628 809 Parua rependenti pro magnis munera donis.
3 804 40 826 M
120 809 696 838 Nam dignas meritis referent quæ carmina grates?
123 838 671 867 Cum prior milius, dudumq; Arioſtus honoro
118 866 585 895 FortiaC ltrum celebrarint facta labor.
845 870 870 891 :
1 890 34 927 ul
120 896 635 927 Bargæulq; pio Syrios canat ore tiiumphos
118 926 725 959 Magnanumum Heroum, q:ios Gallia protulit ingens,
121 953 644 983 Galia mægnorum genitr x fecuna virorum,
842 961 868 983 lir
116 983 572 1015 Bg.rus decus ltaliæ, non vltima vatum
841 984 870 1010 i
120 1012 682 1044 Gloria: quem ipſa ſiis cupit venerade vetuſtas
819 1016 869 1040 .
118 1039 639 1074 Iſeruiſſe choiis. ied cun iua vindicat ætas:
117 1068 629 1104 Ouo non inuideant priſcis noua læcla poetis.
171 1099 742 1141 iuia :a lem
1 1131 28 1146 t
681 1138 825 1173 tuitus
