872 1312
292 83 677 112 CERM.AVD.AVR.
129 90 161 113 s
131 119 681 155 Quæ bis ſexcentas numerant ab origine meſſes.
134 152 660 185 O maneant noſtris æterna in ſæcula votis,
133 180 682 212 Fundatæ auſpiciis Diuum, & melioribus aſttis,
823 180 868 204 u
133 211 656 240 Vt ſanctum fierent profugæ vitutis Aſylum,
133 240 623 271 Ae ſtatio ſacrata penatibus, & patriis Diis.
196 269 726 300 At, cum vrbes reliquæ ſtabili tellure locentur,
827 298 870 324 I
135 299 684 329 ur tainen hæc medio conſtructa vnica ponto?
826 324 870 352 u
136 330 665 361 Dic age, Calliope, quiſnam fuit ille Deorum,
139 354 869 394 Quippe opus hoc hominum non eſt qui prima per æſtus
139 388 647 421 Hadriacos, Venetæ poſuit fundamina genti?
140 414 721 449 Tu memimiſſe potes: quid enim longæua vetuſtas
142 446 667 478 Obſtiterit : vel quæ Diuam te ſæcula fallant?
196 474 666 508 Mœnia Dardaniæ Diuum ſudata lacertis
1 490 62 518 o
142 504 711 538 Reſpondit manſere diu inconcuſſa prius quam
141 535 638 561 Fœta viros ſæuos fudiſſet machina partus:
142 562 712 596 Quæ tamen Argolicis tandem cecidere ſub armis,
1 595 38 619 r
141 593 621 621 Et verſa in tenues conſedit Troia fauillas;
2 619 46 637 l
803 622 870 652 u
141 622 666 655 Dirutaque incurus ſulcantur Pergama ferro.
202 651 669 682 Parte aliâ Pallas priſca in Pandlonis Acta
144 682 634 713 Neptuno conſorte ſaeratas condidit arces.
826 710 870 730 u
144 711 633 743 Auguſtoque diu tutata eſt Numine præles,
145 741 616 772 Illuſtres vt equo, ſic munere pacis oliuâ.
204 768 770 800 Ipſa etiam coniux louis, Afro in litore, primum
145 799 656 830 Magnæ vrbis paruas fagitiuam ponere ſedes
144 829 675 858 Phœniſſam voluit: Reges latuere propinquos
844 859 870 880 ui
144 859 605 888 Venturi iacta imperii fundamina: fouit
144 887 715 918 Præſcia vatorum Byrſam, minimoque redemptas
144 918 629 947 Naſcentis Iuno euexit Carthaginis arces,
821 919 869 943 uu
144 947 645 974 Italiam contra, & Tiberini fluminis vndas.
147 975 694 1005 Quæ ditione potens, ſtudiiſque aſperrima belli,
1 996 40 1013 ſt
145 1005 666 1034 Ac vix ſecapiens, Magnæ fuit æmula Romæ?
147 1033 729 1063 Sed dum ferre patem renuit, perpeſſa priorem eſt,
148 1065 619 1092 Ter conata iugo ſubducere colla Latino,
820 1066 870 1092 u
815 1092 868 1125 l
147 1093 742 1122 Ter reuoluta ſolo, atque extremâ fracta ruinâ eſt.
206 1120 869 1154 Quin Deus armipotens, bellorumque arbiter idemu
748 1152 826 1184 Mas,
