872 1312
253 68 648 95 RM.AVD.AVR,
117 109 672 138 Dtainâ fabricata manu; nimbosq; ruentes,
120 136 717 171 Flumina, nec poſthac metuent, tua Iuppiter arma?
123 165 701 198 Sic modo languenti vanam quatis gida dextra.
120 199 634 224 Viribus humanis verti monumenta Deorum
120 226 581 258 Si pateris ſolio extrudi patiaris ab alto,
120 255 591 286 Inſtituiq; ſuas Superum victoribus aras.
122 284 636 311 ece nouant in te tumidi ſua bella Gigantes,
122 312 689 342 Ecce iterum montes imponunt montibus aItos;
123 340 733 372 Iam cœlum Titanes habent, iamq; aſtra capeſſunt
124 371 636 397 Mox etiam domitis reſcindent æthera terris.
124 400 654 433 Et quiſquam Superum diuinos ſperet honores
124 430 581 460 Præterea? ſacrolq; ſuis altaribus ignes?
126 458 635 490 Quod ſi nulla mouet noſtri te gratia, ſaltem
127 487 593 517 Cura tui moueat, ſpretiq; iniuria ſceptri.
127 517 611 547 Da, pater, auxilium, & vaſtas ſarcire ruinas,
126 546 705 575 Da manſuram vrbem, daq; altera Pergana Troæ,
126 576 604 605 Quæ tamen Iliacis non ſint oboxia fatis.
128 603 704 635 Adſpice præterea, quæ deinde pericla ſequantur.
188 634 717 664 Tum pater omnipotens, tam iuſtâ percitus iri,
126 664 718 695 Sermonem abrumpit medium: nec plura querellis
129 694 636 722 Suſtinet his addi: pœnæq in imagine totus,
128 721 620 749 Talia flammato ſuccenſus corde profatur:
191 750 748 779 Non ea nunc primum Superi me cura remordet
129 778 736 810 Tempus erit, quo flammigerum affectaſſe Gigantes
128 810 644 838 Pœniteat cœlum : detruſaq; fulmine noſtro
128 839 622 866 Coniurata cohors nigris fub artara Ditis
128 868 647 898 Sentiet æternum quid tela Typhoea poſſint:
128 898 680 927 Per caput hoc iuro. Stygiæ per flumina lymphæ,
129 928 667 955 Conſilii præuiſa aderunt mox tempora noſtri,
129 955 600 986 Reſq; fidem faciet ſucceſſu læta ſecundo,
127 986 625 1014 Cum procul oppoſita terrarum ſede remoti
127 1015 673 1044 Paphlagones Veneti Venetis ſua nomina Gallis
128 1045 651 1072 Armoricæ gentis. ſimul & connubia iungent.
128 1074 698 1102 Hine genus. & nomen populis commune duobus
128 1103 631 1134 Fiet idem, ſuperoq; mari dominabitur: illi
717 1116 811 1168 vubem
