872 1312
247 73 569 96 VENET. LIB. I.
713 76 751 94 IoI
23 102 583 142 Pandoræ in morem nulliindotata Deorum.
122 138 673 171 Addentur ſigna imperii, faſceſque, ſecureſque,
80 172 617 201 Atque magiſtratus, reddent qui gentibus æqua
46 201 647 231 Iura domi. qnique arma fors victricia tractent.
803 209 867 245 l
31 230 557 259 Nec non pauiicii concordia pectora ciues.
31 258 623 289 Inque ſuos proceres populi propenſa voluntas.
1 290 560 320 u Atque Quitinales litui, cœleſtiaque arma
36 319 549 345 Innumera, excelſo demiſſa ancilia cœlo.
85 348 572 378 Et ſublime ſimulſolium, inſigniſque tiara,
81 377 603 407 Atdenteſque auro trabeæ Ducis ornamenta.
84 407 688 438 Magnanimumq; Ducum ſeries veneranda, ſine vllis
85 437 615 467 Tempore præſcripto metis, ſanctuſq; Senatus.
1 467 659 524 ææa
82 524 591 552 Sed Venetâ in toto Reſpublica floreat Orbe.
2 555 703 611 ca
83 612 575 641 Quod longefines virtute, & fortibus armis
82 641 550 670 Proferat: Illyrici præclaras litoris vrbes,
83 672 616 701 Corcyram, Cretamque Iouis cunabula magni.
84 701 608 729 Multas præterea poſitas tellure, ſaloque,
85 728 526 758 Conſilio reget, ac iugi ditione tcnebit.
1 749 591 789 Et, licet aduerſi interdum diſcrimina Martis
85 789 597 815 Contingant: tamen euentu certiſſima læto
80 818 555 847 Luſtrabit Venetos paſſis Victoria pennis.
83 847 519 876 Ereptæque illis olim palantibus vrbes,
41 876 562 906 Victores violenta noui iuga ferre coactæ,
84 906 621 936 Ad veteres tandem patronos ſponte redibunt,
85 936 602 965 Et memores, placidæ ditionis iura repoſcent.
142 964 621 993 Parebit prima ante alias Mauorte ſubactâ
86 993 649 1027 Vrbs, ortu damnanda tuo, trux Totila, quondam
1 1007 535 1051 l Totila Romanis nimium deuote ruinis.
139 1055 623 1085 Mox Antenoreas, expulſis vrbe Tyrannis
42 1081 509 1110 Felici auſpicio, multâ vi muniet arces
83 1111 603 1141 Publica res Venetum: ſuccedent mollia duro
672 1137 755 1169 tuſa
464 1148 507 1172 G
1 1158 41 1191 pl
