872 1312
249 76 576 101 vENET. LIB I.
710 75 746 95 1
26 115 629 146 Si quiſquam ſteterit contra, ſi intenderit arcum.
79 145 546 174 Tela diu ſpernens. indignas deſpicit iras,
20 175 480 205 Ac pimum ſolo ſeſe terrore tuetur
78 204 625 234 Magnanimus, tamquam cogi teſtetur ad armae
80 233 629 263 Ferreus ac poſtquam iaculorum depluit imber,
82 263 544 286 Exacuit bilem contorto verbere caudæ:
82 292 629 322 Mox immane fremit, mox vires colligit omnes
83 322 605 351 Spumeus, ac villis horrentibus aſperat armos.
138 351 649 380 Tum velut incluſos vaginis exſerit vnguess
1 378 647 411 x Neciam iamq; moras patitur, ſeſe arduus infert,
83 411 609 439 Toruâ fronte ferox pugnam ciet ore cruento
83 440 576 469 Vindictæq; ſitim crudis laniatibus explet.
83 469 598 497 Ecce niger lacero manat de vulnere ſanguis,
83 498 659 527 Dente quod ille fero, quod adunco fecerit vngues
82 526 579 555 Nec premere abſiſtit, donec confecerit. et, ſi
84 555 615 581 Sæuiat ardeſcens; animantum non tamen vlli
85 585 612 613 In ſupplex & inerme genus elementia maior.
86 613 602 642 Tam fortes animos miti ſub pectore verſat:
85 643 691 674 Sic placidis parcent Veneti, tumidoſq; domabunt.
144 674 626 703 quos promittunt vrbi ventura nepotes
85 701 669 731 Tempora? quam longo protendent limite metas
86 730 549 761 Quantâ prolatos fines. genteſq; ſubactas
89 762 557 789 Arte tuebuntur, matutis cuncta regentes
86 789 590 819 Conſiliis: quæ longa ferent in ſæcula claros
82 820 561 848 Eximiâ virtute Duces, lætoſq; triumphos.
85 847 668 878 Quotquot erunt artes naturæ, aut munere Dium,
84 878 554 907 Hic fixas meritâ ſedes ſtatione Iocabunt.
84 907 575 937 Non erit, vt regnis æquent ſe priſca futuris
84 935 650 967 Regna: nec acta Ducum iactent inuicta ſuorum
82 967 527 995 Nec belli, paciſq; vices nec ditia gentis
83 996 605 1025 Dona ſuæ, quæcumque illis ptior extulit ætas
83 1025 651 1054 Siue Aſiæ immortale decus, Nabatheaq; regna?
85 1055 578 1083 Siue Sagax Lbyæ ſpectes, & ad obuia velox
82 1084 567 1111 Ingenium: uropæ ſeu bello fortia corda,
81 1113 566 1146 eſtoraq; aduerſæ concedere neſcia forti
660 1145 759 1173 uro-
437 1145 497 1175 G
632 1192 677 1211 -
