872 1312
277 71 679 102 GERM. AD. AVR
125 108 703 138 Auctaque mox pelago Libyæ, ſub vtroque rcpoſtas
125 137 558 166 Imperio adlecit terras, natiaque iura
124 166 598 193 .quoris obiecti violans tentauit Iberos,
124 195 654 224 Alteraque Heſperiis Carthago condita in oris
124 224 569 252 Iniecit frenos trepidis, & facta per illos
124 252 589 275 Eſt via ad exoſæ ſublimia mœia Romæ.
127 281 689 312 Quæ niſi tam cautis prudens cunctaror in armis
126 311 635 338 Fregiſſet motus ſubitos ſeruiiſſet, & orbis,
125 340 597 367 Deleta, imperium rapuiſſet libera Roma,
126 368 683 396 Carthago; hoc vno Româ minor: æmula nullos
125 398 704 427 Vmquam habuit Fabios ſed atrocis fulmina belli
128 427 595 456 Continuâq; illis ſurgentes ſtirpe nepotes
125 455 622 480 Euexere vrbem ſupremi ad culmen honoris
125 484 689 509 Annibal inuictus, ferus Iaſdrubal, acer Hamilcar.
184 514 720 546 Martigenæ proceres, Troum generoſa propago,
124 543 634 571 Magnanimos verſis quos ſenſit Achaia fatis,
125 572 599 601 Vlrores cinerum Troiæ genitricis, & æquas
124 600 594 630 Victrici pridem de gente repoſcere pœnas
124 629 585 658 Manibus Hectoreis, Phrygii ſolatia buſti
125 658 613 689 Ortu parua ſuo, ſed magni exordia Regni:
123 687 633 716 Fratribus Etruſci fundata ad Tibridis vndas,
108 716 633 744 Vos, magni Heroes, memores virtutis auitæ,
123 745 633 777 Sanguine ſeruaſtis veſtro, populiſq; ſubactis
122 773 585 803 Per varios caſus, dubiiq; pericula Martis
122 803 654 834 Arma triumphatum fixiſtis veſtra per orbem,
122 832 574 860 Et tenues auxiſtis opes: interrita donec
121 860 632 895 Nil habuit virtus, partis quod iungere poſſet,
120 889 608 917 Auſoniâ cum iam totus foret orhis in vrbe.
121 919 704 954 Quæ paullum antiquâ ſeducta propagine patrum,
121 949 661 984 Cognato ret:nens animas a ſemine plures
122 976 666 1010 Scipiadas genuit; Fabioſque graueſq; Catones.
180 1004 688 1036 Eſpe tam tenui quis non miretur ad iſtos
122 1033 645 1066 Adſcendiſſe gradus, & tantæ ad culmina famæ
122 1063 595 1095 Erectas procul a patri fugientibus arces,
122 1091 585 1128 ſſent ſollicitæ quæ propugnacula vitæ
732 1128 810 1167 ous
