872 1312
292 68 632 90 GERM. AVD. AVR.
136 106 617 135 Inuicta, & victrix terrarum, ſe quoqi vicit,
145 134 729 167 Ne quidquam inuictum toto ſpectetur in Orbe
171 164 652 191 At, quicumq; olim Venetæ cunabula ſortis
137 193 629 223 Perpendet, noſcet formidinis omnia plena,
139 218 676 252 Plena fugæ, accitumq; Dei crudele flagellum
140 250 667 280 Cum tota Hunnorum facibus, belloq; cruento
138 280 545 310 Italia ardebit, tot deformata ruinis:
140 309 666 339 Nec iam vlli montes, præruptaq; ſaxa latebras
139 337 640 364 Præbebunt: ſexus reuerentia nulla, nec æui,
137 366 630 396 Figentur mediis manſuræ in fluctibus ædes,
137 396 582 426 Pro muris erit vnda ſali, ſpes vna ſalutis
139 423 579 456 Reſtabit Venetis, ſolidâ tellure relictâ:
138 452 609 481 Infido Venetus pelago ſe credet, & audax
140 481 605 514 Hadriaca inſolitis calcabit cærula plantis.
139 509 732 542 Cum procul audito ſtrepitu, querulisq; cadentum
137 539 639 570 Planctibus, extemplo terreſtria tecta peroſus
139 568 677 598 Scirpea componet, glaucisq; habitabit in vluis:
130 596 636 631 Inſtabiliq; ſalus ſtabilis quæretur in vndâ,
136 625 682 658 Præſidiumq; nouum, quod non exſcindere ferro
136 655 641 684 Attila, non ſæuis poterit ſubuertere flammis.
136 684 644 718 Vaſtata exſortes ſpectabunt omnia circum
136 714 648 743 quorei ciues: erit hæc prima anchora tant
135 743 634 773 Imperij, penitusq, vadis aget aucta ſub imis,
134 771 539 804 Radices, parui ſirmans exordia pagi.
157 801 681 835 Quis toties grauibus perculſos corda procellis
132 827 672 860 Poiſe vmquam ſaluos emergere credat ab vndis
133 858 659 895 Cladibus acciſos, exhauſtos, omnium egentes,
131 886 625 922 Infeſti obſeſſos odiisque, armisq; Tyranni?
130 918 640 951 Emergent tamen, atq; ſuas loca prima ſalutis
129 946 645 979 Perpetuo cunas gens grata fouebit honore,
130 974 638 1008 Talibus e cunis vrbes, & regna gubernans.
128 1003 574 1037 Heroumq; feret ductos e ſtirpe vetuſtâ
128 1033 730 1068 Tot proceres, quot nulla vmquam prior extulit ætas,
128 1061 627 1092 Hectoras, neasq; pios, Antenoras altos.
125 1089 626 1129 Fundet Ariſtidas, Codros,iuſtosq; Solonas.
701 1133 785 1157 Han-
