872 1312
285 74 636 97 GERM. AVD.AVR
136 112 629 143 Tu, Veneri, pauida fractos formidine Turcas
135 143 611 172 Fortunam, vires q; tuas horreſcere coges
136 172 560 201 Vana nec illius fient præludia pugnæ.
136 200 678 230 Te maiora manent. Sic eſt Iouis æqua voluntas.
166 230 687 259 Cur ego te, qui ſceptra geres DePonte, ſilebo?
137 259 683 288 Cui Temis afflabit mentem. cui lance benignâ
136 287 590 317 Ipſa ſuas effundet opes Iuſtiſſima virgo,
136 316 719 347 Cui ſummum patriæ regimen committet; vt vrbi
135 348 652 376 Ac enetum populis Saturnia regna reducas
136 376 634 405 Aureus : & dulci, Duce te, gens læta quiete
138 405 703 434 Gaudeat. ah ne quis temeret tua munera vecors
137 435 620 464 Nam, qui tranquillæ turbauerit otia pacis,
136 464 617 493 Sentiet offenſi victiicia Principis arma,
135 491 709 522 Inq; Numa placido rigidum regnare Quitinum.
165 521 702 552 Quid memorem plures alios, qui lumima tantæ
135 550 639 574 Vrbis erunt, multis in ſe redeumtibus annis?
136 580 680 610 Nam, qui: crit finis, reliqus ſi dicere pergam
134 610 621 640 Heroas, quorum eximiis virtutibus ingens
133 638 668 669 Imperium Oeeano, nomenq; æquabitur aſtris?
133 667 692 698 Hæc memoraſſe ſatis. poſt non ita longa Nepotes
133 697 695 726 Tempora, verſa ſugâ victum dare terga videbunt.
131 726 619 757 Regnatorem Aſiæ: totoq; Oriente ſubacto
132 754 629 779 Victrici Venetas claſſes cum fronde reuerti.
128 784 601 815 Dixit: & Aonias repetiuit Muſa Sorores.
160 815 736 847 Iam pater omnipotens immitia facta Gigantum
131 840 675 871 Vltus erat, cœloq; aberat metus omnis, & arces
130 872 620 900 Extremo maris Hadriaci fundabat in æſtu:
129 900 615 929 Promiſſiq; memor ſenſim ventura fouebat
128 929 618 961 Vrbis, & imperij magni fundamina: donec
120 959 684 989 Poneret eueſis renouatam ex omnibus vnam
127 988 610 1022 Solamen Diuûm, veterisq; obliuia damni.
135 1019 664 1052 Interea, partes oculos dum verſut in omnes,
127 1047 681 1080 Eminus vt vidit poſitam maris arbiter vrbem,
126 1076 622 1109 In regno florere ſuo: quam vix capit ipſe,
128 1105 634 1141 Lættia exſltans, ielocem protins ad ſe
721 1140 817 1182 A
