872 1312
224 63 548 94 vENET. LIB. I.
686 74 724 97 Iis
52 104 506 129 cœisrrltona iubet, cui talia mandat:
86 135 591 167 Vade age nate mei per ſpumea paſcua regni,
51 163 602 196 Per iuga, conuallesq; imas, camposq; liquentes
61 194 721 224 Noſtrorum genus omne Deu, genus omne natantum
58 224 646 255 Huc ſiſte, hæc mecum attoniti vt miracula cernant.
74 252 583 284 Quæ ſimul accepit, derersâ ex auribus algâ,
58 281 612 314 Co uleus tubicen tumidarum numen aquarum
57 312 615 343 Squamea ventosa lnge euocat agmina concha,
56 341 608 368 quoreosq, Deos, & numina ſancta Dearum.
35 369 603 401 Ingentem ſonitum Phorci chorus audiit omnis,
55 399 570 430 Quæcumq; Oceanilalſo nat turba profundo,
55 428 573 458 Et quæcumq; bioi dulces ex amnibus vndas.
86 458 634 490 Haud mora, iam nullâ mentitus membra figur
55 485 549 517 Accur:rit vaſto properans egurgite Proteus,
51 514 521 545 Ac deguſtato Glaucus iam gramine felix,
54 545 617 578 Nternusq; Dcus; tener, & cum matre Palæmon,
56 574 489 606 Oceaniq; vxor etlys, cum Deiopeâ,
54 602 611 636 Nympharumq; parens Doris, coniux que, ſororq;
47 632 557 667 Cærula grandæui Nerei, Panopæaq; vrgo,
53 660 619 694 Cydippe, Drimoque, Ligeaque, Cvmodoceque
39 688 495 721 Et viridi Melire flauoq; Thalia capillo,
52 718 615 751 Et Clymene, & antho, Beroëque, aliæq; ſorores,
52 748 545 781 Et maris indigites, præſentia numina, Diui.
83 777 587 806 En exſtant ſuper Hadriacas Nereides vndas,
36 804 587 839 Pube tenus,reliquum cælantes æquore piſcem,
53 836 633 869 Crurum inſtar bifidâ qui pendet ab inguine caud
53 864 531 898 Tinguntur niueæ fluctu aſſi iente papillæ,
40 893 549 930 Et ſparſi volitant per eburnea colla capilli,
52 924 563 953 Quos importunâ mulcent dum leniter auri,
41 951 599 987 Diſturbant ſemper, ſemperq; in deuia torquet
52 981 517 1018 Indociles Lephyri laſciuo abſiſtere ludo.
42 1013 559 1044 Cetera turba Deſm feſtâ permiſta choreâ
52 1040 563 1075 Lætitiæ teſtes crebros dat in æquore motus.
37 1069 583 1104 Quale ex imen apum primi ſub tempora veris
40 1099 525 1133 Exercet cum mellis amor per floreærura;
672 1134 719 1160 Aut
