872 1312
249 81 544 104 vENET. LIB. I.
721 85 755 109 I
34 119 619 150 Quæ nutu adriacæ late imperat Amphitritæ.
120 150 602 178 lmpigei huc pernce fugâ defertur Aellus,
88 179 631 208 Nec properum tardat rabioſa Canicuia curſunt.
119 210 612 239 Nec celeres hynmos remoratur Sirius idem,
88 238 569 267 Sub pinnâ quamuis defixus pungat Aſilus.
1 258 617 296 . Prælongi ladius ferit æquor acumineroſtri,
87 297 613 322 Serra ſecat cumulos vndarum, & cærula ſulcat.
85 326 609 355 Longa acie mucronis Acus ſreta perforat alta,
84 355 531 384 Diuiſosq; ſuit protenta cuſpide fluctus.
116 382 652 413 Huc ota cum tadiis, moduloq; aduoluitur ipſ
87 415 532 443 Ranaq; iſſaarix, & tactu Srela perurens,
86 441 610 471 Olli tantus enim eſt ignito in corpore feruor,
2 466 647 501 Protinus vt peragat quidquid congeſſit in aluum,
86 500 551 529 Cornutusq; Aries & pictis Mormylus alis,
83 530 580 559 Perrarusq; fFaber generoſos inter habendus.
82 559 547 587 Et volitans Lolligo, niger Coracinus, & Orbis
83 588 624 617 Orbe ſuo conſtans, atq; ardens nocte lucerna,
82 617 635 645 Mænaq cum Leutr metuentibus æquoreigis
82 646 612 675 Cum ramis Arbos, & cnm Squill hoſpite Pinna:
81 675 621 704 Vna etenim domus eſt, vnumq; cubile duobus,
80 704 658 732 Menſa eadem, par via, & mens, ſtudumq; rapinæ.
79 732 608 762 Pinna caſæ pandit cameratæ argentea clauſtra
80 762 626 791 Piſciculis præbens velut orbum lumire corpus;
81 791 600 819 Quo vafra incautos allectet, & oepprimat aſtu,
79 821 659 850 Namq; leui paſſam, Squillæ morſu inice, teſtam
79 849 653 879 Comprimit; & partes prædam diſpenſat in æqua
77 879 579 908 Sic ferus inte: dum prædator præda fitipls
80 908 518 938 Inſidiasq; patans aliis ſibi retia tendi,
77 937 653 967 Vindicibus ſpectant ocuſis pia Numina fraudem,
107 967 655 997 Quæ caput occultans occultam ſe putat eſle,
66 996 636 1025 Cum ephalo hoc illi communelaaere recuſat:
76 1026 617 1050 Verum oculo fallens ſubito lut V bra natatu.
107 1055 598 1084 Hrſutus non iam ſcoplis ſe affigit Echinus.
77 1084 656 1112 Cu ſunt pro pedibus ſpinæ ſed voluit in orbem,
75 1113 606 1144 Nec tempeſtate uctuens lua terga ſaburrat.
676 1147 736 1170 Tum
