872 1312
90 121 673 153 Hunc alit Euphrates, Phaſisq; & Rhenus, & Iſter,
88 152 565 181 Diſtendens longi proceros corporis artus
87 182 548 210 Præcipiti curſu ſocios comitatur euntes.
120 211 595 239 Abſtinet hamata ſollers ac prouidus eſca,
75 236 593 270 Vt natet Hadriacas velox Mlelanuus ad oras.
119 271 628 300 Quæ quinas plano mculas in tergore geſtat
89 298 528 328 Aſſimiles oculis nigrantibus, & natiuæ
75 330 644 359 Quincuncis poſito referentes ordine formam
75 354 594 389 Tectis tuta dolis; namq; illi ſpicula deſunt:
75 385 613 418 Inde ſibi metuens, cœcæ non inſcia fraudis
75 418 622 447 Quam natura dedit, fundit Torpedo veternum
75 445 640 475 Icta ſuum, quod per calamos per lina, per haſtas
85 474 549 505 Eminus inſpitans torpentes alligat artus
84 501 678 534 Piſcantum: ſolo vt perhibent non frigore, ſed vi
75 532 548 562 Occulta, toto latitat quæ corpore miſta
84 562 628 588 Viuentis; necenim eſt eadem vis lumine caſſæ,
75 590 602 620 Quam vel odor gignit, vel viui corporis aura.
74 619 700 660 Hæc fuido quamquam tarda grauitate prematut
83 649 616 678 Accelerat lapſu, trermulosq; dat in mare ſaltus
75 679 541 706 Ionium, portus Venetos viſura recentes.
113 708 566 736 Iam teſtudineo ſegnis Teſtudo per vndas
84 736 533 763 Incedens paſſu, celeri volat ocior Euro.
112 766 638 795 Paruula nec puppes. aut clauo, aut fixa carinæ,
75 794 570 825 In mediis Echenei aquis remoratur euntes.
85 825 624 853 Quin licet impulſas ventis, præteruclat omnes,
74 852 600 883 Et, niſi feſtinet, quas anchora iacta profundo,
75 883 595 915 Quas nulli teneant funes: hæc vna rerardet:
75 913 623 944 Vt neq; vis hiemis, neq; flabra furentia contra,
74 940 579 972 Non æſtus furor indomiti diuellere poſſint.
75 967 585 1001 Tam natura potens, mirandaq; ſemipedalis
75 996 555 1032 lPiſciculi, rabiem pelagi quæ ſola refrenet,
108 1030 566 1057 Et qui veliferis ſocium ſe nauibus addit
82 1058 645 1090 Vnde datum nomen nautis gratiſſimus augur
74 1084 618 1120 Nautilus epotis tamquam ſe ſponte ſaburret
75 1117 636 1167 Sluſtibus ima grauis prono ſubit æquora lapſu:
