872 1312
286 81 656 116 GERM. AVD.AVR.
138 116 656 148 Hinc auras repetit fundoq; ſupinus ab alto
137 148 670 178 In ſuperas ſenſim emergens ſe ſubrigit vndas;
136 176 750 206 Ac, velut exoneret ſentinam, hauſtum euomit æquor,
136 207 630 236 Ingenitamq; ſibi n aturæ munere Cymbam
136 236 711 263 Inſtruit ad curſus; duo brachia prima retorquens.
135 264 728 294 Membranam tenuem, quæ vento impulſa tumeſcit,
142 294 682 324 Non ſecus ac velum, ſpirantibus explicat Euris;
136 324 634 353 Brachiolisq; aliis ſubremigat: exiguaque
135 352 680 379 Pro clauo, caudâ moderans, flectensq; carimam,
137 380 682 410 More Liburnarum, tranquilla per æquora ludit.
137 410 595 437 Se rate, ſe velo, ſe clauo, & remige fretus.
136 439 639 469 Hoc ego, non alio, Mynias didiciſſe magiſtro
136 469 594 497 Ignotas tentare vias ſinuoſa per altum
136 497 661 525 Vela dare, & primam remis impellere pinum,
134 527 579 555 Atq; gubernaclo vitare pericula ponti:
136 555 726 583 Crediderim: prior hic Typhis, prior hc fuit Argo.
167 584 591 613 Exſilit, & ſeſe Pectunculus ipſe carinat.
134 613 651 643 Conchaq, vel ſicat pelago Cythereia ſummo
135 643 585 672 Opponens leni Teſtacea carbaſa vento.
168 672 688 701 Tortilibusq; natant circumdata Buccina gyris,
134 701 659 729 Atq; ſuos numerantinſculptis orbibus annos.
167 730 668 759 Muti mille alij feriunt vada feruida nantes;
133 759 657 788 Spumea concuſſis cateſcunt marmora pinnis,
136 788 653 818 Vt cum tecta lates candenti ſub niue tellus,
135 818 664 843 Dulcis aquæ populi, Euxini plebs incola Ponti,
137 845 583 874 Vaſſiq; Oeani furuis gens alta larebris
137 875 678 904 Turmatim agglomerant dens ſtipante coronâ.
136 904 631 930 Vt formicarum longo ordine ſemita feruet,
135 927 777 968 Dum congeſta, hiemis memores, frumenta recond
135 961 573 990 At corroſa prius, naturæ lege magiſtrâ,
136 989 672 1021 Ne rurſum in ſtipulas tellure repoſta reſurgant,
137 1019 564 1049 Cura adeo ſolers illis, & gnara futuri.
167 1049 627 1080 At parte ex alia litui clangore vocatus
134 1077 644 1106 Qui pando quondam geſtarat Ariona dorſo,
134 1106 633 1138 t teliquiobſcuris pelagi Delphines ab antris
736 1144 793 1166 Ara
