872 1312
265 65 551 87 VEN. LIB. I.
717 65 753 93 Iis
85 102 588 131 Ara per vacuum ſeſe iaculantur in æthrem,
86 131 603 162 Haud ſecus ac miſſæ neruo ſtridente ſagittæ,
84 161 518 192 Intiateſtantes iterao gaudia ſaltu:
87 192 602 221 Quo tempeſtatis dant proxima ſigna ſerenæ,
87 219 641 251 Si fluctum eructent vertentibus æquora ventis,
113 250 621 280 Læta quoq; exſiſtunt immani copore Cete,
88 278 617 310 Non aſſueta licet ſuperi mais æquore rauco
87 307 575 335 Et ſpatioſa ſuis in frontibus ora reciudunt,
88 338 660 368 Ora quibus montes nimborum ad ſidra iactant
117 367 606 396 Hirtaq; deformes exſertant brachia hocæ
87 396 689 427 Brachiaque, & corium, & ſetas, atque hor ida torui
88 425 614 456 Ora bouis, ſomno mugitum edentia raucum.
118 456 600 484 Hic etiam ſocialis amor ſpect atur in vndis.
88 485 675 518 Balenæ Dux monſtrat iter. quod præuius tnteit
87 513 677 544 luſculus; atq; docet, qua tutius æquor arandum,
88 542 643 572 Crcbraq; dorſa maris fugitons interſecat altum:
88 571 576 600 Ne vaſta in rigidas impingat bellua cautes,
89 600 623 628 Cæca ſupercilis oculorum vmbrantibus orbes
87 630 572 661 Pondere depreſſis nimio, pinguiq; ſaginâ.
89 660 525 684 Sic inter fluctus nautâ recto: e latentes
86 690 559 719 Declarat pinus ſcopulos, & litora tangit.
119 718 593 748 Diluuio gaudens demergere vela Phyſeer,
86 747 606 777 Immane exſirans. & corpus more columnæ
87 777 645 807 Attollens: fundensq, procul ſua flom ina nullos
88 808 647 838 Iam remouit fluctus æquoive refur dit in quor.
115 837 572 866 Quamuis infeſtæ Cetis enornibus Orcæ,
87 867 648 898 Nant tamen vnanimes, & cardo ferocia ponunt.
118 898 625 925 Iam Luus, Mugi, velut icto fœdere iuncti:
85 925 571 954 Inſidias non ille porat; non iſte paueſcit.
116 954 595 988 Iam didicit conchi ignoicr opussxos,
85 983 630 1009 Conſtantem retinens varia in teſlure colorem.
87 1013 690 1043 Hin dolus omnis abeſt, ne co iſidet hoſtis.
116 1045 608 1077 Iamq; cateruatim coeunt exuni e denſo,
88 1073 625 1103 Nec cum Delphinis mæ ſo pœlia m ſcent.
116 1103 660 1132 Non iam contrahitur frondoſa rtca, colorem
459 1138 525 1163 HA
697 1140 750 1161 Non
