872 1312
275 73 622 97 G M.AVD. AVR.
114 82 171 99 o
125 109 613 139 Non attacta ſuum mutat non amplius acri.
125 139 565 166 Pruritu iniecto, veluti terreſtris, adurit.
824 142 870 172 u
157 168 728 199 Non iam cCancer atrox hoſtem prædatur hiantem,
824 172 870 199 i
127 197 650 227 Immiſſo prohibens occludere clauſtra lapillo.
139 227 652 254 ſtrea nec lances ancro vafra tendit apertas,
124 255 615 288 Vt captum adductis includat carcere tectis.
125 285 657 314 Nigra nec Hadriacas infuſcatoepialymphas,
126 313 591 344 Se prædæ eripiens proſuſi fraude cruoris.
156 344 678 372 Nec trucibus placidi piſces ſunt piſcibus eſca.
124 371 659 401 Depoſitis nimirum odiis amor omnibus idem.
155 401 662 431 Huc ades, humanos a piſcibus accipe mores,
125 430 647 459 Qui cognatanefastorques in v. ſcera ferrum,
126 458 678 488 Qui maculas ſæuam fraterno ſanguine dextram,
127 488 626 516 Qui perimis, quem debueras vel more tueri,
124 517 660 548 Pone inimicitias, ſtudiumque amplectere pacis.
154 546 714 577 Cur Sclopendra vomat, quos non deglutiit hamos?
125 576 658 605 Cur Tygon radio quemquam transfigat acuto?
835 588 870 606 C
1 589 56 620 V
124 604 651 633 Cur pugnax ſtimulis pungat Centrina cruentis?
123 633 656 662 Cur iterum Galeus catulos in viſcera condat?
123 662 636 695 Omnia tuta vident, tenduntur retia nuſquam.
152 693 650 719 Sunt, & qui raris contendant vincere donis.
120 719 614 748 Puniceæ vegetum Violæ mentita colorem,
121 749 614 781 Herculei canis indicio; caſuque repertum,
119 777 614 807 Huc ſecum adduxere ſuum onchilia florem.
118 808 656 839 Nigrantique roſæ ſimilem fert Purpura ſuccum
118 835 669 868 Faucibus in mediis, qui vena includitur alba,
117 862 624 902 Effuſura ſimul dulcem cum ſanguine vitam;
116 894 647 930 Vt gemino ornati Patres ſplendore coruſcent:
115 924 622 959 Purpureis ſeu ſequoties ſollemnia poſcent
115 950 584 988 Oſtentare togis libeat, ſtupefactaq; vulgi
114 980 648 1013 Sole repercuſſis peiſtringere lumina flammis
116 1010 591 1048 Seu libeat Tytio ſaturatis veſtibus oſtto,
112 1040 532 1074 Mutato luxu regali incedere pompa.
143 1068 677 1107 Conchæ etiam, nuribus conceptas rore ſereno.
113 1097 631 1137 aælitus illapſo, gemmas dant fere nitentes,
727 1144 824 1174 Dat.
667 1265 746 1285 A
