872 1312
144 87 620 111 sGERM.AVD. AVR
145 123 672 155 Fudit equum tellus Argiui in munus Adraſti,
144 154 668 184 Solis equis ſimiles miſit tibi priſca Corinthus,
144 183 712 212 Vrbs Venetum ſignis doctorum ornata Pelaſgum
143 212 654 241 Dignos qui curru magni iungantur chillis
144 240 666 268 Artifices ſurmmi, quibus hæc animare poteſtas
144 269 655 300 Eſ data, Praxitelis ſiue hos induſtria ſinxit,
141 299 624 328 Phidiacis ſeu ſunt manibus, curaq, politi
145 329 636 358 Humana iures opus haud imitabile dextrâ.
145 355 764 384 Sd, quid ego hæc multis, um tot miraenda ſuperſint?
173 385 693 415 Ac. primum quod duleis aquæ non copia deft
144 414 641 443 Vrbi, quæ fuſo circumdatur vndique ponto.
144 444 736 473 Nam ratibus nautæ exceptum, perq; æquora vectu
143 473 611 499 Vicatim domuum ciſternis amte recluſs
144 500 708 530 Medoacum infundunt per cuncta palatia flumen,
10 517 61 542 p
145 531 639 559 Cuius non vmqnam miſcetur dulcis amaro
144 559 671 589 Vnda mari; prohibet coniungi terreus agger,
143 587 732 617 Qui tenet hinc lymphas, hinc ſaſſis fluctibus obſtat.
144 616 618 646 Accola vulgati Safuſinam nomine dicit
143 644 660 674 Hic ſuperimpoſitas ſibi nautica conſurgentem
142 676 688 704 Ex amne in tumulum ſubducit machina puppes,
141 704 650 729 Quippe volubilibus rotulis hinc inde locatis,
140 732 636 762 Funibus attractæ tereti voluente Cyſindro,
141 761 641 792 Tarde incedentes magno molimine tandem
139 791 661 821 Erepunt per humum ſummi ad faſtigia collis:
140 819 683 849 Dumq; iugo rurſus breue deducuntur in æquor
140 847 654 877 Vincula lubuectas retinent; de vertice ſumo
139 876 639 908 In mare præcipites ne per decliue ferantu.
140 905 560 933 Sic. quæ debaerat ferratis obibus eſſe
138 935 623 965 Peruia, velivolis fit nauibus hoſpita tellus.
7 931 35 952 I
137 963 640 993 Iuppiter o quanta humanæ ſollertia mentis,
137 992 621 1026 Debita quæ ſoluens Naturæ iura potentis,
137 1020 702 1053 Effcit, vt montem caua nauiget alnus anhelum
163 1050 657 1082 Artifici erfecta manu, & fulgentia gemmis
3 1056 31 1078 l
136 1079 630 1111 Prætereo ſpecula, & cvſtallina vaſaMorani,
134 1106 598 1145 Ialſa nec atgento ſculptis cecutia puros
746 1148 830 1182 Iua
