872 1312
259 72 563 95 VENET. LIB. II.
76 102 566 143 llicet magni vel Mentoris arte polita,
75 140 580 168 opreauc manu, vel cœlo trita Myr nis.
123 169 657 201 Quis te p aterea prudens, tacitumq; relinquæt
93 198 552 228 Cclio petuâ digniſſime v,uere fanâ,
93 228 551 257 Teq; iuis ſileat virtutibus inuid s, & tot
93 257 515 287 Egregia geſtis præclaro Mare dueilis
93 286 592 314 Pro patri Venetæ vindex clariſſime gentis
94 316 635 344 Vrbis Bergameæ clarum decus, inclita quoru
84 344 648 373 tiſi Parua prius magnis ſeſe rbibus æquat alumno
84 374 601 402 Attollensu; caput cœ pit ſplendeſcere tanto
91 402 597 431 Bell eri Ducis exortu, & præſtantibus auſis.
84 433 667 464 li Tu magni imperii columen, dum vita manebat,
90 462 593 488 Firmabas trepidas animoſo pectore mentes,
84 490 604 519 , Obiectans illuſtre caput plerumque periclis,
88 518 584 547 Et fera pugnaces acuens in prœlia turmas:
91 548 559 576 Tantis pro meritis æterni nominis ergo,
84 576 563 604 ut ære a Parribus ſtatuâ donaris equeſtri:
91 605 616 634 Quam tibivotiam Paulli magna area ſerar.
90 634 522 656 Pramia virtuti vix ſufficientia tantæ:
91 664 645 693 Non ingrata tamen patriæ monumenta parenti
91 693 585 720 Illam docta manus fulgenti inſigniit auro,
87 721 642 752 Et ſuper arti artem, decori decus addidit ingens
118 750 717 779 Quid ſonipes? mandit ſpumoſum dentibus auru,
86 780 616 810 Indomitumq; furit, generoſaq; colla reftectit.
82 809 595 836 Acrius aſſurgens animis, frenoq; reluctans,
83 836 652 864 Arduus admoiſo fremit, aut fremere ore videtur,
83 867 600 896 Intentansq, acres oculos, igniq; micantes,
82 897 640 926 Ardet inexpletum tumidus, curſumq: minatur.
81 926 610 957 Quem rapiat, ſi non preſſis cohibere habenis
80 955 591 984 Ipſe eques, & duris contunderct ora lupatis.
80 984 562 1014 Quid mirum, tanto ſi ſub rectore ſuperbit
79 1014 611 1041 Totus inauratis phaleris & fronte coruſcus?
65 1040 523 1073 Talem Pellæo iuueni, Lyſippe, dediſti-
77 1072 576 1102 Nimirum magno ſub principe curſinus acer
75 1100 576 1135 Sic oulos, ſic crre gradum, ſic oa ſolebas.
694 1139 737 1170 Si
