872 1312
280 62 624 89 GERM. AVD. AVR
124 104 614 133 Sic & Amycleo pernix ſub Caſtore fertur,
125 133 597 162 Cylaris inſultaſſe ſolo, gyrosque dediſſe,
126 164 571 193 Scilicet eximios ducens ex ære iugales,
124 192 722 222 Tales ſculpſit equos Calamis poſitoque benignus
123 222 602 250 Praxiteles ous inceptum ſeſſore peregit?
123 251 584 281 Vt nilector equis præcl râ cederet arte.
125 281 681 310 Cernimus intenlos netuos, venasque tumentes;
124 310 560 339 Perpetuo pulſu ſalientes corpore toto:
124 339 704 368 Cernimus inceſſum, flectus que, animosq, ſeroces
124 368 593 396 Sentimus mu veros in imagine ſenſus.
123 396 646 425 Diſſita ab vibe iacet non longo tramite tellus
126 426 723 455 Quam Littus dicuut hanc perſonat Hadria raucus
124 455 660 484 Ore fluentiſono, & crebis ſtridoribus implet,
124 482 606 506 Cum ferus incluios emiſit carcere ventos
122 513 598 542 olus: & laxis prorumpere iuſſit habenis
126 542 630 570 Quattuor aduerſo luctantes turbine fratres
122 571 652 600 Quæ ſit cincta licet pelago, tamen eius in imis
123 600 661 631 Emanat ſcatebris nitidus prædulcis aquæ fons,
123 629 621 656 Cui latices Nereus non intermiſcet amatos,
123 658 620 690 Caſtaque non patitur Nais ſibi Nerea iungi.
122 687 648 717 Sic, Arethuſa, tuum ſeruas ſine labe pudorem,
122 716 576 743 Eleæ occultos penetrans telluris hiatus,
121 745 602 773 Et uctus ſubter latitans dulciſſima ſalſos,
121 775 602 804 Dum fugis Alphei te depereuntis amores:
119 802 680 836 Poſt longo vt fama eſt tandem reuoluta meatu
119 832 517 863 Purior electro Sicnlis illaberis oris,
118 862 646 896 Parte Syracoſias quâ lurgere cernimus arces.
150 892 722 921 Venerat ille dies, quo Chriſtus ab æthere ſummo
118 919 621 953 Virginis intactæ caſtam demiſſus in aluum.
118 948 549 980 Vt morte inſonti fuſoq; cruore piaret
118 979 664 1010 Humanas maculas, labemque aboleret auitam
116 1008 559 1037 Mortalis vitæ, poſt non mortalia facta,
117 1036 678 1071 Deformi immeritâ, & crudeli cæde peremptus,
117 1066 618 1101 Morte triumphata, domito diuinitus Orco,
116 1095 672 1134 Mirando adſcenſu patrium repetiuit Olympum.
738 1130 795 1163 uo
