872 1312
290 84 637 120 MMAADD.AVR.
133 125 638 152 riſte notat facinus diro viduata Tyranno:
134 148 657 188 Quippe tibi, Fleri, caputa ceruice reciſum eſt.
129 178 666 211 Auſe ſacram infando affectare Tyrannida niſu.
134 205 706 244 Fruſtra namque oculis cernit Deus omnia iuſtis
133 242 594 273 Lrgo ſacrilego ſoluiſti ſanguine pœnas.
135 269 623 304 Picturæ, tituliq; Ducum ſpoliatus honore:
137 300 629 330 Ne ſanctos inter proceres ſpectata nepotes
137 329 629 355 Vlla tuos tacito monitu fœdaret imago,
138 353 679 389 Si tam immane nefas impune nepotibus tiſſet,
140 385 630 420 Sic pereat quicunq; viam tentarit eandem;
139 411 796 450 Siue quod optandum potius, procul hinc procul omnes
142 446 695 477 Tale quid auſuros exemplum hoc arceat vnum.
140 473 654 505 Viuida magnificum Heroum iuvat ora tueri,
141 500 726 535 Nec ſemel, atque iterum: quo plus ſpectaris, eo plus
143 532 636 565 Spectandi retinet cupidum te cura. peritam
143 560 646 590 Subduxiſſe manum dicas ea corpora Morti;
144 591 635 623 Singula tam veris ſpirant animata figuris-
145 620 617 651 Sic reparat viuo ephyritis prata colore,
146 650 640 682 Atque noui primas diſpenſat veris honores
145 679 618 707 Pœta bonis cœli, cœlo cm lapſus ab alto
145 710 577 738 Iupiter infuſus gremio telluris amatæ
147 736 682 767 Impleuit tumidis grauidam genitalibus aluum.
176 767 617 798 Regia Panchæis exhalat odoribus aula,
146 797 616 824 Et nitet aulæis hinc inde ornata ſuperbis,
147 825 675 857 Dædaleâ quæ picta manu Memphitide in orâ:
146 855 620 886 obile ridet ebur ſoliis, interlita fulgent
145 884 653 915 Argento,atq; auro laquearia, pocula menſis
147 914 699 944 Cryſtallo conſlata micant, & nectare inundant,
147 944 749 973 Quod fecunda mero tranſmittit Creta quotannis,
148 972 747 1002 Creta potens opibus, centumq; habitata per vrbes,
148 1003 676 1032 Et patria, & magni cunabula prima Tonantis.
148 1032 710 1062 Quam Superi Venetis ſtatuerunt addere ſceptris.
147 1062 681 1091 Iamq; dies medius, ſolio ſublimis in alto
148 1091 672 1120 Dux ſedet accumbens menſæ regaliter vnus:
147 1120 635 1160 Lgato ii um tanto dignatur honore.
786 1147 842 1179 A
