872 1312
297 70 647 98 GERMAVD. .
132 109 713 146 Quosq; cadens curtum dum gurgite tingit Ibero,
133 138 712 170 Concurſu agglomerant magno, cœtuq; frequenti
137 171 643 203 Inter ſe exercent commercia mutua rerum,
132 200 710 226 Non aliam ob cauſam mundi commune vocatur
135 227 669 258 Emporium, Venetaq; orbis ſpectatur in vrbe.
168 255 688 289 Eloquar, an potius ſileam Nauale ſuperbum?
137 287 601 319 Quale nec atatis viderunt ſæcula priſcæ.
138 315 657 347 Cur ſeptem celebratu olim miracula cedat.
140 345 657 369 Non vrbis Venetæ columen ſolius, at atcem.
139 374 661 404 Et magnæ Heſperiæ decus admirabile viſu,
138 401 682 436 Sed dictures digna, loquar: quantumq; licebit,
138 432 613 463 Viribus exiguis ingentia pondera tollam.
136 460 739 490 Nunc mihi maius opus, Muſæ, adſprirate mouenti,
136 491 691 520 Carmen ad extremam mecum dedueite metam,
137 520 591 552 Difficilesq; vias, caligantesq; receſſus.
130 550 571 579 Nulliusq; ſolo tritos oſtendite calles.
132 579 619 608 Hoc Nauale ſitu iacet appellentibus apto,
136 606 698 637 Apto etiam e portu tepetentibus æquora nautis,
135 638 608 666 Et cinctum pulcre turritis vndiq; muris.
136 666 645 696 Exundantis aquæ circumdatur æquore fuſo.
133 696 621 726 Atque ſinu terno fluctus maris excipit alti
130 724 650 755 Ore patens vno: geminâ quod turre ſuperbit
133 755 625 783 Perpete præſidio tutum, multaq; virum vi,
130 785 614 813 Nec non ſerrato clathratis obiice pottis:
135 814 631 842 Sublicio iungens duo propugnacula ponte,
131 842 666 871 Quæ ferit indignans refluis feruoribus æſtus.
166 870 736 900 Terna quoque in triplices diuiſa trichora teceſſus
126 902 553 931 Apparent alte regali condita ſumptu.
111 931 678 959 In greſſus videas hinc atque hinc, plurima tecta,
126 959 587 989 In quibus artifices varii, variiq; labores.
159 989 677 1016 Pars texunt funes, tranſennas, vela, rudentes,
125 1017 670 1049 Pars ſabricant tonſas, malos, carcheſia, apluftra
125 1048 591 1077 Roſtratas alii naues, longasq; triremes,
123 1077 698 1110 Qamuis porticibus multæ ſpectentur in amplis
119 1106 572 1139 oatæuhitosiaopiniNattis in vſus
703 1136 817 1173 Omni-
