872 1312
254 73 544 97 VENET. I. tt.
81 108 617 143 Materi atque modus miſcendi pulueris atri.
81 141 577 174 Han artem ne forte Erebi de vallibus imis
81 171 580 203 Emerſiſſe putes, memorabo, quæ ſit origo,
108 201 600 232 Ingenioſa cohors, inuenti gnara recentis,
81 229 626 258 Viuaci adiiciunt niueum cum ſulphure nitrum
81 258 626 290 Hisq; addunt Coryli carbones, ſiue ſalignos,
81 286 639 320 Quos reliquis miſtos, nec non fluuialibus vndis
83 320 572 349 Ante ſuperfuſos, piſtillo terque, quaterq
81 347 553 376 Iligno ne concipiant ex ictibus ignem
85 374 629 402 Contundunt, ſubitas flammis velocibus eſcas,
86 404 618 436 Contritoſq; diu ſuper acribus ignibus aſſant,
87 433 649 465 Quin potius nam tutius hoc, experſq; pericli
87 464 586 487 Exſiccant medii feruentem ſolis ad æſtum:
87 493 558 522 Præcipue torrens findit cum Sirius arua,
88 521 529 552 Herculeusve Leo ſitientes vrit ariſtas.
81 548 594 580 i Is varios puluis belli eſt inuentus in vſus,
90 578 636 608 Nam, ſternenda vrbis ſi quando mœnia, & altæ
81 605 694 639 Momento quatiendæ arces, quibus imperet hoſtia
92 638 654 664 Seu miſcere acies iuuat, & committere pugnams
91 667 543 696 Tum vero priſcis Aries inuentus, adacto
93 695 652 728 Quantumuis ſolidos labefactans verbere muros,
92 724 605 756 Ferreaq; immanes torquens baliſta molares,
93 754 584 784 Vel præpilatas iaculans captapulta ſagittas,
93 784 570 812 Vel formidandus letali ſcorpius ictu,
92 813 572 838 Falcative illi bellorum ad munia currus,
94 841 684 870 Pernicies hominum, & certiſſima peſtis equorus
96 872 639 896 Credita. cum Graios erxes inceſſeret armis:
96 901 660 932 Extnlit in vœlum quæ quondam longa vetuſtas
96 932 569 958 Deſpui hæc aras, & vt ates ridet inertes.
98 960 618 988 Frumentum veluti præſtantius eſſe probauit
98 990 554 1018 Vilitas ſi ious lutulentis glande relictâ
127 1019 590 1049 Ipſe laboratu multis longe ante diebus
100 1048 675 1079 Dum tribu, his conſtet, nitri quadrante, ſalign
100 1078 601 1106 Carbonis ſextante. & viui ſulphuris vnciâ,
100 1108 557 1146 Edit tartareus diſploſa tonitrua puluis:
692 1136 765 1172 Qus
