872 1312
279 70 638 93 GERM. AVD. AVR.
129 109 701 137 Quem cauus iniectum dimenſo pondere truncus
127 138 650 168 Æneus excepit leuis hæc nec cura pericli eſt.
124 166 661 191 Parcior, in fumum, & flammas vaneſcit inanes
124 196 636 221 Futilis & telum emittens imbelle ſine actu.
124 225 654 254 Amplior, horriſono rumpit tormenta fragore,
124 253 615 283 Artificesq; ſuâ vindex ferus opprimit arte,
125 284 600 310 Sollertes tractare docens ſollertius artes.
152 313 652 344 Hæc igitur, ne erres faciet te regula cautum.
125 343 684 373 Tormenti ad Sphæram proportio ſic tibi ſemper
115 371 680 402 Centuplex & glans & puluis pondere quadrent,
124 400 618 428 Qui prior impoſitus fundo ſubſidit in imo,
123 430 579 459 Atq; in ſe terretis piſtilli verbere crebro
123 459 691 490 Contrahitur cuſas, pila tum ſuper additur (olim
117 487 559 517 Saxea) de ſolido poſt experentia ferro
118 517 626 541 Extudit: è miſto conſlat nunc mollius ære.
120 544 605 578 Ipſa interna pilæ præcluditur obiice fornix
116 574 644 604 Balliſtæ: premiturq; nouo ſub pondere carbo.
119 604 657 635 Parte tubi extremâ (quod lumina fallere poſſit
116 632 649 665 Exiguum eſt rectumq; ſagaci ex arte foramen
117 663 636 693 Intima pertingens: huc puluis rurſus, at alter
117 690 563 720 Iſq; diu talem valde tenuatus in vſum,
116 719 687 753 Per foculum immiſſus, magno ſe corpore miſcet,
118 750 677 781 Qui tenuis penetrat grauidæ inter viſcera molis.
116 778 617 814 Sic ſæpe è tenui ſcintillâ incendia ſurgunt,
115 809 709 846 Quæ nemora in cineres ingentiaq; oppida vertunt.
146 837 734 874 Tum foculo admotus, quem pertica detulit, ignis,
110 866 567 904 Auguſtaq; viâ demiſſus in ilia trunci,
115 895 683 931 Sulphuris aggeſti cumulum citò corripit omnem.
112 925 656 960 Piotinus ecce cauo cum fulgere fulmen aheno
111 954 540 987 Emicat irati citius Iouis igne triſulco
110 982 642 1021 Erumpens, paſſimq; ſiti quæq; obuia frangit
109 1013 666 1053 Concita terribili magnum tonat æthra fragore,
107 1042 624 1080 Horrifico crepitu tellus tremefacta remugit
103 1070 631 1110 Sic vbi commoto grauiter ſuccenſus Olympo
103 1100 654 1142 Iupiter intonuit ſæuorum in bella Gigantum,
726 1143 804 1185 Qui
