872 1312
272 71 613 95 GERM. AVD. VR.
108 109 712 140 Nunc age tam rapidi cauſſam tibi fulminis, & vim
109 140 644 169 Expediam: penitusq; artis ſecreta recludam.
111 169 656 196 Non parit vt perhibent iſtos diſcordia motus
110 198 676 228 Diſidio calidi cum frigore; frigida quamquam
109 227 594 255 Vis nitrinitroq, repugner ſulphu is ardor.
109 256 613 285 Longe alia eſt rario, quæ tantas aggeret iras,
108 285 554 312 Ignitis ſolidos eructans faucibus orbes,
109 315 557 344 Fulminis æherei pernicibus ocius alis.
141 344 629 373 Qattuor a primâ naſcentis origine mundi
109 372 647 401 Corpora ſimplicibus conſtantia ſingula formis
109 402 554 429 Diuerſis conereta locis Natura creatrix
111 432 605 454 Semina cunctarum fecit communia rerum.
113 460 634 489 Quæ licet ex omni contraria parte repugnent,
111 489 621 517 Inq; vicem enix luctentur, vt ignis, & vnda,
112 518 627 549 Aërq; & tellus: mediis tamen vſq: cohærent.
111 547 652 579 Frigus aquam terræ ſociat, liquidiſſimus humor
112 577 579 605 Aëra iungit aquæ, calor aera copulat igni;
111 604 630 635 Ariditas autem terræ communis, & igni eſt.
113 633 562 664 Sic ſimul inter ſe diſcordi fœdere pacem
111 664 664 696 Perpetuam ſeruant, & in omnia corpora migrant
111 693 610 719 Frigida cum calidis; coëunt humentia ſiccis
112 721 632 752 Temperie iuſt, totum quæ continet orbem.
142 752 618 781 Quattuor ex ilis componi, & in illa reſolui
112 781 652 811 Cuncta cauo quæcmq; iacent ſub ſidere Lunæ
111 811 564 840 Narrauere Sophi: quin & mutarier ipſa,
108 838 543 865 Inq; vices alia ex aliis elementa creari.
111 868 722 898 Non vt tota quidem intereant, nam fundituas omnis
109 895 560 930 Vna corrueret diuuiſi machina mundi
109 925 565 959 Sed pars vnius partem mutatur in vnam
108 954 584 981 Alterius: certo ſic voluunt ordine cauſſæ.
107 984 646 1021 Ignis enim tenuis, ſummoq; admotus Olympo
107 1013 599 1045 Finitimum ſenſim desſatus in aëra tranſit:
106 1042 601 1072 Hinc in aquas itidem ſpiſſatus vertitur aër:
105 1071 618 1106 In vicinam humo gaudet craſſeſcere tetram.
105 1100 676 1135 Terra autem grauis, tq, n le compacta viciſſim
700 1140 783 1166 Solui-
