872 1312
215 65 551 88 VENET LIB. II
63 95 607 134 Soluitur; & tenues roſoluta liqueſcit in vndas;
63 134 587 163 Aëraq, in tepidum tenuatus vertitur humor;
63 163 539 193 Rurſus it in ſuperos aër tenuiſſimus ignes.
94 194 582 223 Nec vero æqualis remanet menſura priori.
64 223 616 252 Nam terræ pars vna in aquam mutata decuplo
63 249 668 282 Creſcit: n mpe decem dat aquæ, centum aëris, ignis
63 279 569 311 Mille: ſed & contra decuplo ſit ſpiſſior ignis
64 310 496 340 Aere mutatus centuplo denſior vnda,
64 339 552 369 Millecuplo tellus. Sic in ſe mutua migrant.
63 366 579 396 Partibus ergo decem tellure fit auctior vnda:
65 398 593 428 Humorem vincit centum quoq; partibus aër:
65 426 510 460 Millenis aër rutilo ſuperatur ab igne.
97 456 576 484 Atq; ideo Natura ſagax & prouida rerum,
67 485 626 515 Terram con ſtit it punctum: quam circuit vnda,
67 513 578 544 Vndam aer, vaſtum longe aëra vaſtior ignis.
66 544 637 570 Amplius at cunctis hæc continet omnia cœlum
68 573 539 601 Qualis in implicito capitati tubere bulbi,
66 601 635 631 Folliculus tunicas qui circum amplectitur omnes
66 631 713 662 Maximus eſt, minima vt pars quo magis intima quæque.
63 659 593 690 Vtq; librum cortex,lignum liber ambit & oui
68 689 579 718 Obtegit albumen teſta, albumenq; vitellum.
66 718 614 747 Sic igitur tellus in aquam liquefacta neceſſe eſt,
66 747 567 776 Rarior vt creſcat. creſcat quoq, rarior vnda,
68 776 535 799 Cum circumfuſo tenuatur in aëra fumo.
66 806 614 835 Id facile e multis liceat cognoſcere: namque,
68 835 558 865 Seu viride accenſo lignum ſuggeſſeris igni
66 863 534 896 Siue luperfuſo paleas humore madentes,
62 892 560 926 Siue coquat ſilices fornax calcaria longe
63 921 726 954 Materiem exſuperans, vapor æthera fertur in amplum
68 952 608 982 Sic ſuſpenſa foco, patitur dum lympha calorem
67 982 620 1015 Suppoſitæ lammæ fundo exundantis aheni,
67 1011 640 1043 Creſcit inexhauſtum, neq; ſe capit intus aquæ vis,
67 1041 618 1071 Alte inſurgentem quam feruidus exſpuit ardor.
69 1070 606 1097 Nam bona pars volat in tenues euanida fumos
67 1100 566 1133 Maiores multo, quam totum corpus aquai:
646 1135 734 1157 Humor
