872 1312
298 75 634 99 GERM. AVD. AV
138 80 182 104 G
138 112 718 143 Monſtrauit ſpeculum: prij quippe vrit aceruum
138 143 668 173 Pulueris: at rectis nunquam Sol ipſe ſagittis;
138 172 666 204 Quæ, niſi concurſu nequeunt incendere facto.
137 201 623 231 Pulueris igniflui artificum ſatis arguit vſus
138 232 598 261 Qui ſoliti rapido cumulos exponere Soli
138 260 621 288 Fulmineas eſcas; tut vt ſicceſſere poſſint.
138 290 618 316 Dum feruore Leo ſæuit, dum Sitius ardet,
138 320 685 350 Libra diem noctemq; pares dum didit in hora,
138 350 586 378 Ergo repercuſſus Triuiæ ſic acriter vit,
138 378 628 408 Bullire vt cogat Neptunum â ſedibus imis,
138 408 622 437 Atq;, ſequi varios curſus, variosq; recurſus,
138 438 656 466 Vel nullis etiam ponto incumbentibus auris.
170 466 676 496 Adde quod ardeſcens ignis natura, profundi
138 495 687 525 uocat humorem, minuitque, & tollit in altum.
137 524 695 547 Nam calida exſiccant ferme omnia. Delia contra
137 554 618 584 Humida quæq; ſuo dilatans lumine laxat.
138 583 750 613 Quod liquido in conchis, humano & corpore conſtat
137 612 706 640 Sicca replet madidis, cum plenaeſt, oſſa medullis:
135 642 667 673 Augetur cerebrum, turgeſcunt ſanguine venæ,
137 670 658 702 Et reliqui humores creſcunt creſcente Dianâ:
136 699 620 730 Si qua fides medicis doctrinâ vſuq: peritis.
168 728 686 761 Cum vero ad fuſcos ſua cornua vertit Iberos
135 756 700 791 Tunc ſiquidem a nobis abſcedit inania linqu
135 787 621 820 Omnia, natiuo fuerant quæ farta vigore:
133 815 623 846 Præcipue tunc cum priuata nitore ſeneſcit.
133 844 675 879 Sic Phœbi & Phœbe vi percitus æquoris æſtus,
130 873 698 907 Plusve minusve furit, momentaq; ſumit ab illis
163 904 679 935 At non hos recipit puluis motusve, morasve;
131 931 625 964 Turget in inſtanti millenis partibus auctus,
128 960 679 997 Terrea congeries celerem dum tranſit in ignem.
159 992 739 1026 Cur autem longe nequidquam exempla petantur?
128 1019 660 1054 es fcit ipſa ſidem: granum ſi pulueris vnum
127 1048 600 1088 Eii ut toilii cio adimoucris igni
126 1079 469 1118 ll nmmir ncisis t
514 1087 681 1120 abaris ardens.
124 1106 671 1147 N I i i C
717 1151 785 1172 Mate-
