872 1312
267 88 604 117 CERM.AVD.AVR
104 103 148 124 4
112 125 608 159 Arma ſed externos ciuilia vertite in hoſtes,
112 154 671 193 Vertite, ad Herculeas extendite regna columnas,
112 184 701 221 Extremosq; hominum Morinos, axemq; rigentem.
113 215 574 247 Hoc in amicitiam coeatis fœdere iuncti,
114 245 622 277 Nefratres iterum fraternâ cæde cruentent,
115 267 726 311 Commatulentq; manus, & inundent ſanguine foſſæ.
115 303 647 340 At nos quo patriæ pietas rapit? orſa ſequamur.
141 328 696 366 Nitrum ergo, & viuo miſtus cum ſuIphure carbo
117 362 617 394 Terrea materies, tuaq; vnica, puluis origo.
117 391 629 422 Tota, ſimul vix dum candenti attacta fauilla,
117 420 702 453 Vertitur in ſubitam prægrandi corpore flammam
113 450 643 486 Corpore ab exiguo. ſic iam quæ terra prius le
117 480 576 516 Anguſt o contenta loco denſata tenebat,
118 505 746 544 Nunc ignis, ſibi mille locum mage partibus amplum-
117 541 564 572 Dilatata rapit momento temporis vno.
118 569 683 603 Vndiq;, cincta cauo, quo circum includitur, ære:
120 598 616 631 Luctatur, cupiens erumpere, ſi qua viam vis
118 626 634 661 Inueniat. furiisq; obſtantia fcangere clauſtra.
1 637 40 661 i
118 657 652 691 Sed nequit ipſa ſuas in latum extendere vires:
117 686 622 717 Craſſiries immanis obeſt, & claudit ab imâ
118 716 634 747 Parte viam: ſupereſt ergo vnica, ferreus orbis
119 745 626 781 Ouâ trunco iniectus fauces obturat hiantes:
117 775 653 809 Hac quia debilior ſit obex, ſe effundit in auras,
117 805 637 837 Obiectamq; pilam, quam fornix ſola coërcet,
116 834 622 866 Ingenti, ſupraq; fidem procul agmine pellit
115 865 559 893 Aridus it cœlo ſonitus, totumq; reuelli
115 894 581 924 Attonitus credas emotis ſedibus Orbem.
147 923 685 955 Quid mirum, eum fœta animæ veſica tumentis
115 952 691 984 Det querulum diſploſa ſonum quo territat aures?
117 981 733 1013 Cum gemitum diſrupta grauem membranula mittit,
115 1012 738 1041 Nonne abſorpta fremunt reuomentes flamina folles?
115 1041 640 1072 Nonne liquet tumidas ſclopos elidere buccas,
115 1071 553 1101 Exploſo quoties erumpit ſpiritus ore?
115 1099 650 1130 Vt ſtrepitant tami vento impellente ſonantes,
117 1130 721 1161 Qui mirum quandoq; ignem luctamine gignunt.
750 1160 777 1181 Vt
