872 1312
281 79 576 102 VENET. LIB. II.
731 83 774 105 4
98 116 633 145 Vt gelidis candens lacubus cum tingitur enſis
100 146 538 176 Stridit, & ex alto veluti ſuſpi:ia ducit,
99 175 605 205 Vtq; fit in cœlo fremitus cum nubila Cauri
99 206 604 235 Perflant, & terras violento turbine verrunt:
99 234 628 264 Delphicaq; vt laurus Lycio gratiſſima Phœbo
99 264 657 293 Iacta ſuper prunas flammâ crepitante crematur:
100 293 697 323 Haud ſecus horribili cum murmure verbherat auras,
100 324 623 353 Vi magnâ erumpens trunci de faucibus ignis.
101 353 566 381 Hæc docuit Natura parens ſua iura tueri,
101 381 589 409 Vi propria confiſa, furens obſtantia contra
100 411 738 440 Indomitam quam nulla hominum vis improba vincat.
133 440 560 462 Haud aliâ irato ratione tonitrua cœlo
100 469 763 499 Conſternit animos hominu, & genus omne animantum,
2 497 636 527 Cum tremuli crebris tadiant fulgoribus ignes,
838 489 868 532 I
100 526 634 555 Perſtringuntq; oculos rutilanti nubila luce
98 556 591 586 Velle Iouem dicas cœlo detrudere cœlum.
128 586 626 616 Ne graue ſit, liceatq; tua mihi pace, Lucreti,
100 616 556 644 Naturæ tecum arcanos intrare rece ſis,
100 644 581 673 Indictasq; tibi, tonitrus inquirere cauſſas.
99 673 708 703 Tota tua eſt ſi qua hic mea gloria nam tibi pridem
99 703 623 732 Strata via eſt: fequimurq; tui veſtigia greſſus.
128 731 643 760 Cum primis in nube cauâ concluditur aſtus;
97 761 643 791 Siue quod ignea ſint ſua ſemina nubibus intus,
99 790 539 821 Seu Solis radiis nubibus interceptis,
98 820 562 850 Seu propero incluſæ conſlictu materiai,
98 848 574 877 Siue calore ignis ſuperi per regna meantis
96 878 629 907 Frigida: ſeu rapido ventorum in prœlia curſu,
97 907 627 938 Nam pariunt ignes per mutua vulnera venti
96 936 598 966 Vt ſubito, crebroq; ardeſcunt omnia motu
97 966 555 996 Siue etiam calido, ſiccoq; vapore, vapori
1 984 595 1026 m Vdo commiſto, fit atrox ſine fœdere pugna.
1 1014 592 1057 Nullaetenim ſudo crepuere tonitrua cœlo,
95 1055 612 1085 Sed prius obduci vento, nebulisq; neceſſe eſt,
95 1084 565 1114 Mox piceis quoties nigreſcit nubibus aër
95 1114 562 1146 Contractus, ccœcaq tegit caligine terras
