872 1312
258 85 601 112 GERM.AVD. AVR
106 123 549 153 Et violenta truces inter ſe prœlia venti
106 151 624 183 Exercent: denſata niſi eſt, compactaq; nubes
107 182 594 211 Finditur intorto ſine fnlmine, ſolaq; cæœlo
106 210 640 244 Fulgetra apparent tremulis nictantia flammis,
106 240 625 274 Perq; lenem nubem, ſonitu ſine, diſſilit ignis.
136 271 569 304 At, ſi craſſitie ſpiſs a ſit condita nubes,
107 300 596 332 Suſfitumq;, diu grauidâ compreſſerit aluo,
106 330 575 361 Attractum terrâ radiis Solaribus; intus
107 358 588 389 Accenſus, luctansq; refracto eliditur ignis
109 385 688 421 Carcere; ventorum rapido cum turbine victor,
107 416 685 449 Horrendoq; minax cum murmure fertur in auras,
108 445 649 477 Omnia percellens late loca, & omnia quaſſans,
110 474 634 507 Attonitum Stygiis terret Plutona ſub vmbtis.
144 503 604 536 Vtq; inter ſeſe quadrent cœleſtia noſtris
111 533 612 562 Fulmina fulminibus, telumq; volatile telo:
111 562 613 595 Eſt etiam ſolido concretum corpore telum,
111 591 678 622 Fulmineum dicunt Iapidem exhalatio ſicca
113 620 691 654 Quod ereat humore humorem, tandemq; rigentis
112 651 587 680 Materie miſtâ ſpeciem reddente metalli;
113 680 598 712 Saxoſi in faciem cunei conſtringitur, arida
116 710 589 738 Vt coit in maſſam diluta liquore farina.
115 738 583 763 Dein ſicco ardentis duratur ſolis ab æſtu,
115 768 632 797 Vt lutei in ſaxum lateres fornace coquuntur.
116 797 657 828 Hoc ita formatum, & correptum fulminis aur,
115 826 637 856 Quâ data porta ruit, ſpatiisq; excluſus iniquis
115 856 598 885 Funditur in terras vaſto comitante boatu.
117 883 720 915 Nec dubium hoc, oculisq; fidem manifeſta facit res
118 914 683 943 Cum tenitru ſiquidem lapis eſt perſæpe repertus,
119 945 616 973 Brontia, qui Graia deduxit origine nomen.
149 970 742 1006 Quis non miretur, tonitrusque, & fulgur eodem
119 1002 695 1031 Tempore cum fiant; oculis tamen ante videri
118 1031 708 1060 Fulgura. quam tonitrus vaga murmura ſentiat auris
119 1061 578 1088 An ne ideo, quod ſit viſus pernicior ipſo
120 1090 603 1119 Auditu, nec tam ſubito pertingat ad aures
116 1119 637 1154 oaruta licet, quam cernat fulguta viſus?
707 1150 784 1182 Oppo-
