872 1312
271 69 587 92 VENET. II.
94 108 622 138 Oppotas oculi nam dum iaculantur in auras
95 138 612 167 E:ſſos radios, ſimul & fulgetra profundunt
96 167 599 197 Semina clara ignis viſu occurrentia noſtro.
94 197 706 227 At ſonus huorribilis qnuamquam deſcendit in aurem
94 227 667 257 Tardior, aut quoniam denſum perfringut oportet
96 258 607 286 Aera; tum patulæ quia nil xtrinſecus aures
96 285 557 314 Ex leſe emittunt; ſed lent ſe fragor illis
87 317 648 346 Inuoluit, ſpatiumq; requirit temporis æquum,
98 346 623 376 Innueris ſe multipiicans, ſinuanſq; figuris.
99 375 676 405 Non alier quam cum lapis eſt demiſſus in amnem
97 405 562 431 A centro ductos vndarum circinat orbes
98 434 643 465 Nunc hos nunc illos, ſpecie remanerte coronæ,
99 465 547 492 Circuitu crebro lon lateq; vægantes.
98 493 651 520 Dummodo ceſcenteis non vlla offenſio turbet,
99 523 578 552 Impediatq; nouos occu ſurgere yros:
100 553 576 584 Serius attentas ita vox dofertur ad ares.
97 581 623 611 Deprendas facile ex temis, ſi quanlo ſi perba
98 610 693 638 Dux Venetum vehitur Centauro; quos prus vnd
98 641 634 670 Sublatos videas, planctus quam perſonet aures
98 670 690 701 Spectantum: quamuis ſon.tus ſimul & ſimulictus.
97 701 547 728 Indicat hoc etiam ſiluâ lignator in altâ
97 729 655 759 Ancipiti duram ferro qui vulnerat vlmum,
98 759 647 789 Quercumue annoſam radice abſcindit ab imâ:
94 789 611 819 Ante vident ictus oculi, quam plaga bipenni
96 818 626 846 Inſlicta eſfuſos gemitus tranſmittat in aurem.
156 848 663 871 Cur autem in terras detruditur aere ab alto
87 878 531 908 Fulminis ætherei tanto violentia caſu,
97 907 635 936 Cum ſemper ſurſum vis ignea tendat, &nſtar
96 938 605 966 Pyramidis, cono verſum aſtra feratur acuto?
87 965 677 997 Cauſſa nec obſcura eſt, nec pluribus indiga verbis.
97 996 641 1026 Nubis maſſa canæ plerumque in parte ſupremâ
87 1026 574 1057 Spiſſior eſt multo, multoq; coactior ima:
96 1056 650 1084 Dura ideo nequeunt perrum pi clauſtra, negante
93 1086 547 1114 Aeris algenti mediâ regione: ſed intus
94 1115 545 1147 Luctatur, donec de finibus exeat arctis,
689 1143 769 1181 Atqu
