872 1312
278 80 632 103 GERM.AVR
111 118 576 150 Atq; imas partes effringere cogitur æſtus
114 148 621 176 Condenſas minus, & tactâ reperire viam vi
113 179 650 209 Cum nequeat Natura pati duo corpora eodem
113 209 618 237 Eſſe loco ſimul atq; illic magis aucta teneri.
116 238 608 266 Tunc igitur nubis partem ferit inferiorem,
115 266 686 296 Ouam tandem rutilo patefactam verbere rumpit,
174 296 650 320 Haud aliter calida nux eſt vbi tecta fauillâ
117 326 582 354 Caſtanea, llæſo fuerit ſi cortice, quando
109 355 595 384 Internum externo d fundi ſenſit ab igne
117 385 647 414 Humorem. crepitans calices laculatur in auras.
117 414 667 443 Hæc vera eſt ratio, quamuis ſecus autumet ætas
118 444 620 473 Illa antiqus, tulit quæ te facunde Lucreti,
118 473 636 501 Ptimus inacceſſas rerum qui pandere cauſſas
120 501 593 525 Carmine tentaſti, ſcrutatus viſcera matris
120 531 648 561 Naturæ: tibi quæ primum dat ferre coronam,
119 561 664 589 Atq; tibi, o Capii, poſt ſæcula multa ſeeundam.
119 590 580 618 Ac, velut illa tuo fulget decorata labore,
119 619 618 648 Sic quoque tu merito fulges ornatus ab illâ.
178 649 661 679 Vos tellus, vos vnda, aer, vos ignis honore
108 678 605 707 Perpetuo extollent, cœlo qui digna locuti.
176 707 713 736 Felices nimium, quibus hæc, incognita multis,
119 735 668 765 Noſſe datum, ſuperaſq; animo contingere ſedes,
120 767 679 795 Quamquam corporea nondum compage ſolutis
160 795 784 830 Quo me tranſuerſum Sophiæ rapit improbus ardot,.
108 821 578 854 Etmea Pierio præcordia concitat œſtro?
119 853 662 884 Cetera quæ ſuperant verſu quid proſequar vltra
118 882 627 912 Naualis Veneti meritarum præmia laudum?
178 912 679 942 Vix oculi credunt viſis: tot per loca ducor,
117 941 582 973 Vt medeficiant veſtigia languida greſſu.
118 970 635 1000 Luminaq; intuitu vario expugnata fatiſcant.
118 998 637 1031 Defeſſi quamuis oculique, animuſq; tuendo;
117 1030 689 1061 Attamen expleri nequeunt, dum ſingula luſtrant,
118 1058 651 1091 Omnia qui referet, Libycas numerabit arenas,
116 1088 589 1118 Ac maris Hadriaci ferientes litora fluctus
116 1115 585 1150 lderaq; immenſo cuſim palantia cœlo.
711 1155 791 1183 Iamqs
