872 1312
286 79 654 104 ERM. AVD. AVR.
137 118 674 149 Cui nec ſola trium Linguarum cognita virtus.
137 149 603 178 Nec diuinarum percepta ſcientia rerum,
137 176 673 207 Nec propriam peperit uris prudentia laudem,
135 204 715 238 Docta diu quam te mirata Tholoſa docentem eſt:
136 235 669 264 Sed Pairis oſſicio conſctipti & Præſidis auctus,
136 266 596 297 Inqs gtaues alias iraducto pectore curas
137 294 679 325 Inteitate nouâ priſcis quoque moribus vſus,
136 325 571 354 Pariſium mirâ ſparſiſti luce Scnatum:
137 355 664 385 Qua nunc illuſtras Venetam ſpectbilis oram.
197 381 787 413 Hanc quoque des noſtris, diſcuſs â nube, tenebris,S
138 414 671 444 Atque tuo inſpires aſlatam Numine mentem,
137 444 611 472 Entheaq; Aonio ſuccendas corda calore.
138 473 613 500 Ancipites tot per calles, per opaca viarum,
139 500 637 529 Per vada, per ſcopulos vndiſq; latentia ſaxa,
136 530 699 559 Quæ tu mente tenes memori ſpectata tot annos:
138 561 624 589 Præuin pallantem tua per veſtigia flectas,
139 589 664 617 Sis mihi Dux, mihi lux densâ in caligine, clara.
137 618 670 647 Nam neque ſufficiant Oeagria plectra ſonanti,
137 646 654 676 Nec conceſſa chelis Dircæi Amphionis aurea,
137 679 657 708 Nec cum Mæoniis vocalia carmina neruis;
139 707 660 736 Ni mihi tu prope iam ſub iniquo faſce labanti
137 734 581 764 Sufficias vires, & amico lumine præſis.
137 764 719 803 Huc ades ergo bonus tam cæc per æquora nanti;
136 794 652 824 Intactivada pande maris: formidine ſegnem
135 824 802 854 Solue animum; reducemq; ad portum dirige cymbam.
197 853 741 883 Tu tamen, hæc quicumque legis, ſi forte lepores
134 881 739 914 Hic, Venereſq; petis, monitus mili li nine ab ipſo.
136 912 671 940 Quære alium vatem, teneras ne lancinet aures
134 940 623 968 Iſte, animoq; rudis moueat faſtidia molſi,
132 968 624 1000 Si mecum rigidas cautes, & teſqua pererres.
195 999 653 1029 Ornatum res ipſa fugit, vix apta referri:
133 1027 726 1061 Vixque locus votis, rem tantam vt digna ſequantu
131 1056 685 1085 Verba: ſed optandam præcedunt ardua laudem.
131 1085 624 1118 Vtilitasq; ſuo comes eſt plerumque labori.
131 1114 643 1150 Et, ſi pingue ſolum laſſat, iuuat vbere glebæ.
771 1152 801 1177 Si
