872 1312
826 51 870 99 I
244 72 572 94 vENET. LIB.III.
713 75 744 95 I
840 99 868 115 I
30 103 565 139 Sic, ingrata meæ potis es ſi ferre Camœnæ
66 139 610 169 Tædia, & hamatos curſim tranſmittere ſentes,
45 170 564 199 Defeſſo forſan contingant florida tempe.
5 200 535 229 Agreſtiſq; ſerat ſuaues labiuſca racemos.
126 227 742 258 In Venetam, quæcunque fuit Reſpublica quondam
66 258 613 287 Collecta eſt: priſcis præſtantior omnibus vna,
68 289 653 318 Qanto precellit cunctis v: ſtum amnibus æquot,
67 318 540 348 Sol facibus reliquis. oliq, Dleſpiter ipſe.
127 348 616 375 Regia non defit vis, & ſuprema potcſtas,
1 370 581 405 i Sed ratione tamen frænata, & legis habenis.
70 406 594 437 Quam Deus ipſe tefert Regali cultus honore,
70 437 593 465 Qui viuo comes, ipſo etiam nec funere deſit.
70 466 589 495 Omnis namq; auro cuſa, argentoq, moneta
70 494 644 522 Nos monet, exſtincti ſculpta cum nomine forma,
130 524 618 554 Aurata inſignis trabea eſt Phrygiaq; tiara,
70 554 587 582 Quam pro conſpicuo geſtat diademate: Soli
71 583 642 612 Adſurgunt omnes; aſt illum adſurgere cuiquam,
72 612 616 642 Nec Regale decus patitur, nec ſumma poteſtas.
69 642 663 671 Namque illum quocunque adeunt ex ordine ciues,
71 672 593 701 Adſtantes, nudiq; caput gtauirate verendum
71 701 663 730 Compellant: multoq; Ducem venerantur honore:
72 730 522 758 Huic vni priuata licet ſint munia nulla.
134 760 714 788 Nam, veluti humano peragunt in corpore munus
62 783 643 817 Singula membra ſuum, nec acutæ fungitur auris
1 818 544 856 Officio cernens oculus, nareſq; ſaporem
1 847 641 917 aaa
25 907 583 936 Olfaciunt nares, guſtatq; admota palatum:
36 937 654 966 Vna manus, proprium quæ nil habet, inſtrumenti
74 964 554 995 Cuiuſuis explet partes, Phyſiciſq; vocatur
73 995 698 1027 Primum inſtrumentum, reliquorum regula princeps
73 1025 632 1056 Sicum nulla Ducis ſit functio propria, tamquam
2 1043 613 1083 - Primum inſtrumentum toto ſe corpore miſcet
73 1083 537 1113 Nullius officii, nullius muneris expers.
75 1113 538 1150 Sola illi ſed cura ei communis, vt alta
677 1145 746 1178 Tam
