872 1312
287 80 654 103 GERM. AVDAVR
140 118 664 147 Tamquam de ſpeculâ ſolio ſublimis eburno
139 147 679 175 Proſpectans oculis vigilantibus omnia luſtret,
139 177 692 207 Caſtigetq; moras ceſſantum; & crimina plecti
140 208 627 236 Imperet, arbitrio rigidi mandata Senatus.
140 236 728 266 Namq; vetant leges ſolum decernere quidquam.,
200 266 679 294 Sex illi totidem diſtinctæ e partibus vrbis
141 294 662 324 Sunt Aſſefſores, nullo non tempore vtrumq;
141 325 680 354 Claudentes latus: & parili cum Principe curâ
140 355 648 378 Publica tractantes: nec fas, abſentibus illis,
139 382 693 412 Communes legiſſe Ducem, aut dictaſſe tabellas,
140 412 660 442 Aut inconſultis quidquam inceptaſſe negoti
197 443 692 472 At decreta Patrum, leges. conſulta Senatus,
141 472 646 500 Nomine ſolius ſtatuuntur Principis omnia.
138 500 646 530 Et quid plura? Duci Maieſtas Regia prorſus,
137 530 654 559 Atq; æqualis honor. Regi non æqua poteſtas.
200 559 751 588 Namq; tenet primas ſummi ſacer ordo Senatus,
139 587 602 618 Ipſis, imperio par Regibs, ardua cuncta
140 616 644 646 Conſilio auguſto diſpenſans, prœlia, pacem,
139 647 659 677 Fœdera ecernit: cœtu hoc ſtatuente, tributa
139 675 648 707 Indicta exſoluunt populi, collectaq; rurſum
139 706 662 736 Huius communes iuſſu impenduntur in vſus.
140 734 627 764 Quin, ita ſi viſum eſt, noua vectigalia pendi
137 764 633 792 Imperat: & quoties externas cenſet in oras
136 792 746 825 Mittendum ad magnos celebrem Reſpublica Reges
137 824 596 851 uegatum, eximiis e ciuibus eligit vnum
138 850 655 881 Conſpicuum pulchro patriæ pietatis honore,
138 880 644 912 Cui Ducis arcanos ſenſus, mandataq; tradat.
195 911 695 944 Qualem te Hadriaci toties ſanxere Quirites,
137 940 563 967 Laurenti & notum delegauere ſPriule,
136 967 642 1001 Qui meritis ingens, & ſanguine vtriq; Priulo
135 997 704 1032 Principibus iunctus Venetis quos ordine nuper
136 1028 599 1053 Continuo, voluit ſolio ſuccedere fratres
133 1056 660 1089 Publica res rarum noſtræ decus addite genti,
134 1085 661 1113 Nullâlaude minor: conſeſſu electus ab omni
132 1114 632 1154 Veniſti Orator Francorum Regisin aulam
706 1147 806 1186 Henrici,
