872 1312
238 81 581 104 VENET. sI. II.
59 106 548 148 In magno poſſunt ſuſfagia ferre Senatu.
75 148 613 177 Magna patet mille & quingentis ciuibus Aula
74 176 578 207 Patriciis, quibus eſt ſortis permiſſ. facultas.
76 207 564 235 Qui, quotis ſactata Deo ſeprena refulget
74 237 572 265 Aurora. atque liis etiam cum poſtulat vſus
74 265 661 296 Lucibus, æqua tenet dum Phœbus culmina cœi,
60 294 642 323 Conueainnt alacres, vi publica commodaurent,
133 325 627 357 I.dibus auguſtis a Principe cogitur ingens
73 354 582 382 Conſilium, teſonis Campani pulſibus æris.
71 384 590 415 Acciti properant Pares cœtuſque ſedente,
60 413 537 442 u Ac foribus clauiis, t xtemplo claue relata
70 443 590 472 Principis ante pedes: nulli poſt aula pateſcit
60 471 570 501 Patricio, Ducis adſeſſor niſi venerit, aut cui
72 501 556 531 Credita ſonctarum fuerit cuſtodia legum,
69 530 655 561 Vel Præſes bis quinque vi um, vel denique Cenſo,
124 560 614 589 Longa ſub ingenti ſunt dena ſedilia tecto,
68 591 515 617 Vt Rotmana pntes Latio comitia more.
67 618 571 649 Hic micat in ſoho Princeps venerabilis alto,
67 648 615 677 Quem moo ſublimem Regalis purpura veſtit,
67 678 593 708 Cum libuit, rutilo fulget ſpectandus in auro.
64 706 647 739 Hinc Aſſeſlores atque hinc, Procereſque, Patreſqus
60 735 531 764 rimores: atque a ſecietis maximus ille,
60 765 605 795 Cui reiqui cedunt Scribæ decretaque Patrum
59 793 547 823 Ecipiunt celeres fidis commiſſa tabellis.
64 825 680 858 Cenſocreſque dio: tum quos Vetereſque, Nouoſqu
61 854 541 877 Plebs Auditores communi nomine dicit.
60 878 573 914 Atque Ducum nati, fratreſque ſedilibus altis
62 915 618 943 Extant & qicuque gradus præcellit honore,
61 943 611 972 Doctores, bquit. ſque Sacri decora alta Senatus.
60 972 544 1004 At ſine de ectu rcliqui ſubſelli compe nt.
58 1003 570 1033 Vnâ pmſti parite:r neneſque, ſent ſqve,
59 1033 532 1062 HvVit graii ta ils reue. et iaoo.
58 1062 546 1091 Ne ſq m. iittue loquaci
58 1092 595 1124 Aet hi. o
53 1124 487 1152 lll
625 1155 729 1180 Antto
