872 1312
265 73 603 97 ERM. AVD.AVR.
50 105 663 139 Opprobrium Cartlhago tui fuit vrbe ſepultum
111 139 575 168 Exſtinctâ ſtragemq; ſuam Saturnia texit
114 167 646 197 Sola viden eteris ſupereſſ cadauera Romæ?
116 195 678 228 Heu Roma, hen quantum Româ mutaris ab illâ,
115 226 637 256 Quæ fuit immenſi dominatrix inclita mundi,
49 248 616 285 Qu æq; ſuis totum ſubmiſit legibus orbem
117 282 778 314 Nunc quam te adſpicimus? quæ rapta trophæa videmusI
115 313 711 343 Aut quas exſuuias? quos victo ex hoſte triumphos?
146 343 672 370 Oſublime Deſm munus Concordia qu nos
122 372 601 402 Diis æquas ſuperis, & lumine pellis amico,
121 401 585 425 Nubila rixarum res offuſcantia lætas:
121 430 687 462 Qu minimæ per te augeſcunt,auctæq, fouentur,
118 460 648 488 Conſenu adſiduo: hm ſeries æterna regendi,
117 488 633 516 Hinc ſpatiis ſuperans priſcorum ſæcula longis
3 505 624 551 Maieſtas Vencti impcrii, & ſuprema poteſtas
71 547 639 580 Solis vtram; domum tranquillâ pace beabit.
148 575 587 602 Otibi ſi noſtras libeat, cariſſima Virgo,
15 588 675 632 Rurſum habitare domos, & Galla reuiſere regna,
1 621 38 648 q
118 633 619 664 Poſt longa exſilia, & viduatas ciuibus vrbes
119 662 710 692 Iam ſatis exhauſtum eſt pœnarum fanguine noſtro,
122 693 633 721 Nunc tandem poſitis pax aurea floreat armis,
120 720 700 751 Si viſum eſt ſuperis. Sed quod nunc inſtat, agamus
148 750 606 780 His ita digeſtis, priſcorum more retento.
119 779 597 809 Ciuibus attentis, preſſoq; fauoncibus ore,
121 810 597 838 Maximus ex alto ſuggeſtu nunciat omnes
121 837 580 869 Scriba magiſtratus, illâ qui luce creandi,
1 866 33 888 u
122 866 626 895 Hic in maiorum proceres de ſortibus olim
1 882 27 896 u
120 895 549 926 Præſcriptas iurant leges, ritusq; ſecuti
121 925 766 958 Cunctorum obſeruant cultumque, habitumq;, locumq
121 954 640 984 Extremis, mediisque, ſedentes partibus Aulæ.
154 984 698 1016 Iam trepidat gelidâ pauidum formidine pectus,
119 1013 638 1045 Et, niobſtet pudor, acta retro veſtigia ferrem,
120 1043 654 1072 Dum Venetæ reputo ſi uoſa voiumina ſortis:
122 1071 754 1106 Nec ſum animi dubius, verſu hæc euoluere, magnum
123 1100 620 1136 Qum ſit, & ignotos Latio deſcrbere ritas,
738 1123 870 1159 e
