872 1312
262 82 603 106 GERM. AVD.AVR
117 87 157 112 Ia
154 120 644 150 Mox ſolo ætatis diſctiine quiq, ſedentes,
43 137 667 211 Solicui expendunt, ui quiſq; ſit aptus honori.
129 150 601 181 Præcipui ne vana lcci contentio ſurgat
1 164 39 197 r
1 197 39 217 Ii
127 210 602 238 His ita diſpoſitis, noni iaciuntur in vrnam
130 238 620 267 Inſcripto numero globuli: maturior annis
129 266 588 295 Educit ſortem, numerus ſpectaturin illâ
132 297 630 327 Impoſitus: ſpectatur item prollxa creandos
133 327 708 355 Charta, magiſtratus quæ continet ordine eodem.
162 356 770 385 Tum ſenior quem vult, pronunciat: atq; ita deinceps
133 385 653 414 Procedunt reliqui primi ordinis, atq; ſecundi,
137 415 605 443 Tertia ſic etiam decernit, quartaq; claſſis.
165 444 600 466 Dein Patriciis ad ſortes itur, & vrnas.
137 473 637 501 Deq; nonem, quibus id tribuit ſortitio iuris,
136 501 739 528 Sint niſi ſex minimum vnanimes, electio nulla eſt
138 531 704 556 Omnia Scriba notat lectorum nomina, nec non
134 560 650 590 Deſignatorum ſcripto quemq; ordine. namq;
137 590 636 617 Elector quiſque, eſt electi ſponſor, & omnis,
137 619 608 648 Si quod erit, ſartor damni, auerſiq; peculi.
166 647 653 675 Intcrea exſurgens ſcribarum maximus altâ
137 678 683 707 Nomina voce refert lectorum. protinus omnes,
137 707 553 730 His, electores actis A ſorte recedunt.
136 735 671 765 In conclaue abeunt. abeunt & ſanguine iuncti,
129 764 661 795 Atq ibi cor ſiſtunt, dum quæ ſufragia parte
3 786 42 811 I
134 794 653 822 Ecedant media, & patrum ſententia conſtet.
165 824 698 855 En tibi tot iuuenes quot ſunt ſubſellia, ſurgunt
138 851 642 885 Qu ſq; duas profertc ſtas tanta aste cqactas,
139 881 638 911 Compctasq: ſimul bras vt d xeris vnam
132 910 627 938 Altera ſi viidis non eſſet, & altera candens.
163 939 706 974 Vnuſquiſq; Patrum lortem præmonſtrat apert
135 971 694 997 Quam mo vtram vult tacite demitiit in vrnam:
131 1000 695 1028 Si neget, in viridem; ſed, ſi corfirmet, in albam
133 1028 691 1059 Nec facile agnoſcas, in quem defloxerit alueum,
130 1058 658 1091 Qun tumuis ſpe ctes oculis cernentibus acre:
133 1089 869 1124 sanum Inceus vel quantum Epidaurius anguis.
122 1117 626 1150 tar geminas force, & cre
718 1153 832 1185 Adſpi-
1 1181 31 1199 M
