872 1312
6 33 177 62 r
274 88 618 116 GERM. AVD. VR.
111 98 149 119 qs
114 127 680 161 Ecquid agam? quid me tam vaſt in gurgite fiet?
114 158 653 189 Dij maris erroni date dextram, auertite caſum,
115 188 628 220 Vt liceat Venetas ope veſtrâ euoluere ſortes,
115 217 645 248 Cœptaq; ad optatum comitia ducere finem-
145 247 635 279 Patricios quoniam ſortitio reſpicit omnes
117 277 571 306 Aſorte incipitur, cuiuis ſit vt obuia ciui.
117 303 643 335 Poſt prudens dubiæ commiſſa elecio ſorti eſt,
118 335 605 364 Imprudens ne cœca ferat ſuffragia vulgus.
120 361 661 392 Omnia fortunæ placitis committere durum eſt.
151 389 712 423 Quicunq; attigerint ter denos, nec minus, ann
120 421 644 445 Conueniunt: aliis non hæc conceſſa facultas.
121 452 601 480 Curia vix horæ momento cogitur omnis:
122 480 620 509 Clauduntur portæ: conſidunt ordine ſellis
122 509 581 540 Conciliia Scriba recitatur cauſſa coacti:
121 540 584 567 Amiſſo rectore alinm Reſuublica poſcit,
122 569 614 598 Armis, iuſtitiâ, virtutum ſtemmate, clarum.
121 598 616 627 Quilibet ergo Ducem lectis e ciuibus vnum
104 627 660 656 Nominet, imperio orbatas qui flectat habenat.
122 657 676 680 Omnes continuo admiſſi numerantur ad vnum.
118 687 693 714 Ac totidem globuli vacuam conduntur in vrnam,
122 716 690 744 Quot numero Patres; in qua eſt argenteus omus
123 744 640 773 Calculus; exceptis triginta ardentibus auro,
1 773 41 788 i
122 774 637 803 Addita legitimos quos ſigna arcana tuentur.
152 803 646 833 Ante Aſſeſſores ſedet vrna: puellulus vrnæ
122 832 647 860 Ductus eo prius educendis ſortibus adſtat.
121 861 622 884 Hic etenim nulli fas eſt immittere dextram
120 891 705 920 Patricio, vt reliquis in cœtibus; hic quoq, primus
121 919 611 949 Bis quinq; educta ſubſellia ſorte vocantur.
121 949 727 981 Tum, quo quiſq; ſedet, proceditur ordine ad vrna
122 977 619 1007 Et quibus ciſta ſphæras puer extulit albas,
121 1007 633 1038 Pruſtrati voto ſubſellia nora telinquunt:
122 1036 595 1067 At, quibus optato ſors aurea fulſerit, exin
122 1065 574 1097 Maloris Scribæ electores voce citantur.
122 1092 675 1126 Sgdibus afines ſurgunt, & ſanguine iuncti,
120 1123 652 1163 gss oous adeuns bbeusii ſeorſum,
760 1160 791 1184 e
