872 1312
239 79 561 101 vENET. LIB. III.
714 72 754 103 s
87 118 626 146 Et totidem globuli niueo candore nitentes,
832 134 867 186 I
88 147 624 177 Quot conſanguinei grauidâ tolluntur ab aluo.
120 177 602 206 Hæc vbi prima ſuum cœpit ſortitio finem,
91 205 657 236 Tum magnæ vicinum Aulæ in conclaue receduns
91 236 531 265 Ttiginta lecti ſortis rumore ſecundo.
92 265 632 295 Hinc vacuam remeant Aulam, coramq; Senatu
88 294 649 325 Primorum tantum nam miſſa eſt cetera turba
90 325 579 353 Ter deno e numero repetita ſorte noueni,
40 354 590 383 Dimiſſis aliis remanent: qui proximiorem
40 380 580 413 Ingrei cellam, nullo comitante miniſtro,
92 411 584 440 Nec cuiquam permiſſa illis eſt copia fandi.
32 442 606 470 Quadraginta optant diuerſis ſtirribus ortos,
94 471 629 500 Quorum quemq; deeet duo ter ſuffragia feree,
95 500 539 528 Qui collega voler ſelectos inter haberi.
94 529 610 558 Chartula profeitur rurſum venientibus iis:
95 558 614 587 Degnatorum quæ ſingula nomina Patrum
97 588 589 617 Continet: ex ipſis duodeni ſorte leguntur.
97 617 571 648 Qi ratione pari vigintiquinq; cooptant,
831 634 862 676 I
98 646 575 676 Octo quiſq; tulit concordia ſi modo vota.
95 676 557 698 Ex illis tres ter fortunâ iudice vincunt
96 705 548 728 Molliter arridens rutilo ſi fauerit ore-
96 734 651 764 A quibus, exemplo non diſpare, quinq; creantui
97 764 629 792 Atq; quater deni: ſors e quibus aurea tantum
98 793 577 822 Seligit vndenos, qui de primoribus vrbis.
98 822 606 850 Quadraginta vnum dictant probitate, fideq;
96 851 568 881 Præſtantec, ſed non vnâ de ſtirpe creatos;
99 881 618 909 Namq; legi plures de gente vetantur eadem,
1 904 648 940 Principis optandi quibus eſt commiſſa poteſtas.
100 941 637 969 Quattuor vt variis quæ conſtant ex elementis,
1 962 597 997 2Temperie iuſtâ niſi ſint compacta viciſſim,
98 998 660 1028 Corpora lapſa cadunt: ſic & Reſpublica. quando
98 1028 618 1056 Pars aliam ſuperat, tandem conuulſa labaſcit,
129 1057 600 1086 Continuo, ſacris ſolito de more peractis,
102 1086 607 1116 Et prece ſollicitâ implorato Numineiurant
101 1115 513 1149 antes lacris altatibus clectores,
726 1147 771 1179 i
