872 1312
272 85 610 113 c s . A.R.
123 123 650 161 Qui pietate alios ſuperer, meritiq; virum ſe
127 155 603 189 Sancte electuros: ſemotis omnibus illinc
127 185 588 217 Sacrificis, vacua ſoli includuntur in aulâ,
125 212 663 245 Omnibus expulſs, nullo remanente miniſtro.
159 241 699 276 Mox tres, qui reliquos ſuperant ætate, Quirites,
125 273 654 306 Tamquam præfecti, reſident ad tale paratam
126 300 731 334 Sortis opus menſam, vacuum quæ ſuſtinet alueum
128 332 676 364 In quem coniiciunt lectorum quiſq; notatum
126 359 672 389 In ſcedulâ nomen Veneti, agnomenq, Quiritis,
128 385 728 423 Quem dignum ante alios tam celſo culmine cenſent
128 419 669 446 Iniectis ſcedulis tantum vna educitur alueo,
127 447 688 481 Inciderit prima in dextram quæcumq; trahentis,
130 477 575 510 Quâ lectâ, viſoq; inſcripti nomine ciuis
127 502 658 538 Sifuerit præſeus, namq; id ſæpe accidit aulâ
127 533 661 566 Protinus egreditur. tum demum, ſi quis honori
127 563 632 596 Non aptum tanto reputet; conſurgit, aperitè
128 593 590 621 Obiicit, affatus ſocios prius ore nodeſto,
126 622 609 655 Quæe patriæ non viſa ſibi conducererebus,
125 652 621 683 Deinde aliquâ ſi forte notâ, vitiove laboret,
126 681 615 710 In medium profert, odio non percitus vllo
155 709 688 742 Poſtquam accuſator ſinem dcdit ore loquendi,
124 741 576 771 Accitur reus; electorum maximus æuo.
124 766 701 797 Tum verbis iiſdem, ſuppreſſo auctore, recenſet
125 794 705 829 Mutua nam primum, atq; æterna ſilentia iurant
126 826 688 856 Crimina in abſentem,quæcunq; obiecta fuerunt.
152 856 622 879 Ille autem contra moderatis omnia dictis
122 886 627 916 Crimina vana docet, certis incerta refellens,
121 915 631 944 Eleuat inuidiam, penitusq; adducta refutat;
120 946 516 974 Donec patticiis ſat ſatis. ilicet itur
121 972 665 1004 Ad globulos: quod ſi viinti quinq; tuliſſe
122 1003 655 1032 Contigerit quemquam ſuffragia. plura nec vlli
119 1033 672 1062 Obtigerint; demum Dux acclamatur, & illum
119 1062 660 1090 Primi Aſſeſſores adeuntque, Ducemq; ſalutant.
144 1091 617 1122 Fama Ducis lecti totâ diffunditur vrbe,
111 1121 651 1145 Protinus acsurrunt hilares nullo ordine ciues
746 1149 803 1179 t
