872 1312
222 65 548 88 VENET. LIBIII.
62 99 526 133 Et noua lætanti teſtantur gaudia vultu:
73 134 624 164 Indigetesq; Deos, & Numina ſancta precantut,
75 164 515 194 Vt ſit communi felix, fauſtumq; ſaluti.
104 193 563 218 Tunc electorum ſenior, ſublimis ab alto
75 224 558 252 Suggeſtu grauiter verbis compellat amicis
73 251 640 281 Adſtantem populum: paucis nomenque, decusq;
63 281 578 312 Principis electi recitans cum laude modeſtâ
62 313 563 341 Præſentis qnis enim ſanus præconia dicat?
104 340 616 369 Dux autem ex folio præfatus paucula de ſe,
62 369 672 401 Deq; animo in commune bonum; ſe Princpis æqui
76 401 593 429 Omnia geſturum promittit munia; & ante
75 429 563 460 Publica priuatis laturum commoda rebus.
75 460 540 487 Imploratq; Deos, & Diui numina Marci,
77 487 666 519 Qu tutore viget Venetum Reſpublica purum
74 517 601 545 Inſpient animum, & faciles conatibus adſint.
105 547 565 576 Interea pendet populus dicentis ab ore,
72 575 677 604 Nec dubitat, quin verba, & mentem facta ſequantur.
74 604 552 634 Atq; ideo lætis applauſibus accipit omen.
105 635 555 658 Illinc ad Sacram Marci deducitur aram,
74 663 603 693 Atq; ibi iure fidem iurando adſtringit, & ipſos
75 693 588 720 Teſtatur ſuperos, quæ Dux præſtare tenetur,
75 722 577 746 Omnia facturum, & ſe totum deuouet vrbi,
104 750 637 781 Lignea tum Princeps conſcendit pulpita, ſolo,
74 839 599 868 Sublimem Marci geſtantes compita circum.
104 870 617 899 Interea exoritur feriens ſupera ardua clamor
74 898 624 929 Cum plauſu ingenti. vicinumq; adſonat æquor.
73 928 557 957 Ex alto ille ſuâ percuſla numiſmata formâ
73 958 523 987 Argenti, atq; auri cælato nomine vulgo
72 987 490 1016 Proiicit, auguria imperij felicia fauſti
63 1017 555 1051 Quæ conferta rapit tunicati turba popelli.
100 1047 650 1075 Poſtquam per plateam Dux eſt geſtatus, & altas
70 1076 619 1105 Principis ante fores, & celſa palatia ventum eſt:
63 1105 596 1136 Pulpita ſiſtuntur: communes pergit ad ædes,
671 1132 736 1168 Co-
