872 1312
240 80 557 105 VE E s r.. IT.
59 119 615 148 Præficitur ſcelerum vindex, vindexq; bonorum
61 148 568 181 Quadraginta illivitaſq; & crimina diſcunt,
64 180 528 209 Et ſolidoinuicti leges adamante notatas
63 207 579 236 Præfracte obſeruant: non illos gratia flectit
62 237 618 267 Parta prece, aut pretio: perſtat ſententia ſemper.
64 264 654 297 Nobiſibus, populoq; humili; fauor omnibus idem.
65 296 594 326 Nil fumoſa valent antiquæ ſtemmata gentis;
65 327 597 355 Nil, niſi maorem quod maior pœna coercet.
69 355 577 384 At, quibus incumbit legum tutela ſacrarum,
67 384 595 413 Concilium faciunt, quo non ſacratius vllum,
66 414 464 443 llibata vetans violari iura pndicæ
67 443 618 473 Virginis Aſtrææ, Themidiſq; potentis honorem
66 473 644 500 Intactum penitus ſeruant: hinc nomina ducunt.
128 501 664 530 Hic neq; patronus velegeno defuit vmqua
68 530 617 560 Quippe nefas indefenſum damnare nocentem,
67 560 596 590 Indictaque, etiam ſceleroſum, plectere cauſsâ
69 589 522 619 Nulli priuato nomen deferre ſinit lex.
71 618 557 647 Hi ſoli cauſant. quibus eſt vindicta tributa
69 647 542 677 Publica, qui iugi ſtudio curaq; laborant,
74 677 594 707 Ne cuiquam liceat grafari impune maligno.
68 706 595 735 Acribus impugnant animis delicta, nec vllo
72 735 520 765 Summa relaari patintur iura fauore:
71 763 652 797 Nec prius abſiſtunt grauibus contendere verbis
74 794 603 824 Quam vel pœna ſacro fuerit decreta Senatu;
74 824 547 853 Vel ſupero inſonti ſententia læta feratur.
129 850 644 881 Adde Auditores pariter, vetereſq;, nouoſq;,
73 880 675 912 Adde Triumq; viros, & quorum annona tributa e
74 911 602 942 Peruigili ſtudio; adde etiam commiſſa ſalutis
74 941 572 971 Publica cura quibus, ſæuæq; auerſio peſtis.
134 971 636 998 Sunt hic Cenſores tetrici tigidiq; Catones.
78 1000 508 1029 At Dictatores nulli; nulliq; Tribuni;
79 1027 671 1058 Nullus Auentinus Venetis; nulluſq; Sacer mons
77 1059 501 1087 Sicinius nullus; vulgi ſeceſſio nulla.
75 1086 629 1114 Maieſtas tamen hic ſacroſancta, & nobile plebis
76 1117 653 1154 oman ſpecimen tsaauusa fteumuq enuauus
672 1140 753 1176 ,
