872 1312
279 78 629 101 GERM. AVD.AVR.
133 83 170 106 2
132 116 661 145 Libera nobilium ne plebs iuga dura ſubiret:
132 145 661 174 Vnde mali labes, vnde omnis cauſſa tumultus,
830 172 869 202 uui
131 174 696 205 Roma, tibi, vnde graui tandem es concuſſa ruinâ.
131 205 587 233 Sed neq; Fatricij diſpenſant omnia ſoli
131 234 652 263 Nec tota ex horum pendet Reſpublica cœtu.
131 261 731 291 Præter cos aliud medium eſt genus; ordoq; in vrbe
831 266 870 290 l
130 293 618 317 Patricio minor, at Plebeio maior; honores
132 322 680 350 Cui ſanxit proprios veterum prudentia Patrum.
131 351 617 380 HItii erunt Veneti Ciues: at cetera turba
131 378 681 408 Plebs eſto: nec vtriſq; tamen ſua munia deſunt;
134 408 638 435 Verum pro meritis, & non diſcriminenullo.
830 407 868 435 n
161 437 705 467 Nam Venetos inter Ciues paro maximaabund
131 467 619 495 Diuitijs, opibusq; fluunt; & puppibus altis
832 468 870 489 u
132 495 711 525 Barbaricas referunt longinquo ex æquore merces:
130 525 604 554 Pars nec virtutis, patrie nec lucis egentes,
131 555 711 583 Qui veteri numerant ab Auorum ſanguine gentem
831 557 870 579 ll
128 583 629 613 Et priſcis inſcripta legunt ſua nomina faſtis.
831 589 870 615 up
159 612 630 642 Ex horum clarâ nonnul claſſe leguntur,
128 641 637 672 Qui ſacra excipiant magni conſulta Senatus,
126 671 623 698 Et mandent fidis commiſla arcana tabeliis;
1 682 32 697 i
123 698 606 724 Omnibus interſint decretis, omnia norint
845 707 870 727 u
127 727 637 759 Conſilia & ſenſus prius altâ mente repoſtos.
127 758 625 787 Secretis ſeruent animis, ac pectore condant.
829 767 870 785 I
126 786 588 819 Hnc a Secretis nomen duxere tegendis.
125 816 620 843 Vt Proceres, ſanctis veluti ſub teſtibus, intra
125 844 573 871 Iuratæ metas fidei communia tractent.
154 874 672 908 Scibas ſola creat prudens bis quinq; virorum
124 903 583 938 Curia virture inſignes; probitate, fideq;
123 932 643 967 Præſtantes, ſtudiis q; excultos; qui ſua poſſint
821 946 870 966 M
123 960 700 995 Proferre in patriam benefacta, obitosq; labores,
122 990 694 1025 Maiorumq; fidem. memores nam facta parentum
120 1020 612 1054 Egregi Veneti recolunt, gratiq; reponunt,
120 1049 676 1079 Aagnaq; cum magno Scribis ſtatuuntur honore
119 1078 674 1111 Præmia: vt haud ſortis pigeat, nec muneris illos,
121 1108 710 1147 Quos Populo, & Patribus charos veneratur, amatq;
721 1145 826 1170 Plebs
