872 1312
200 71 517 95 vEET. LIB. III
50 101 617 139 ebs omnis grauium vt conſortes conſiliorum.
90 138 614 168 Nec Plebem, nec Patricios hoc munus obire
59 168 580 198 Iura ſinunt: nulliſq; huius conceſſa poteſtas
60 199 564 229 Hc ſpitibus: non ſi Delo, Cyrrhaque relictis
60 228 565 259 Aquoream proles Latonia præferat vrbeni,
60 258 503 287 Aut ſpreto veniat cœlo Cyllenius ales.
62 285 608 317 Nulla tamen quamuis clari ſ ffragia poſſunt
60 318 592 347 Ferre: magiſtratus vllos nec in vrbe, nee extra
62 347 534 376 Exercere: illos nec reddere iura ſinit lex.
93 376 629 404 Scribarum e numero tantæ eſt elect io molis
62 407 558 436 Non ipſi bis quinq; viri; at comitia magna
61 436 565 461 Secernunt vnum, toto incumbente Senatu,
63 465 653 493 Conſpicuum meritis, monum grauitate verendum,
56 494 579 522 ACancellando cui factum nomen & illum.
63 522 626 552 Suſpiciunt Scribæ reliqui, & mandata faceſſunt;
61 552 521 581 Adſurgunt& Patricii: nam Principe ſolo
63 582 573 611 Et paucis minor eſt aliis, hoc nuper honore
62 611 641 640 Deliciæ populi, & magnum decus vrbis, & ingens
64 641 558 670 Cordatæ gentis Scribarum gloria, quo nil
61 670 578 699 Doclius, aut vnquam melius natura creauit,
64 694 739 728 Cunctorum applauſuquamquam hæc vx præmia tanto
62 729 550 759 Digna viro ornatus priſca de gente loanue
63 759 538 788 Formentus, qui ſi Populi non ordo vetaret,
62 787 574 818 Principis auguſtam poterat ſperare tyaram:
63 817 614 848 Nunc tamen incedit Tyrio ſpectandus in oſtro,
63 847 510 877 Fortunaq; ſuâ, & delato lætus honore.
92 876 641 905 Electrum extremam vitæ comitatur in horam,
63 906 595 939 Quin & perſtat honos etiam p ſt aſpera Fata.
63 937 583 966 Nam plebe, & Popnlo, in luctu, totoq: Senatu
62 966 583 993 Atrato, & triſli ſuper omnes Principe, corpus
63 997 573 1024 Effertur magna Patrum comitante ateru:
64 1023 639 1054 Et Marci in platea poſitum, Duci ſtarempri,
65 1055 620 1086 Tollitur elato ante ædes ter ad it a
64 1084 574 1115 Iuſtaq, ſoluuntur mana ſullemnl nooue.
65 1114 558 1144 Deinde, piis ſaro iuſts de .ois,
645 1141 733 1166 Dfun-
