872 1312
288 74 636 100 GERM.AVD.AVR
125 113 594 143 Defuncti egregias virtutes, claraq; facta
125 141 647 174 Suggeſtu orator memorat facundus ab alto.
126 172 616 201 Tota cohors docto pendet dicentis ab ore,
126 202 650 232 Eſtinctiq; auidâ laudes bibit aure ſupremas.
126 230 668 258 Tanti ſit Venetis Scribarum Antiſtes, & ordo,
127 259 590 289 Præſtantis clara Populi de claſſe creatus.
158 289 644 320 Imæ ſunt etam Plebi ſua munia, habetq;
128 318 617 348 Præfectos ars quæq; ſuos ex ordine Plebis,
125 348 618 378 Qui lites dirimant leuiores, ura magiſtris
129 376 602 406 Artis præſcribant, quæ iit ſeruate neceſle.
129 405 650 435 Præfectis ſubſunt alii oq;, Plebsq; ſub illis,
128 436 579 464 Lætos læta dies tutoribus exigit omnes
128 465 647 493 Spectatæ ſiquidem vitæ, morumq; leguntur,
130 492 723 524 Qui præſint. placet hoc ſibi munere tertius ordm
127 522 601 551 Imperioq, ſuo gaudet contentus, & arte.
131 552 760 582 Sic nihil eſt, quod vel Populus, Plcbsve ima queratur,
130 581 620 608 el Princeps, vel Patricii: ſic nexa viciſiim
130 608 681 643 Inter ſe alternis vincta eſt Reſpublica nodis,
130 640 689 669 Vt tam firma queant vix vnquam vincla reſolui.
161 669 644 692 Cetera non vrbana tibi, non extera dicam
131 698 649 727 Munera; quæ nullo poſſim concludere verſu,
130 727 673 755 Ambitus hic nullus, nulla eſt prenſatio Patrum.
130 755 702 786 Diuiſor procul hinc valeat,tribuumq; redemptot.
130 785 670 815 Hic neq; diuitiis locus, aut popularibus auris:
131 814 555 840 Etati defertur honos, & ſeſſio, ciues
129 843 618 874 Virtute exceptâ nullo diſcrimine aguntur.
129 874 705 903 Par amor, & ſtudium recti, mens omnibus vna eſt,
129 901 650 933 Publica priuatis præponere commoda rebus.
127 932 610 962 Patricios Plebs ipſa colit, Plebemq; tuetur
131 959 660 993 Nobilitas: felix hæc Principe, Duxq; Senatu.
130 990 665 1022 Qnalis Apum nulloconcordia rupta tumultu,
130 1018 664 1050 Corporis vnanimi Venetum Reſpublica talis.
160 1049 734 1078 Cui quamquam illuſtres priſci non illa Scſoſttis,
128 1076 721 1106 Nec quæ diuino quondcm eſt commenta Platoni,
127 1107 655 1140 Nec noua quæ Moronupt depicta Britanno;
733 1143 793 1174 Si ve-
