872 1312
198 66 564 91 VENET. LIB. III
55 104 596 134 Siera Vtopia eſt merito contendere poſſine.
53 133 607 163 Ecunctis delegit enim quæque optima rerum.
54 162 566 190 Dædala ſicut apis, luſtrat dum florea rura,
54 193 589 218 In varios nunc huc flores, nunc aduolat illuc,
54 222 569 253 Præcipuosq; noui delibat verishonores,
54 251 626 281 Ore legens ouodcunq; iuat mox ingerit alueo,
53 278 482 311 Et de ſelcis ſtipat puriſſima mella
54 310 624 341 Nam veteres quæcunq Sophi ſcripſere regendis
54 337 542 367 Apta ſuis populis, veri ſimulachra fuerunt
53 367 586 398 Omnia: quæ ſapiens Venetus re praſtitit ipsa,
55 395 584 428 Tam ſuperans illos, quam vero diſtat imago.
86 427 520 456 Promouere alii long, lateq; patentis
55 456 496 485 Latius imperii fines terraq; mariqe,
55 484 566 510 Gentibus & victis tumidi noua iura dedere,
56 513 655 548 Credo equidem, nec vana fidesreru que poti
56 543 530 575 Inuictas dextrâ terras tenuere ſuperbâ
56 572 563 596 Pene omnes ſed ſtare diu violentia neſcit.
58 601 481 626 Sollertes ditione ſua moderatius vti
56 631 637 662 Nouerunt Veneti, longumq; extendere in eum
56 660 574 691 Ad ſerosſic ſtat Superis ſua ſceptra nepotes.
55 690 512 719 Pace tuâ dicam forti ſtabilita Lvcurgo.
56 718 561 748 Et quæ fundata es ſapientis mente Solonis,
59 749 606 778 Quæq; tuis magnum domuiſti viribus Orbem,
56 778 623 807 Dum caput orbis eras, dum rerum maxima veſtri
56 807 563 836 Paucsfide maius vixdum veſtigia reſtant;
56 835 612 863 Actaq; veſtrorum vix nunc referuntur auorum.
89 868 646 896 At tu æterna manes Venetum Reſpublica, null
56 895 563 925 Interituta die: nec enim poſt condita ſæcla
56 924 607 953 Publica res vnquam tam multos floruit annos,
60 954 567 984 Totq; inter Reges,tellure, ſaloq; potentes,
57 984 584 1013 Tot coniuratos Venetam reſcindere gentem,
57 1012 607 1044 Libera regnat adhuc, ſæuisq; intacta Tyrannis,
57 1041 546 1073 Moribus vſa ſuis, & numine tuta Deorum,
58 1070 545 1102 Totius Europæ contraria reppulit arma;
41 1100 566 1129 Tempore, quo diras interritus incola vidit,
681 1136 729 1159 ee
