872 1312
232 69 553 94 vENET. LIB.II,
63 96 581 135 quat auos factis, tanti non degener ortus.
63 134 608 166 Felix prole ſua atque Heroious inclita magnis.
99 164 582 188 Facundis fœcunda vitis te Bembe. creauit
63 194 600 225 Te quoq;, Naugeri vates duo lumina Phœbi
63 224 637 253 Queis ſimilcim cloquii t ibuit vim Pleiade natus,
63 251 552 281 Clarus vterq; ſuis toto micat orbe libellis.
69 282 641 311 Præterea lnguam illuſtrat dum Bembis Etruſcam
62 311 628 341 Maximus, ante alios exſortem duxt honorem,
63 337 560 368 Idem purpurei decus immortale Senatus
63 369 487 400 Annales patrios ornauit diuite venâ.
100 397 632 428 Hic te grandiloquo ſuſpexi uus ore tonantem,
63 428 602 460 Baptiſta Egnati & torquentem fulmina linguæ,
63 458 541 485 s Quæ vel tela uuis valeant lenire triſulca.
63 485 627 518 Ecquid non meruit famæ facundus, vt Hermes,
63 574 631 606 O quot barbaricos ſuperato ex hoſte triumphosl
101 601 601 632 Quod ſcrutareris Sophiæ penetralia, grande
63 627 539 662 Et decus, & nomen tibi, ontarene, paraſti
63 660 599 691 Clarius, antiquâ quauis ab origine ductum,
63 690 563 715 Alter Ariſtoteles naturæ arcana recludens
62 718 672 749 Adde, quod &, Venetum quæ ſit Reſpublica, pandis
63 748 640 779 Quiq; Magiſtratus, qui Dux & qnæ imperii vis.
100 778 629 808 Patricia de gente, Ducumq e ſan guine cretus
62 804 555 837 Sis licet Veneri. titulisq; inſignis auorum:
62 834 616 863 Quis tamen in Venetâ natum te dix erit vrbe?
72 864 560 898 Cum facias Tuſcâ diuina poemata lingua,
71 893 543 925 Iudice vel Phœbo Tyrrhenis terſius ipſis,
63 920 591 954 il Quos vitreus iipis reſonant bus allut Atnus.
101 954 614 984 Mſanutioine ſua tacitus ſine laudeeiinquan?
62 981 615 1012 Qui Graias, Latiasq, ſibi adſtiuxere Ca œnat
72 1012 588 1043 Tot meritis, veteruu. q; inſtaurauere labores
63 1040 497 1070 Pierios: imis quos cueie ſcpulcris.
63 1068 501 1097 Deterſoq; ſitu misere in luminis oras.
63 1097 603 1126 Quinetiam æterna victuium in ſaculanoen
671 1134 735 1165 Inge-
