872 1312
232 69 553 94 vENET. LIB.II,
30 96 581 135 quat auos factis, tanti non degener ortus.
32 134 608 166 Felix prole ſua atque Heroious inclita magnis.
99 164 582 188 Facundis fœcunda vitis te Bembe. creauit
63 195 600 225 Te quoq;, Naugeri vates duo lumina Phœbi
62 224 637 253 Queis ſimilcim cloquii t ibuit vim Pleiade natus,
1 252 552 281 Clarus vterq; ſuis toto micat orbe libellis.
69 282 641 311 Præterea lnguam illuſtrat dum Bembis Etruſcam
31 311 628 341 Maximus, ante alios exſortem duxt honorem,
34 338 560 368 Idem purpurei decus immortale Senatus
31 369 487 400 Annales patrios ornauit diuite venâ.
100 397 632 428 Hic te grandiloquo ſuſpexi uus ore tonantem,
36 428 602 460 Baptiſta Egnati & torquentem fulmina linguæ,
831 433 870 461 u
1 458 541 485 s Quæ vel tela uuis valeant lenire triſulca.
40 485 627 518 Ecquid non meruit famæ facundus, vt Hermes,
1 515 598 575 t .
1 574 631 606 O quot barbaricos ſuperato ex hoſte triumphosl
101 601 601 632 Quod ſcrutareris Sophiæ penetralia, grande
17 623 539 662 Et decus, & nomen tibi, ontarene, paraſti
40 660 599 691 Clarius, antiquâ quauis ab origine ductum,
42 690 563 715 Alter Ariſtoteles naturæ arcana recludens
43 718 672 749 Adde, quod &, Venetum quæ ſit Reſpublica, pandis
40 748 640 779 Quiq; Magiſtratus, qui Dux & qnæ imperii vis.
100 778 629 808 Patricia de gente, Ducumq e ſan guine cretus
832 805 869 833 I
40 800 555 837 Sis licet Veneri. titulisq; inſignis auorum:
44 835 616 863 Quis tamen in Venetâ natum te dix erit vrbe?
72 864 560 898 Cum facias Tuſcâ diuina poemata lingua,
71 893 543 925 Iudice vel Phœbo Tyrrhenis terſius ipſis,
1 918 591 954 il Quos vitreus iipis reſonant bus allut Atnus.
101 954 614 984 Mſanutioine ſua tacitus ſine laudeeiinquan?
49 981 615 1012 Qui Graias, Latiasq, ſibi adſtiuxere Ca œnat
72 1012 588 1043 Tot meritis, veteruu. q; inſtaurauere labores
1 1040 497 1070 Pierios: imis quos cueie ſcpulcris.
45 1068 501 1097 Deterſoq; ſitu misere in luminis oras.
37 1097 603 1126 Quinetiam æterna victuium in ſaculanoen
471 1135 496 1156 M
671 1134 735 1165 Inge-
