872 1312
307 68 657 102 GERM.AVD. AVR.
145 113 589 145 Ne videar Solem cæcis clarare tenebris
146 138 702 174 Demens, aut vaſtum guttis augere profundum-
176 175 639 207 Oſuperis dilecta domus gratiq;, penates,
145 199 638 235 Si colere has ſedes ciui mihi fata dediſſent,
148 229 632 267 O placidus feſſæ portus, requieſq; ſenectæ:
148 259 616 295 Frangere me tali naum ſtatione iuuaret
149 290 655 320 Et, ni vincat amor patriæ, pietasq; meorum
149 313 733 352 Vitæ optem reliquum, ſi quid ſupereſſc volunt Dii,
150 345 674 380 Et ſtudia, & curas Veneta componere in vrbe.
153 373 679 410 Onunquam vrbs laudata ſatis, licet alta feraris
152 403 680 441 Aſtra ſupere nam, qui verbis ſe credat honores
152 433 709 463 Poſſe referre tuos, cochlea quoq; ſe putat æquor
154 461 692 495 Condere poſſe. Tuas qui laudes neſcius audit,
153 491 619 521 Miratur merito; ſed, te qui viderit, illas
153 520 626 555 Adſpectu; veroq; fatebitur eſſe minores:
153 547 751 585 Et quamquam ingentem, minuet præſentia famam.
183 578 661 605 Tale tuum decus, & talis tua gloria, nulli
154 607 652 639 Par alii, ibi par vni, neq; cedere cuiquam
152 634 709 669 Ni tibi ſola potes: quæ cetera, te quoque vincis.
154 667 644 694 O cui humanarum cedunt miracula rerum
154 692 742 730 Quot ſunt:quot cœli quocunque ſub axe fuerunt,
154 723 665 756 O cuius ſplendore acies præſtringitur omnis
156 753 653 788 Quis potis eſt tantæ radios admittere lucis?
153 782 674 814 Hic tibi pro ſumma ſint noſtra ſilentia laude.
155 812 680 841 Sic altam Criſpus laudat Carthaginis vrbem.
154 839 685 876 Quid multis? vno poteras ſie claudere verſu?
193 869 699 895 VRBEnihil Veneta rarius Orbis habet.
199 908 730 957 vLrii a v c oo vo v-
325 947 639 976 tas cum gratiarum actione.
166 980 814 1009 ADILLVSTRISSIMoS Ac EN-
259 1011 715 1043 nimos Patritios Venetos, & Incomparab:lem
399 1043 547 1070 Rempublicam.
152 1068 685 1127 oſtquam Parca meæ fatalia penſa ſenectæ
220 1100 698 1128 Soluerit: hæcxata ſint vltima vota prccor.
733 1122 814 1160 Omnia
