872 1312
178 69 602 103 VTIMAVOVNTAS
705 82 740 100 I2
32 118 608 148 Omnia cum remeent illuc vnde orta fuerunt:
94 148 648 177 Qui dedit, hanc animam reddo, ſacroque Deo.
67 179 686 208 Tu quoque, quod dederas, Aurelia, corpus habeto
96 208 605 237 Exanimum: Venetis corq; animumq, dico.
64 237 560 265 Et merito : Diui decorantes ordine Marci
94 266 599 296 Me legere Equidem: qui mihi rarus honos.
12 296 512 325 Nam vel Patritiis raro conceditur & ſi
1 309 661 353 lNon minimum obſequiis promeruere decus:
66 354 592 382 Quod prolixa palam teſtatur epiſtola Bembi,
95 382 598 412 Quâ dolet hunc ſe non obtin uiſſe gradum:
1 411 567 448 Obſeſſa quanuis Turcam repuliſſet ab vrbe,
96 441 630 471 Quæ v. lgo impoſitum Cattaro nomen habet.
64 471 560 499 Adde quod egregia ciuis de ſtirpe creatus
94 499 672 528 Nobilium in Venetum, tunc quoque Rector erat,
63 528 535 556 Militiæ Veneti imperii, Dictator & idem
1 552 600 586 Tum victor, meritus ferre trophæa domum.
63 588 648 616 Externo ignotoq;, homini tamen in qua merenti,
92 615 510 645 Id nec opinanti ſponte dedere mihi.
2 636 638 673 Cum torque ex auro, ſimilique toreumate miſſo,
92 674 509 703 Vna cum titulis prorſus honoriſicis.
1 701 664 732 m, Ouandoquidem grates vnquam perſolnere dignas,
91 732 560 760 Noſtræ, pro tanto munere, non ſit opis.
34 762 582 792 Ingratæ mentis fugiens cane peius, & angui
39 792 604 821 Crimen, eis iterum corque animumq; dico.
43 821 587 848 Sic Venetogallus, ſi mens ſpectetur, habebor:
91 849 518 879 At Gallovenetus ſi quod origo facit.
2 878 572 908 Si quod origo facit partis melioris, habebor
1 908 526 938 Cleſtis cœlo nanq; anima orta fuit,
60 938 600 966 Illa breui alta petens pattio ſuccedet Olympo.
93 968 542 996 Cuius perpetuo tempore compos erit.
1 984 568 1025 l Ergo vale æternum Reſpublica clara: meiq;
1 1024 598 1054 Sis memor: imperium ſtet ſine fine tuum.
62 1055 548 1079 Interea addicti cauſam defende clientis,
92 1083 582 1116 Si quis forte meum xodere tentet opus.
623 1133 731 1167 IV.
371 1137 448 1174 M
