872 1312
7 39 34 63 u
292 68 673 94 CERM.AVD.AVR
130 72 177 98 I
135 109 743 139 Marmore de Patio: & riguos longo ordine fontes,
840 143 869 155 tl
136 139 684 168 Rarum opus Hippolyti ſua cui Ferraria nomen
137 168 602 196 Indidit: Eſtenſis generoſo a ſtipite rami
167 191 784 226 Vos quoq; magnanimi Heroes decora inclita Romæ
139 226 645 255 Te vero inptimis noſtri pars magna laboris
138 256 686 285 FARNESI;primum cui nobilitatis onorem
139 285 642 313 Farneſina domus tribuit. proauitaq; gentis
141 314 640 344 Stemmata, Romanas inter, fulgentia proles,
143 344 653 372 O liceat cantare tuis Romamque, Patreſque,
142 372 671 402 Auſpiciis, Muſaque in carmina ſuffice vires
144 402 669 427 Tu mihi Phœbus eris, doctæ tu Palladis inſtar,
141 431 701 460 Adde animos: permitte tuo ſub numine Natum
142 461 654 488 Deduc am ingentis tot per miracula Romæ,
142 489 641 518 Atque illi tua celſa domus recluſa pateſcat.
143 518 685 546 Da ſacros ſpectare lares, Pater optime, Romam
143 548 644 577 Non vidit, quicunq; tuas non viderit ædes.
829 554 869 578 M
171 577 735 606 Fili, animæ pars magna meæ, mea maxima cur
829 579 870 596 ,
143 605 678 634 Macte animo, qui nunc eadem veſtigia luſtras,
3 609 42 648 q
144 635 712 665 Quæ mihi preſſa prius primæuo in fore iuuentæ.
831 653 870 669 u
144 665 701 693 Iuquoq, tranſiſſis, patriâ procul vrbe relicta,
143 695 702 723 Alpibus: invigilas Muſis, & mens tua rapta eſt,
141 722 633 752 Mellifluo magni ſeu pendet ab ore Sigoni
2 725 41 744 I
834 732 869 751 .
143 752 679 776 Præſidis Aonidum, Phœbo cedente ſororum:
144 781 634 810 Qas ſacros bifidi deduxit vertice montis,
826 790 870 817 I
143 810 704 840 Et, ferientis, equi quem protulit vngula, fontem
143 839 704 871 Tranſtulit: atque foro in medio recluſit opertum
143 868 624 893 Vrbis Felſineæ ſtudiorum matris:in auras
142 899 704 931 Marmore quem eduxit Lauretus & ære ologna
141 928 647 957 Artifices magni vel ſaxa animare valentes.
143 957 617 988 Quid pro traducto reddetur fonte Sigoni
141 986 636 1014 Pieridum pater, & Latiæ dux clare cateruæ,
142 1017 715 1049 Quo Murina vrbs merito ſeiactat ſplendida nato
141 1045 625 1070 Et merito iactet vel tota Oenotria tellus:?
176 1075 690 1104 Seu tibi Pompilius Græcis ſermonibus aures
140 1102 649 1139 Aullee AAmaus proles quanda parenti,
