872 1312
335 76 480 100 ROMA.
69 112 624 144 Pectora eontundit pugnis, ſecat vnguibus or,
82 143 572 174 Dilaniatq; ſins, ſæuo miſeranda velhoſti.
69 171 552 204 Nec ſatis. extinci violent cæde Merici,
82 203 592 231 Corpus vt exanimum Regali condidit vtna,
69 230 683 263 Acta furore nouo monumentum ingreſſa, ſupretas
81 259 625 290 In tumulu incumbens effudit pectore voces,
83 289 565 321 Simgultu medias interrumpente quei elat.
145 319 692 352 Care vir Antoni, dudum mea ſumma volupta,
84 347 661 379 Nunc dolor extremus: quid te moriente ſuperſtes
83 374 606 403 Ir felicem animam miſere traho?e ſine viuâ
83 402 692 438 Eſſe queam? ima precor iam iam mrhi terra dehiſcat,
83 434 621 466 Vxorem hocce tuo teeum me conde fepulero.
142 464 674 496 An iaceam Auſoniâ Cleopatra gyptia terrâ,
82 491 532 520 Tu Peluſiacâ Antoni Romane, iacebis?
81 519 598 550 Oſſibus oſſa tuis mea ſiciungentut, vt ambos
80 550 662 583 Iunxit Hymen, vt iunxit Amor malefauſtus vtriq;.
141 580 648 605 Nos nihil abſtraxit viuos, mors debita cerre
81 608 563 635 Vna duobus erat, vita vt fuit vna duobus.
79 636 547 663 Felices, ferro ſi nos eadem hora tuliſſet:
80 665 598 699 Si nos arſiſſet rogus idem; vt flamma iugalis
77 695 557 724 Arſit inextincto ſlagrantes igne medullas.
138 725 660 754 o vtinam quæ ficta mini eſt nex, vera fuiſſer.
62 753 540 785 Si prior extinxem crudelis lumina viræ,
62 783 618 820 Perpetuâ indomitos ſepeliſſem nocte dolores.
126 813 628 846 Per caput inuiſum Supers, per fœdera lecti,
75 841 551 870 Perq; pios oro manes, & Numina Auerni,
61 870 644 900 Si qua fides, ſi qua eſt pietas Acheronte fub imos
75 901 644 929 Quandoquidem patrii nos deſeruere Penates.
74 929 592 960 Mi vir, mi domine Antoni, ne deſere nuptam
74 958 609 990 Vnanimem. qua te terraq; mariq; fequuta eſlt.
74 988 584 1020 Neu in tn tuci de e permitte triumphur.
73 1017 639 1044 S plic n run cCr r
64 1046 653 1082 i , l ta,
72 1075 650 1110 a
70 1103 563 1138 , . a.Il
656 1143 736 1167 Vltima
