872 1312
262 82 480 105 ROMA.
82 118 658 149 Horribiem contra crocodilum, voce prementes
80 149 665 179 Attonitum, dorſoque, equitum de more, ſedentes:
82 178 560 208 Ceruice ad morſus reſupina,oriq: recluſo
80 208 577 238 Impoſitam clauam dextrâ, læuaq; tenentes
81 237 601 267 Captiuum: veluti frenis ad littora torquent:
81 267 598 296 Corporaq; inuitum ructare recentia cogunt;
80 295 592 327 Vt fœdâ ex aluo, tumulo muliore recondant.
83 327 593 355 Geus v.lis: ſed nata malo, peſtiq; dcmandæ
83 354 585 385 Thebanis vicina colit quæ Tentyra palmis
82 383 528 416 Olfactuq; ſai feralia monſtra fugantur.
1 406 34 423 M
80 414 555 442 Ore velut Pſylli ſerpentum infuſa venena
78 441 520 474 Exſugunt, adiguntq; ſua parere ſaliuæ.
78 472 581 502 Hic quoq; Niliacæ ſundunt Colocaſia ripæ,
77 500 633 532 Et fragiles circum calamos, viridemq, papyrum.
76 531 537 554 Vaticana etiam tibi dant viridaria fnſum
76 561 568 590 Oceanum, refluo iactatum ſemper ab æſtu:
76 590 669 620 Cæruleum, vt credas candenti in marmore marmo
74 619 648 649 Feruere: & inſtabiles ſubſultim adſi gere factus
107 648 678 682 Hic, quæ pictorum vincant monmenta prioru.
74 677 578 708 Etruſci occurrent pigmenta eeee ria Apellis
73 708 563 729 Pontiſicis nitidâ decorantia luce ſacellum.
1 732 28 761 j;
103 737 621 767 Marmore de vario, peperit quod terra yenes
73 766 597 797 Torrida ſolis equis, obeliſcus ad æthera ſurgit,
72 796 504 825 Cuius inaurato ſupremæ cuſpidis ouo
71 826 605 856 Si modo Romuleæ vera eſt ſeatentia plebis,
71 856 493 882 Sacrati cineres Diui aſſeruantur Iuli,
71 884 626 916 Qui primus ſummas rerum moderatus habenas,
1 886 48 911 u
68 914 534 944 Audax imperium inuaſit, votoq; potitus,
69 944 548 969 Inuictis totum tremefecit viribus orbem,
69 971 612 1005 Et fama terras, magnumq; repieuit Olympum.
69 1002 650 1033 ,Iulius heu tantus quam paruâ clauditur vrnâ
96 1034 588 1061 Marmoreo in ſolio cum maieſtate verendâ
67 1061 585 1091 Roma ſedet victrix, armateq; caſſide frontem
68 1089 526 1123 Cælata: auius medio ſtant vcrtice criſtæ
66 1119 576 1152 Erectæ, horribiles, dignæq; parente Gradiuo.
470 1156 534 1177 N
647 1154 733 1178 Dextrs
