872 1312
279 82 626 108 GERM.AVD. AVR.
134 121 706 151 Dextra gerit nitidam lauro viridante coronam:
134 150 789 180 Læua breuem gladium, mortem mucrone minantem.e
139 179 615 206 Dacia vicla ſubeſt demiſſum nixa ſiniſtrâ
138 209 626 239 Suſtentante caput, mœret, captiuaq; deflet
139 237 717 270 Tot ſpolia, inq; fugam verſo tot ab hoſte trophæa,
138 269 609 299 Actos totq;, ſibi victrici Marte triumphos
141 297 753 330 Ne quidquam: vna dies partos quod calcet honores,
171 328 701 358 Parte ab vtraq; duos Parthorum reſpice Reges
142 358 674 387 Captiuos: truncasq; manus ſub dentibus æui;
141 387 662 416 Amborumq; pedes antiquo more reuinctos
141 416 671 446 Diſce hinc quid poſſit Fortuna, quid alea belli.
176 446 675 474 At parte ex alia Tarpeiæ vbi nobile ſaxum
143 475 662 505 Virginis armillas quæ pro mercede Sabinas
143 505 621 534 Perfidiæ pepigit, Tatij & connubia Regis:
147 534 686 563 Obrutaq;, vigenti ſpin terum pondere & armis,
147 564 654 593 Coniugijardentes extinxit ſanguine tædas
145 593 598 622 Cuſtodis qui celſa Iouis Capitolia viſet,
144 622 701 658 Auratam in plateâ ſtatuam ſpectabit equeſtrem,
145 652 605 683 Quæ decreta tibi eſt Aureli Marce, tuæq;
144 682 647 710 Debita virtuti, meritis q; ingentibus empta,
143 711 694 740 Eximie o Princeps, quis enim ſe comparet alter?
146 741 697 770 Hanc tuus antealios ſequitur præclarior omnes
146 770 692 800 Temporibus priſcis quicunq; fuere, triumphos:
147 800 661 830 Quem tibi Marte fero Daci peperere ſubacti.
174 829 707 858 Mox penetrale domus intranti occurrit imago
146 858 681 889 Quam Decimo ſtatuit gratiſſima Roma Leoni,
144 889 607 918 Arificis magni ingenio, curaq; politam,
144 918 665 948 Matmore de niueo: viuum. qui viderit illam,
144 947 611 975 Eſſe putet: ſic ille oculos, ſic ora ferebat.
144 977 654 1006 Incertum faceret ſuperas reuocatus ad auras
144 1005 642 1037 Eſſet vter vere verus Leo, marmor an ipſe
144 1037 717 1064 Sed quid opus, quando egregia ſat viuit ab arte?
174 1065 655 1096 Nec procul Alcides aurato ex ære refulget
144 1094 681 1124 Nudus, & imberbis, florens q; ætate toroſam
143 1124 638 1151 Armatus claua dexttam: tenet aurea mala
743 1159 808 1192 Iaus
