872 1312
313 72 467 98 ROMA
72 109 577 143 Nam niſi mas, dicipotuiſſet vacca Myronis.
101 142 556 171 Aſt alij centrâ iuuenes per cornua nexis
73 173 675 203 Funibus adtractum prohibent; curſumq; refrenant
72 203 593 230 Raptantis tauri, fruſtra: nam morte cruentâ
73 231 539 264 Diuerſos inter cruciatus ſaucia Dirce
73 260 597 290 Membratim miſeram diſpergit in aëra vitam.
75 289 631 320 ,, Sic ſua ſuſpenſo ſequitur pede pœna nocentes.
76 320 625 352 Haud procul hinc ſceptro mater Regina recepto
76 349 524 379 Antiope, victrix ſumpto de pellice ſæuâ
76 378 559 409 Supplicio atroci, voti tum deniq; compos,
76 405 605 439 Non ſecus ac parto gaudet deducta triumpho.
76 436 637 468 ,,Fœmineis animis vindictæ tanta cupido eſt
107 465 649 496 Valle fedens viridi ſuperimpendentibus vmbri
78 493 564 526 Arboris aëriæ quæ ſic ſa brachia pandit,
77 523 562 556 Vt denſum ſit ſola nemus,lucus q; Dianæ
78 553 545 584 Paſlor virgatos modulans texit cataliſcos
77 582 589 613 Iucundum ſtudio,cantuq; leuante laborem:
57 611 632 641 Dum Gallæ dulces ſecum meditatur amores,
77 638 532 670 Delicium tereti pendet cui ſiſtula ramo,
76 670 646 700 Fiſtula quam moriens donanit habere Menalcas
834 672 865 699 I
77 700 590 728 Et dix t, Lycda te nunc habet iſta ſecundum.
814 712 851 743 M
79 728 559 761 Felix ſorte ſuâ, magnis nec Regibus impar
80 758 560 784 Contemptu rerum: tantillo viuere ſuetus
80 787 588 818 Nil petit Diuis, niſi quod vitæ expet vſus.
81 818 567 844 Cœna iuuat tenuis, modico ſudore paro.
81 846 618 876 Quem nec auara ſitis, ſallax nec gratia Regum,
82 876 601 905 Nec cœca ambitio. nec gloria torquet inanis.
82 903 605 935 Ipſe ſui princeps idem paretque iuberque:
2 904 41 935 Ms
81 934 674 963 Aurem in vtramq; capit tranquilla mente quietem,
1 935 49 959 l
82 963 546 991 Paruarum ſecurus opum, cuſtode lyciſca.
82 992 592 1023 Latratu reſonat celebratus nocte Cytheron.
81 1023 592 1051 Attonitos retinent paſtoris carmina Diuos:
86 1051 522 1081 Quid ſi multiplici ſpiraret tibia buxo?
112 1080 596 1111 Hic etiam a primo longe mutata decore
1 1108 593 1142 Inſignis ſtatua eſt,dextraq; exſculpta perita.
538 1144 608 1168 NA
727 1138 758 1169 ii
