872 1312
303 75 497 102 ROMA.
709 88 752 111 ao
75 108 588 142 Mauſoli tumulo nec cedens mole, nec arte.
78 141 609 175 Aere quem vacuo mœrens ſuſpenderat vxor.
79 170 602 205 Longa dies pridem tam raro inuidit honori:
78 200 648 236 Nam collapſa iacent operis monumenta ſuperbi
77 229 603 265 In mediâ ſpectanda via: patriæq; parentem.
78 259 547 295 Nec vitæ pietas, nec tot iuuere triumphi.
76 288 634 327 lius haud procul hinc pons eſt, vicinaq; ponti
76 318 641 358 Trans Tiberim moles Hadriani cernitur: in qu
75 348 581 383 Antoninorum cineres de more parentum
74 375 507 407 Aſſeruabantur curui ſub fornice tecti.
75 407 682 450 Nunc Caſtro Sanctus nomen dedit Angelus: axq;
72 435 555 474 Illic Pontificum tut ſſima Romulidarum.
96 467 609 506 Quis non ſuſpectu attonitus mirabitur ipſo
71 495 553 535 Traiani immanes Antoniniq; columnas,
71 526 679 567 Tot templa, & thermas, tot balnea, totque Coloſſo,
71 554 616 592 Circos, amphiteatra, odœa, trophæa, ſepulcra,
69 586 618 621 Atque triumphales areus, grandeſq; obeliſcos,
68 614 576 651 Et tot Pyvramidas minitantes nubibus ipſis?
99 643 584 679 Vis diram Marii præclara trophæa ferocis.
65 672 514 707 Hoſtibus exuuias raptas, & ſtipite fixas
66 703 618 739 Marmoreo, truncum lacero thorace grauatum?
68 730 617 768 Hic conum, hic fuſo maculatas ſanguine criſta
62 760 514 796 Contuſis galeis, ruptoq; haſtilia ferro,
68 790 572 827 Obtuſos hebeteſq; enſes, ac ſcuta cruenta,
65 822 575 855 Telaq; trunca vides, captiuus mœret eodem
65 849 594 887 In ſaxo luuenis, manibus poſt terga reuincti.
96 881 600 917 Quis te, Marphori, quis te, Paſquille, tacebit
63 910 552 947 Orala elingui promentes marmore vera,
64 941 625 977 Quorum fama volat totum vulgata per vibem?
63 970 511 1005 terni vates vos inclita turba poetæ,
64 999 645 1037 Semper flore nouo cumulabunt, ſemper honore,
63 1028 601 1069 Votiua & veſtris appendent carmina templis.
92 1060 555 1096 Cur addam tor t. ultiplici, variaq, figurâ
62 1087 531 1122 Amphitrioniades ſpiintes ſiue colore,
63 1118 607 1152 Seu eœlo, ad cælum vaſto de marmore ductos?
659 1160 732 1192 Torqs
