872 1312
363 56 552 87 FOMA
731 67 768 96 ae
98 95 618 127 mine quem Rupes Poæa illuſtrat auito,
97 127 702 158 Clarum etiam proprio: magna cum laude Mineruæ:
98 155 620 191 Lcuius cerebro natus materna frequentat
94 185 621 222 anapius, matriſq; fouet ſtudioſus alumnos.
92 215 615 252 Illius ante onnes inſtaurans ſacra ſacerdos,
93 244 631 279 Impendens quicquid ſupereſt a rebus agendis
93 275 613 307 Temporis, ingenuas caræ genetricis in artes,
90 303 581 337 Et quæ digna ſatis decernat lautia Roma.
120 335 604 363 Nec tu ctiam Bugi nobis indictus abibis,
88 361 641 398 Deliciæ Charitum, Muſarum ſumma voluptas,
88 392 590 424 Atq; vrbi merito pridem gratiſſime noſtræ,
87 422 543 457 Qui genus æ Galli ſupr emo iudice iuris
85 451 654 484 Duxiſti patrium, meritus patre dignus honorem,
86 480 629 513 Quin etiam inuicti componis proxima Phœbi
87 509 596 541 Verſibus, & magno non inferiora Marone,
84 536 641 574 Nec Colophoniaco quidquam cedentia plectro.
114 570 621 603 Accedet Latiæ mihi mens ſic augurat, aula
82 598 675 632 Incrementum ingens, ingens ſimul ornamentum
82 626 600 662 Franciſcus Ioeuſa ſacræ nouus aduena Romæ
83 657 600 694 Cui Narbonenſis clarum caput infula cingit,
82 688 625 719 Cui virtus, cui mens multo eſt maturior annis,
80 717 599 750 Et piotas, & cana fides: nec dicere promptum
85 746 503 775 Nobilitas, an religio ſit maior in illo
112 777 529 810 O per te liceat Murete, colone feracis
84 802 626 839 Dues egri, centum campos qui vertis aratr,
84 834 582 865 Fœundas ſegeres dum falce recidis auarâ;
83 865 618 898 Perte, inquam, liceat vel inanes forte relictas
84 895 577 928 Collgere hic ſpicas inopi te pone ſequenti,
81 922 576 957 Et miſerum arguta perdenti carmen auen.
82 954 627 988 Cur ver repetam, æterno quæ carmine condis
844 975 870 989 u
80 984 535 1017 Magniicas ædes, auroq; interlita rigna
78 1014 685 1049 Regis opus: nec non lambentem nubila lmpham
78 1041 535 1075 Sublimiaſſultu varias reddente figuras?
76 1070 578 1106 Labenteſq; Anienis aquas per v.luera rupis
73 1102 583 1135 Eæiſæ humanis mnius, multoq; l aore,
455 1137 523 1160 O
669 1133 744 1171 ym
10 1142 36 1173 d
