872 1312
272 64 632 88 GERM. AVD. AVR
118 68 159 89 tIA
118 103 617 132 Fidus cutatum conſors, atque alter Achates
118 132 607 162 Peruigil, & duri pars non ingloria Martis.
178 162 675 192 Felix o, cui Parthenopes ſub mœnibus altis
118 192 688 220 Rapta repoſcebat cum ſceptia potentibus armis,
119 222 638 250 Ingentique vrbem Rex obſidione premebat
120 251 626 280 Franciſcus celebri virtute, vt nomine primu
121 280 765 310 Contigit oppetere, atque animam pro laude paciſci;
120 309 599 338 Et ſignare ſuo virtutem ſanguinev carum
123 340 677 369 Quod decus excelſæ menti, ſupremaque laus eſt.
122 369 648 398 Nectam mors, veræ ſtabilis quam ianua vitæ:
123 396 649 427 Quâ nec ſplendidior, quâ nec generoſior vlla,
123 427 601 450 Aternis mandans illuſttia nomina faſtis.
123 457 677 483 Rara repente cadunt,raris malus inuidet Orcus,
124 485 619 515 Et noſtris auidus damnis diteſcit Olympus.
183 514 652 543 Sed de tam grandi patriæ virtutis aceruo
123 543 636 575 ullum maius opus, magni fili inclite Patris,
124 573 647 602 Quam quod te tandem felici e ſtipite firmum
123 601 626 630 Nutanti genuit columen, fauſtiſſimus Orbi,
123 633 591 663 Hoc vno natum genitor ſuperauit: & illi
124 661 552 691 Te Rex, te debet præſago Gallia fato.
184 692 741 721 Hæc meditans, generiſque tui primordia dudum
123 720 659 751 Mente agitans, Patris & Nati correptus amore,
123 749 649 781 Quorum alter iuſto vitam ſub Marte profudit,
122 778 576 808 Alter ſub vaſto Galli molimine anhelat
122 808 582 839 Imperii, ſatagſtque ſuis Saturnia Regna
123 836 585 865 Ciuibus, expulſo mutata reducere ferro.
123 868 675 902 Nonne ego quantumuis insulto carmine dixi
124 898 733 931 Gratum animum teſter? metuamne indigna referre
122 926 628 957 Tam claræ ſtirpis meritis præſtantibus? iſta
122 954 704 989 Qui metuet; metuat ſemper, ſileatque neceſſe eſt
120 984 634 1017 Na quis digna feret? prodat penuria malo
120 1013 703 1049 Me mea, dum gratæ ſuperent hæc pignora mentis,
181 1044 668 1079 Hæc igitur ſelecta tibi munuſcula, præſens
122 1072 559 1108 O vatum tutela, tuis interſere chartis:
120 1101 691 1141 Diuorumque inſtar, pectus ſtudiumque dicantis
698 1140 827 1172 Inſpicer
