872 1312
257 70 562 95 PARTENOPT
84 105 659 141 nſpice: non quæ ſunt opibus, ſplendore, tuoque
84 141 655 176 Digna gradi caderet ſic victima nulla Tonanti.
145 171 657 201 Sat tibi ſit, celebrare tui quod buſta Parentis
84 201 576 230 Mens fuit: & voto pacatos ſupplice Manes
88 230 679 260 Compellare ad opem,, dandaſque in carmina vires,
85 260 557 290 Dum claras recolo ſedes, Regnique beati
87 289 534 319 Diuitias, biferique ſoli miracula canto.
87 321 615 350 Pro quo pugnatum toties, repetitaque Matis
87 350 536 378 Alea nun potuit cæcos frenare furores,
87 378 656 409 Quin crebras ſit itum in clades, funeſtaque bella.
88 410 582 438 Hoc Reges pretio redimi duxere decorum
86 437 562 468 Inſtabiles ſemper Regni felicis habenas,
86 468 612 496 Et nunquam partos largo ſine ſangine faſces,
86 496 547 526 Illuſtris ſuperas repetiuit ſpirtus arces.
148 526 643 556 Illic ſæua tuum rapuerunt fata Parentem,
89 555 661 586 Nobile & ad clarumCapuam tribuere ſepulcrum,
89 586 589 616 Inclita pro patriâ pugnando vulnera paſſi.
147 615 637 646 Adſis eximium patriæ decus, & tibi notos,
89 644 662 674 Iuſtratoſque loeos, anima veneranda, recenſe:
88 675 685 705 Et quæ ſunt memoranda doce: nos temporelongo
84 704 573 733 Telluris viſæ fugit pars maxima, mentem
88 733 676 764 Inſpira memorem, Natum vt per ſingula ducam,
89 764 687 794 Admoneamque meum; ne quæ ſunt digna referti,
91 795 626 823 Præteream, fraudemque tui pia vota ſPhilibpi.:
91 823 633 853 Nullaque non noſcat celebris ſpectacula terræ.
151 852 664 882 Auſpiciis nunc ergo tuis meus omnia luſtret
93 882 567 912 Filius, & ſpectata reponat ſenſibus imis.
84 913 612 943 Particulamque tuæ Nato concede, Patrique,
94 943 657 971 Quæ nunc cœleſtis conſors eſt Numinis auræ
93 971 565 1002 Vt poſſint placitura tuo recitare ſPbilippo,
84 1000 612 1032 Curarum mole oppreſſo: ſi quando vacabit.
151 1032 628 1062 Adſpirant Manes. Iamiam cariſſime fili,
93 1061 632 1089 Sanctæ animæ afflatus mecum venerare.ſagaci
84 1089 617 1120 Iudicio obſeruans Circes, caſtæque Sibyllæ,
84 1121 628 1158 Sitenumque domos, dilectaque rura Maroni
697 1141 799 1186 u
