872 1312
291 61 646 90 GERMAVD.AR
125 103 684 134 Emerguntlatebris, diſpergunturq, per auras,
125 131 690 161 Tandemqin nebulas abeunt. ſunt ſecta cauerns
124 161 612 190 Prætipue vcina mari loca, ſulphure fœta,
124 190 648 222 Et limo, & ſxis, pinguiq; bitumine; & vndis
1 204 26 220 I
1 220 36 242 u
124 221 605 250 eſa aſſidui, præruptoq; ardua monte.
124 250 601 279 In quibus anuſte latitans includitur aer,
125 277 661 308 Qui motu fitventus atrox, penetrantibus vndis
127 308 676 338 Impete cu vaſto: concepta ita ſamina quippe
126 338 593 368 imoſæ grauidâ teriæ gignuntur in aluo.
173 363 830 391 Flamiibus vehementer humus concuſſa tremiſct,
125 395 699 425 Attonitas quatiens trepidis cum mœnibus vrbes;
124 424 650 456 Dum flaru:umpi nequeunt obftantia clauſtra.
184 454 689 483 At po quam obnixi collaris viribus inſtant
1 472 27 504 l
126 483 700 512 Pandere iter veticum, ſuperaſq; euadere ad auras,
124 512 644 543 Qua pars debilior, prorupunt agmine facto,
124 542 656 573 Obuiaq; cuertunt fremitu, cœlumq,; laceſſunt,
123 570 742 600 Terramq; accumulant, & montes montibus addunt ;
3 591 72 616 Mtl
122 599 658 630 Ac tanquam vrgentes ingentem Pelio Oſſam,
122 630 717 658 Atq; Oſſæ ſummum certant imponere Olympum
123 659 698 689 Hiſque velut gradibus ſuperas conſcendere ſedes,
119 689 609 718 nuictunq; louem ſolio detrudere ab alto.
120 718 713 747 Hinc eſt magnorum pugna illa antiqua Gigantu
120 748 628 777 Cœlicolas contra, priſcis memorata poetis.
176 776 691 807 Adde quod incluſi luctantur turbine crebro,
118 806 651 835 Irrumpunq; ſinus, & concaua ſaxa pererrant:
117 835 651 864 Inde oritut motis penetralibus igneus ardor.
176 864 688 894 Vel, quoniam tellus humore imbuta tenaci
116 894 604 923 In duros ſenſim lapides concreta rigeſcit,
117 924 602 954 Inuoluens ſecum ſcntillæ ſemina viuæ,
115 951 601 981 Qua ſilicm attritu vcnis erumpit ab imis
116 981 599 1013 Etlis pnum: ſed fot abitumine pingui,
117 1009 719 1042 Sulphureq; & nitro mox flammam ad ſidera volui
117 1041 678 1072 Intus alens ſſe, dum mſiam ablosbat omnem.
176 1070 700 1103 Omnis enin moous ciet ingeneratq, calorem,
115 1096 728 1133 gd modiss iusui, da miſcet,
723 1132 818 1164 guss
