872 1312
258 73 613 96 GERM.AVD.AVR.
169 111 636 138 In latices tellus, & in aera ſoluitur vnda,
106 140 592 169 Inq igncm purum tenuatus vetitur aer,
111 169 628 199 Hæc rurſum ipſa ſibi ſuccedunt ordine verſo.
112 200 663 229 Quippe ignis liquidum denſatus in aera migrat,
111 229 607 257 Hnc in aquas aer, in terram cogitur vnda.
110 257 639 287 Qæ ſeſe alternis, quanquam diſcordia, frenis
111 287 676 316 ternum ſeruant, generantq; & cæ tera gignunt.
111 316 666 345 Lunæ infra quæcunq; globum mortalia viuunt:
112 346 592 375 Nec cert in toto tantillum deperit Orbe.
167 375 641 403 Vt calor ingenitus nobis, incendia noſtro
112 403 638 434 Exciret ſtomacho, ſi non reſtringeret humor,
113 434 581 463 Qui potuq; , ciboq; arentes irrigat artus:
113 463 643 492 Sic calor atq; Iiquor terræ commiſtus alumnæ
112 491 591 521 Accenſo potumq;alimentaq; ſufficit igni.
112 520 631 551 Interius ſulphur conſeruat proximus humor,
112 549 658 574 Ne ſubito in cineres flammis conſidat aduſtum.
111 580 626 608 Arida quæ rapidâ flagrant illychnia flammâ,
113 607 579 636 Cernis vt infuſo perdurent Iucida oliuo,
112 638 631 667 Quod retinet pingui nutritam fomite vitam?
111 667 678 697 Montis inexſtinctas itavis alit humida ſlammas,
109 696 591 727 Siue tuis Veſeue, tuis ſiue, tna, caminis.
113 725 548 750 Sic vbi hiulca ſiti telluris viſcera ſinit
112 755 574 784 Sidereuſq: Leo, vel flagrans Sirius ardor,
107 784 627 814 Protinus areſcunt herbæ; niſi decidat imber,
111 813 659 844 Qui lapſos releuet flores, noua pocula fundens:
109 842 572 876 Aut niſi radicum madeant vligine fibræ.
110 872 617 904 Quæ neruis ſuccos ſitientibus ingerat vdos.
166 903 615 931 Longæuos ideo durare fateberis æſtus,
108 931 657 964 Quum ſemel accenſos tumidis fornacibus ignes
107 959 617 993 Pabula deſtituant raro noua, traduce ſemper
108 989 587 1022 Materiâ. quæ ſponte ſuâ recidiua reſurgit.
107 1018 625 1053 Quâ ceſſanie tamen ſiccus reſtringitur ignis.
107 1048 573 1081 Sic variant nætura vices, ſic lapſa reducit,
107 1076 616 1110 Sic æterna nouos ſibi ſuppetit vſq; molares,
106 1107 709 1144 Atq; putrem limum, ſulphurq;, liquaxq; bitumen,
643 1145 782 1179 Nutrimen-
