872 1312
245 74 544 100 PARTENOPE
79 111 582 141 Nutrimenta ignis, vento irritante furentis
78 141 609 169 Intus, & oppoſitas iaculantis in æthera moles:
78 171 679 203 Quem nocte cernas, melius; nam ſplendida flamma
78 200 610 233 Quæ nocte eſt; fumus Phœbeâ in luce videtur:
77 229 528 259 Ac lux iſta minor caligat lumine Solis.
79 257 634 286 Sic iuuaexorto aſtrorum nitor occidit omnis.
78 287 653 324 Sic tantum in tenebri ſcintillans Lampyris ardet.
106 316 608 351 Adſpice vt erumpens vno conſurgat ab ore
75 346 585 379 ons ignis, fornax torrentis, ſulphuris æſtus.
75 375 569 410 Hæc rario eſt cur tam viuax cxaſtuet ignis;
75 404 615 437 Qui primum ignotis erumpens faucbus, illum
72 433 574 463 Abſorpſit cupidum ſecretas noſcere caſas,
72 464 690 497 Non adeo vitare necem, quam Icrib ere doctum
72 492 597 525 Naturæ hiſtoriam, cauſasq; aperire latenteis.
72 520 559 553 O abſtruſarum metuenda pericula rerur
69 550 671 589 Præſtat tuta ſequi: atq; gradum reuocare. nouamq
69 579 628 612 Vrbem iterum petere, & campani litto s otam,
69 608 646 642 Mirandam ante alias omneis quas contiit orbis.
100 638 667 669 Hic primum Megaris, cui nunc eſt nomen ab ouo,
68 667 579 698 Diuitls t fama eſtLuculli nobile caſtrum,
68 697 567 726 Impoſitum rigidæ ſublimiin vertice cauris.
69 726 676 760 Hocquamquam igniſluo ſubuertit puluere Petrus
69 756 599 786 Nauarrus, piinceps & pulueris auctor, & artis
69 785 576 819 Qua fit in effoſſis agiturq; cuniculus anris
69 815 528 840 Oſten tat validis munitas turribus arces.
98 844 708 878 En tibi Portumnum, ſacrumq; Serapidis antrum,
68 873 604 906 Iucundam feſſis requiem captantibus auras.
68 903 566 935 Dein Mergillinæ longum ſpectanria littus,
67 933 647 961 Pontumq;, inſurgunt delubra, & culmina montis.
73 966 751 997 Ac memore Aganumq; lacum, Stygiumq; Charontis
66 992 610 1024 Antrum Tartareos eſdantis pectore fumos?
65 1019 594 1053 Hic ſpecus handmultum diducto laxus hiatu,
66 1050 608 1083 Tetrum, ac peſtiferum ſpirans exhalat odorem,
66 1080 584 1111 Quo necat ablato proiecta animantia ſenſu,
64 1110 599 1145 Spiamenta animæ claudens fumante vapore,
696 1149 731 1174 At
