872 1312
251 80 550 105 PARTENOPE.
80 116 617 145 Cumanoq; lapis cæmento, & flumine mixto
81 145 537 176 Effectus, durai nullo expugnabile aſtu.
81 175 575 206 Puluere ſunt illo Luculli ſumma potentis
81 204 513 237 Mœnia piſcinæ mitabilis illita, & illo
80 235 607 265 Extructæ partim ſub aquis prope littore pilæ,
80 265 644 296 Quæq; latent, & qui cœlo capita ardua tollunt,
79 294 614 323 Victrices tot paſſæ hiemes, annoſq; tulerunt.
109 323 604 354 En aliæ bisſex antiqui ex ponte ſuperſunt,
78 353 598 382 Quo Caius Cæſar caligæ cognomen adeptus,
77 380 564 405 Neritiis Samiam iunxiſſe Dicarchida Baiis
78 409 593 441 Fetur & æquoreas ſiccis tranſiſſe per vndas
71 438 537 464 Paſſibus inſtrato ſublimis tramite molis
105 469 737 501 Haud procul hincſquid non mutat longæua vetuſtas??
71 498 624 529 Apparet mirum noſtris nouus editus annis
73 526 551 555 Vaſta in planitie mons vnâ nccte reatus,
73 557 629 585 Tempore quo ſtudiis nos Felſina docta fouebat.
71 585 589 617 Ille vomens ruptis crebros fornacibus ignes,
69 614 645 643 Vndanteſq; globos flammarr m ad ſidera iactans,
68 643 607 673 Funditus oppreſſit loca prexima fœta lauacris,
70 672 594 703 ſtibus adſiduis, quibus obruta villa diſerii
68 703 613 730 Delicium Ciceronis, amœnus ab vrbe receſſus;
68 731 669 763 Magnifica ornabat quam porticus, & nemus ingens;
68 761 619 791 Quæ nunc ſenta rubis ſubitæ pars vna ruinæ eſt,
67 791 639 815 At non interiere tmen ſimul omnia, nam fons
66 818 576 852 Affectis præſens oculis, medicina remaſit,
65 848 609 878 Et domini nunc iugis adhuc Ciceronis honori
62 877 499 909 Inſervit releuans infufo languida rore
65 908 576 938 Lumina, inexhauſto ſtudiorum læſa labore.
62 935 620 965 Hic ſibi manſurum monumentum erexerat, ac ſi
63 965 517 994 Antealiud toto non extrux ſſet in orbe,
63 993 540 1028 Poſt ſua victoris æternum funera chariis,
62 1025 571 1056 Quos rutilo illuſtres Academi inſigniit auro.
61 1053 567 1082 Ad Clanti fauces Lucrinus, & ater Auernus;
61 1082 528 1114 Huic dant nomen aues; ilii piſcaria lucra.
58 1112 605 1144 Hic auium impatiens, vt abundans piſcibus ille.
657 1146 729 1170 Alte
