872 1312
293 70 585 94 PARTENOPE.
104 110 628 138 Hæc vbi magnanimo, fortiq; eſt corde locuta;
103 138 591 164 Ictibus horriſicis, & vulnere ſaucia crebro,
103 168 648 198 therias generoſa animam exhalauit in auras,
128 198 636 228 Mortua mox Ntum diris vltrieibus angit,
107 227 638 254 Omnibus vmbra locis agitans terrore perenni
104 256 560 285 Noctes atq; dies, & torto verbere cædit
104 285 663 314 Infelicem animam, truculentaq; peccoro vindex
105 315 594 343 Ignibus obiectis, oculoſq; atq; ora laceſſit.
105 343 707 372 Tale homines vnquam ne auſos ſcelus? vnus at auſus
104 372 655 401 Eſt Nero, neſimilem quenquam natura Neroni
103 402 623 432 Aut genuiſſe olim, aut alias genitura feratur
106 431 643 460 Sed ſolus regnet, ſuperans homineſq; feraſq;
102 461 635 488 Hac feritate Nero, palmamq; crimine tanto
102 488 564 518 Eripiat reliquis. iuſti nam cauſa doloris,
103 517 567 546 Vltorem patris excuſat, facinuſq; piauit,
102 547 611 577 Dianæ immites Scythicæ purgatus ad aras.
132 577 594 604 Nulla fuit tanti ſceleris tibi cura piandi,
104 604 556 634 Ex illo diſruptus obex, diſrupta pudoris
103 635 594 663 Vincula, & in ludos cœperunt cætera verti
104 664 666 693 Crimina, quid metuat pollutus ſanguine matris?
105 693 680 721 Quod leue non credat facinus? tot tempore ab illo
103 721 580 751 IlIuſtres animas, tutore & vindice nullo,
101 751 580 778 Abſtulit, illuſtri maior de cæde voluptas;
103 780 649 810 Conſperſus donec maculis, probriſq; furorem
105 809 736 834 Cunctorum exſciuit, nec amicum in morte, nec hoſt,
104 839 591 867 Nactus, at ipſe ſibi ſicarius, hoſtis amicus.
103 868 641 898 Tam t bi Alexander diſpar, Gangetica diſpar,
102 897 595 927 Balanti quam Tigris oui; vitæ abſtulit iſte
103 929 644 956 Auctorem, quam tu miro veneratus amore es,
101 956 634 985 Vnde loco, atq; tibi decus immortale paraſti.
103 985 652 1015 Iſte ignominiam tot adhuc poſt ſecla recentem,
101 1015 536 1043 Et ſibi, pollutoq; loco veſanus inuſſit.
131 1044 630 1073 Hac HVRALTEViâtibi tu, caroq; parenti
105 1073 644 1102 Strux ſti longos manſurum nomen in annos
101 1103 664 1133 Alter Aleander, procerum, patriæque voluptas,
720 1132 768 1156 Net
