872 1312
284 73 632 98 GERM.AVD. AVR.
133 110 653 140 Nec modica immodicæ pietatis ſigna dediſti
138 140 614 171 neæ pectus referens, ientemq; Seueri.
163 168 752 199 Dein centum inſpices cameras ſub rupe cauatas,
134 198 691 231 Quo ducunt humiles aditus, atque oſtia centum
139 228 669 258 Nec prætermittes opus admirabile quod nunc
136 256 653 286 Lucnlli pernibent piſeinam in viſcerecautis.
166 285 717 316 Perge viam, vt viſas dictum de nomine montem
140 314 648 343 Miſeni Aneæ comitis, magni ectoris ante
139 343 693 373 Penſilis hic imuons eſt totus, multiſque columnis,
136 372 662 403 Arcubus & multis ſufrultus, ad æthera tendit:
136 399 733 435 ui ſupe impoſita eſt turris, Pharos altera fulgens,
134 430 676 455 nde aces cæc nautas freta nocte ſecantes,
135 460 703 489 Vt rectum ſeqerentur iter claro igne monebant.
168 487 719 519 Fronte ſub aduersâ ſpectantur ab æquore clauſæ
136 516 704 547 t Prochyta, Inarimeq; ardenti impoſta Typhœo,
136 546 694 577 Hæc quod terra foret, quondam regnata doloſis,
137 575 617 605 Aſtutiſq;airis, fuit inſula Cercopithecum
137 603 637 631 Dicta Pithecuſæ, Graiâ, nunc Iſchia linguâ;
130 633 594 658 Dein vero neæ ſtatio tutiſſima claſſis,
135 661 607 688 &nariam fauſto tanti ducis omine fecit.
163 689 703 721 Miſenumq; inter, Cumarum & rudera, villam
135 719 630 750 Egregiam prudens habitauit Vaccia, Româ
133 750 652 779 Romanus ciuis contemptâ. quippe potentum
134 779 616 808 nuidiam fugiens, odiumq;, receſſit in alta
137 808 616 836 Otia Partheopes, atque illic viuere ſolus
131 837 631 865 Incipiens, faſiu procul, & popularibus auris,
133 865 730 894 Tranquille extremam permanſit ad vſq; ſenectam:
131 894 728 924 Non procerum arbitrio, non regum, ſed ſibi viuens,
131 924 597 953 Vt nunquam viſæ Veronæ ruſticus olim
129 953 520 981 icinus, vixit prælaticultor agelli.
161 981 706 1010 Iamq; adeunda tibi Euboicis habitata colonis,
128 1012 602 1041 Antiqua ante alias, & non ignara futuri,
128 1041 587 1070 Cumeæ oraclis vrbs nobilitata Sibyllæ:
121 1068 592 1098 Dicta vel ſluctu vicino, voce Pelaſgâ:
120 1098 640 1127 Vel prægnante nutus ſnuoſon littore viſa,
739 1128 804 1150 Cu-
