872 1312
305 73 649 96 ERM.AVD.AVR.
138 111 644 140 Quas Coryleta ferunt iſtis vberrima teriis.
169 138 695 168 Hæc regio abruptis eſt collibus vndique ſepta,
139 168 748 198 Campaniæ inter quos mons plurimus imminet vrbi
139 197 656 229 Quem Tifata vocant, Tifata aſperrima ſxis,
138 227 702 255 Arx primum poſita ad ripam cognominis amnis
139 254 719 284 Vulturnus dicta eſt, poſt Oſca, extructus ab Oſcis
139 284 689 314 Dux Phrygius Capys inde ſuo de nomine fecit,
138 314 663 343 Siue auis augurium Tuſco Capis ore vocatæ,
140 343 645 371 Seu campi vbertas, & rerum copia, ſeu quod
138 372 644 401 Ardua Campanas inter caput extulit vrbes:
139 401 670 430 Altera dicta olim Carthago, atq; altera Roma,
138 431 718 460 Vrbs Capua, Annibali Cannæ, decorumq; ſecuris,
140 460 701 489 Quæ Pœnam ad Cannas victorem victa ſubegit,
139 488 631 518 Oblitumq; ſui luxum inter ſubiuga miſit.
137 517 671 547 Atq, inuictum armis, armis ſine, callida vicit.
168 547 639 577 Quanta fuit, licet e vaſtis cenſere ruinis,
137 576 611 603 Ao ſi coniicias enormi ex oſſe Gigantem,
137 605 708 634 Aut ſolo immenſum ſpectato ex vngue Leonem,
139 634 698 663 Nunc proſtrata iacet proprioq; ſepulta ſepulero,
139 663 701 692 Nunc tenuis tanti vix vlla caaueris vmbra eſt.
169 693 704 721 Ecce nouam Capuam, Vulturni in litore flaui
139 721 675 751 Conſtructam, ignoto poſitoris nomine. at illa
138 751 687 779 Pulcra potenſq; licet, variaq; inſignis opum vi
140 780 718 809 Se tamen haud titulis merito mage iactitat vllis,
138 810 686 838 Quam pia quod clari tumulo tegat oſſa Rodophi
137 838 652 868 Huralti, meritis vltro quem condidit hoſtis,
138 867 654 895 Dein Nati pietas patrio inſtaurauit honori,
137 896 680 924 Dum factis ſuperare genus contendit auitum,
140 927 689 954 Gentis & æternum virtutem extendit in æuum.
167 954 746 982 Adſpice Vulturni Caſilinum ad fluminis vndam,
136 983 623 1007 Ceſſit vbi fauſto factum memorabile caſu
138 1014 691 1043 Attonito Annibali: cupidi penetrare Caſinum.
136 1043 567 1071 Ignoroq; viæ recta quæ duceret iſluc.
136 1071 623 1100 Qni poſtquam læuo captus cogmine vocis
136 1099 688 1132 Affinis, dum ſolum agitat, verſatq; Caſinum,
740 1123 815 1159 aui
