872 1312
285 81 656 106 GERM. AD.AVR.
130 92 178 112 4
830 115 870 152 j
131 118 635 152 Nunc longi ductus veſtigia pauca ſuperſunt.
135 146 725 175 Gallus & in Latio eſt fluuius, ſunt & Corybantes,
830 167 870 192 i
131 177 678 211 Nec procul a omâ magnæ ſunt feſta parentis:
131 208 634 237 Almo ſacerdotes Phtgio pia more colentes
133 235 663 265 Sacra Deûm nmatris, cultrosq; vulnera lauit:
134 267 607 294 Claudia Veſtali falſi rea criminis, ex quo
135 296 611 327 Effugit dubiam Veſtâ ſub iudice pœnam:
134 320 731 353 Diuæ etenim adſpiciens ſimulacrum hærere vadoſo
832 351 870 373 Ii
136 352 644 383 Tibridis in greno nec vi vlla poſſe moueri:
831 377 870 411 c
136 382 617 413 Extemplo onâ vinctam ceu fune carinam
831 413 870 438 u
136 411 640 443 Vectricem Cybeles nullo ſudore ſequentem
136 441 632 472 Virgineos palus, Almonis duxit ad udam:
138 470 617 500 Seruati referens ſigna incorrupea pudoris
137 495 724 530 Et quiſquom hæc fieri eredat ſine numine Dium?
168 528 665 559 Appia quæ nunc eſt, ant quis porta Capena
138 556 726 586 Dicta eſt, Campanos Româ quæ ducit ad agros;
139 584 701 614 Deinde Triumphalis. namq, illam ſæpe ſubibat
138 614 617 645 Veſte triumphali Capitolia celſa petentes
138 641 682 675 Imgredere hanc, quâ tu fueras egreſſus ab vbe
140 673 656 704 En tandem magnæ ſ ptena cacumina Romæ
142 701 663 733 Hic ſiſtendus equus, fuitantia contrahe lora:
828 704 870 726 I
142 730 663 763 Namq; reuiſend i ſummo cum Præſule Patres,
843 732 870 753 S
171 760 662 791 Iam peragrata tbi Tuſcæ ſunt oppida terræ
141 790 690 820 Cum Romam peteres ſimul & Tiburtia tempe-
142 821 645 846 At nunc Flaminiam ſit cura redire per oram,
824 818 870 841 s
142 847 662 877 Vt arios hominum ritus ſpeculeris, & vrbes,
174 876 654 908 Nota ſat eſt paruo vicina Bononia Rheno,
827 878 870 901 Su
142 908 676 935 Muſarum domus, & Graiæ, Latiæq; Camœnæ.
844 908 870 930 a
143 936 678 969 Quippe fuit nutrixſtudiorum blanda tuoram
843 936 870 965 u
144 966 581 996 Non ignota etiam latis Ferraria vicis:
823 996 869 1023 l
143 997 589 1020 Et nimium felix diuino Mantua vate
145 1024 654 1054 Nec minus ipſa ſuo Verona ſuperba Catull,
823 1025 869 1052 Q
842 1053 869 1079 a
146 1055 655 1084 Nec non Scaligeris, natoq; & patre, duobus.
174 1083 629 1114 Terna Antenoreæ ſubiiti mœnia ſedis,
843 1080 868 1105 ;
144 1113 641 1143 Communis q;, rei Veneæ iaaulaa& vrbis
842 1109 870 1145 Q
706 1130 825 1174 uſtat
