872 1312
311 69 648 96 GERM.AVo.AV.
2 72 196 105 . 2
175 106 608 139 Vix iter ingreſſis auditur Daulias ales
836 112 869 147 u
143 135 643 172 Fata gemens Ityli, frondosâ triſtis in vlmo;
145 162 692 202 Quæ mœſtas ter quinq; dies, noctesq; querelas
146 192 711 228 Innouet; & liquido cœlum modulamine replet,
147 224 617 257 Biſtonij teferens ſcclus execrabile Regis:
148 253 654 289 Imploransq; Deos, vindictam ciiminis orat,
149 280 673 314 Haud iutermiſſo penetrans ſuper ardua luctu.
180 309 737 346 Salue argutarum princeps Philomela volucrum:
153 340 686 377 Quale olim ceciniſſe ferunt te carmen in ore
150 368 680 401 teſichori, nunc tale mihi concede, canenti
151 397 707 433 Suaue melos, quod nectareo de gutture promis:
153 426 680 465 Quo mihi nunc permitte, tua pro laude potiri.
146 455 683 493 cquis enim niſi tute tui decus exprimat oris,
150 484 698 523 Innumeros numeros, & non imitabile carmen?
152 514 629 547 Sic, ſic nulla tibi noceat virga oblita viſco,
152 544 629 577 Incautam nec te laquei, nec retia fallant:
152 573 643 606 Dura nec implumes auellat dextera fœtus,
153 601 681 632 Ne nouus accedat veteri dolor. Eja age dignos
152 630 690 665 Da modulos, & quo, ſi non ades, ordine poſſim
152 661 759 694 Tantas vocis opes tenui adſimilare Camœna?
155 690 666 725 Copia namq; facit dubium: ſic anxius hæret
153 717 726 756 Qui denſa in ſilua quam primam vulneret vlmum
154 746 741 786 Quamve petat quercum multa inter robora nelcit.
184 778 656 814 Vocales inter longe admiranda volucres,
153 808 647 841 Regia progenies quondam Pandione nata,
152 834 696 868 Nunc auis; antiquos, quamuis mutata, dolores
154 864 659 896 Sentit, & adſiduo ſuſtollit ad æthera ueſtu.
184 895 630 930 Vnius agnoſcas oris diſcrimina mille,
152 921 747 954 Mille ſonos; nunc,ecce grauem, nune edit acutm,
152 951 869 989 Nunc plenum; nunc ad ſummum conſcendit abimo; I
152 982 751 1010 Nunc contr a ſummo ſnſim deſcendit ad imum,
152 1011 739 1040 Nunc mcdium tenes, ac ſccum ſubmurmurat ægra,
152 1042 557 1073 Ex inopinao triſti de corde petitos
153 1068 701 1104 Infuſcans gemitus: tum demum garrula fundit
153 1092 789 1130 Vibrantemintortum, crebrumiutentumq; ſonorem
745 1115 869 1155 ue
