<?xml version="1.0" encoding="UTF-8" standalone="no"?><PcGts xmlns="http://schema.primaresearch.org/PAGE/gts/pagecontent/2019-07-15" xmlns:xsi="http://www.w3.org/2001/XMLSchema-instance" xsi:schemaLocation="http://schema.primaresearch.org/PAGE/gts/pagecontent/2019-07-15 http://schema.primaresearch.org/PAGE/gts/pagecontent/2019-07-15/pagecontent.xsd"><Metadata><Creator/><Created>2022-04-07T16:39:37</Created><LastChange>1970-01-01T00:00:00</LastChange><Comments/></Metadata><Page imageFilename="0271.png" imageHeight="1312" imageWidth="872"><TextRegion id="r1" orientation="0.0" type="paragraph"><Coords points="1,1 870,1 870,1310 1,1310"/><TextLine id="l1"><Coords points="311,69 311,96 648,96 648,69"/><TextEquiv><Unicode/></TextEquiv><TextEquiv index="1"><Unicode>GERM.AVo.AV.</Unicode></TextEquiv></TextLine><TextLine id="l2"><Coords points="351,137 436,138 497,135 601,134 608,133 608,106 345,106 293,108 255,107 240,111 175,112 175,139 324,139"/><TextEquiv><Unicode/></TextEquiv><TextEquiv index="1"><Unicode>Vix iter ingreſſis auditur Daulias ales</Unicode></TextEquiv></TextLine><TextLine id="l3"><Coords points="344,168 634,163 643,162 643,135 497,136 436,139 351,138 268,143 201,145 143,143 143,172 262,172"/><TextEquiv><Unicode/></TextEquiv><TextEquiv index="1"><Unicode>Fata gemens Ityli, frondosâ triſtis in vlmo;</Unicode></TextEquiv></TextLine><TextLine id="l4"><Coords points="271,199 430,197 692,191 692,162 458,168 344,169 209,175 145,174 145,202 243,202"/><TextEquiv><Unicode/></TextEquiv><TextEquiv index="1"><Unicode>Quæ mœſtas ter quinq; dies, noctesq; querelas</Unicode></TextEquiv></TextLine><TextLine id="l5"><Coords points="557,222 649,222 658,223 663,226 711,226 711,192 271,200 229,204 146,204 146,228 370,228"/><TextEquiv><Unicode/></TextEquiv><TextEquiv index="1"><Unicode>Innouet; &amp; liquido cœlum modulamine replet,</Unicode></TextEquiv></TextLine><TextLine id="l6"><Coords points="307,255 377,256 442,253 565,252 617,250 617,224 521,224 491,226 312,229 211,233 147,232 147,257 294,257"/><TextEquiv><Unicode/></TextEquiv><TextEquiv index="1"><Unicode>Biſtonij teferens ſcclus execrabile Regis:</Unicode></TextEquiv></TextLine><TextLine id="l7"><Coords points="320,287 341,285 399,285 599,279 654,279 654,253 494,253 377,257 307,256 284,259 247,261 148,261 148,289 240,289"/><TextEquiv><Unicode/></TextEquiv><TextEquiv index="1"><Unicode>Imploransq; Deos, vindictam ciiminis orat,</Unicode></TextEquiv></TextLine><TextLine id="l8"><Coords points="518,310 673,308 673,280 599,280 449,285 341,286 320,288 241,289 221,291 149,291 149,314 409,314"/><TextEquiv><Unicode/></TextEquiv><TextEquiv index="1"><Unicode>Haud iutermiſſo penetrans ſuper ardua luctu.</Unicode></TextEquiv></TextLine><TextLine id="l9"><Coords points="394,343 559,339 698,338 710,340 737,340 737,309 518,311 377,316 298,317 240,320 180,320 180,346 337,346"/><TextEquiv><Unicode/></TextEquiv><TextEquiv index="1"><Unicode>Salue argutarum princeps Philomela volucrum:</Unicode></TextEquiv></TextLine><TextLine id="l10"><Coords points="577,367 686,368 686,340 559,340 394,344 337,347 297,347 271,349 153,349 153,377 243,377"/><TextEquiv><Unicode/></TextEquiv><TextEquiv index="1"><Unicode>Quale olim ceciniſſe ferunt te carmen in ore</Unicode></TextEquiv></TextLine><TextLine id="l11"><Coords points="505,398 680,396 680,369 577,368 203,379 150,378 150,401 440,401"/><TextEquiv><Unicode/></TextEquiv><TextEquiv index="1"><Unicode>teſichori, nunc tale mihi concede, canenti</Unicode></TextEquiv></TextLine><TextLine id="l12"><Coords points="575,426 707,425 707,397 505,399 284,407 151,408 151,433 359,433"/><TextEquiv><Unicode/></TextEquiv><TextEquiv index="1"><Unicode>Suaue melos, quod nectareo de gutture promis:</Unicode></TextEquiv></TextLine><TextLine id="l13"><Coords points="300,463 361,463 378,461 487,459 535,456 680,454 680,426 575,427 507,430 468,430 444,432 360,433 328,435 261,435 188,438 153,437 153,464 250,465"/><TextEquiv><Unicode/></TextEquiv><TextEquiv index="1"><Unicode>Quo mihi nunc permitte, tua pro laude potiri.</Unicode></TextEquiv></TextLine><TextLine id="l14"><Coords points="386,490 407,488 479,487 579,483 683,482 683,455 535,457 487,460 378,462 361,464 300,464 250,466 146,465 146,493 243,493"/><TextEquiv><Unicode/></TextEquiv><TextEquiv index="1"><Unicode>cquis enim niſi tute tui decus exprimat oris,</Unicode></TextEquiv></TextLine><TextLine id="l15"><Coords points="285,520 410,519 459,516 498,516 562,513 656,513 665,515 681,515 685,517 698,517 698,484 579,484 479,488 407,489 386,491 244,493 211,495 150,495 150,523 206,523"/><TextEquiv><Unicode/></TextEquiv><TextEquiv index="1"><Unicode>Innumeros numeros, &amp; non imitabile carmen?</Unicode></TextEquiv></TextLine><TextLine id="l16"><Coords points="567,542 629,542 629,514 521,515 498,517 459,517 366,521 285,521 206,524 152,523 152,547 445,547"/><TextEquiv><Unicode/></TextEquiv><TextEquiv index="1"><Unicode>Sic, ſic nulla tibi noceat virga oblita viſco,</Unicode></TextEquiv></TextLine><TextLine id="l17"><Coords points="516,573 629,572 629,544 531,544 404,549 264,551 227,553 152,553 152,577 430,577"/><TextEquiv><Unicode/></TextEquiv><TextEquiv index="1"><Unicode>Incautam nec te laquei, nec retia fallant:</Unicode></TextEquiv></TextLine><TextLine id="l18"><Coords points="495,602 643,600 643,573 516,574 431,577 414,579 283,580 244,582 152,582 152,606 392,606"/><TextEquiv><Unicode/></TextEquiv><TextEquiv index="1"><Unicode>Dura nec implumes auellat dextera fœtus,</Unicode></TextEquiv></TextLine><TextLine id="l19"><Coords points="681,629 681,601 537,602 281,610 153,610 153,632 536,632"/><TextEquiv><Unicode/></TextEquiv><TextEquiv index="1"><Unicode>Ne nouus accedat veteri dolor. Eja age dignos</Unicode></TextEquiv></TextLine><TextLine id="l20"><Coords points="533,660 690,658 690,630 488,633 397,637 271,638 227,640 152,639 152,665 404,665"/><TextEquiv><Unicode/></TextEquiv><TextEquiv index="1"><Unicode>Da modulos, &amp; quo, ſi non ades, ordine poſſim</Unicode></TextEquiv></TextLine><TextLine id="l21"><Coords points="576,689 692,688 692,661 533,661 335,668 266,668 206,670 152,668 152,694 401,694"/><TextEquiv><Unicode/></TextEquiv><TextEquiv index="1"><Unicode>Tantas vocis opes tenui adſimilare Camœna?</Unicode></TextEquiv></TextLine><TextLine id="l22"><Coords points="353,723 500,719 666,717 666,690 576,690 295,698 155,699 155,725 329,725"/><TextEquiv><Unicode/></TextEquiv><TextEquiv index="1"><Unicode>Copia namq; facit dubium: ſic anxius hæret</Unicode></TextEquiv></TextLine><TextLine id="l23"><Coords points="395,751 441,751 512,748 726,745 726,717 500,720 353,724 329,726 236,726 198,728 153,727 153,756 220,756"/><TextEquiv><Unicode/></TextEquiv><TextEquiv index="1"><Unicode>Qui denſa in ſilua quam primam vulneret vlmum</Unicode></TextEquiv></TextLine><TextLine id="l24"><Coords points="211,784 280,784 586,776 689,776 695,779 741,780 741,746 512,749 441,752 154,758 154,786 186,786"/><TextEquiv><Unicode/></TextEquiv><TextEquiv index="1"><Unicode>Quamve petat quercum multa inter robora nelcit.</Unicode></TextEquiv></TextLine><TextLine id="l25"><Coords points="335,811 384,811 444,808 656,806 656,778 481,779 326,784 211,785 184,787 184,813 241,814"/><TextEquiv><Unicode/></TextEquiv><TextEquiv index="1"><Unicode>Vocales inter longe admiranda volucres,</Unicode></TextEquiv></TextLine><TextLine id="l26"><Coords points="424,837 647,834 647,808 499,808 241,815 195,815 153,813 153,841 300,841"/><TextEquiv><Unicode/></TextEquiv><TextEquiv index="1"><Unicode>Regia progenies quondam Pandione nata,</Unicode></TextEquiv></TextLine><TextLine id="l27"><Coords points="413,866 456,865 696,862 696,834 424,838 392,840 301,841 278,843 152,842 152,868 398,868"/><TextEquiv><Unicode/></TextEquiv><TextEquiv index="1"><Unicode>Nunc auis; antiquos, quamuis mutata, dolores</Unicode></TextEquiv></TextLine><TextLine id="l28"><Coords points="659,864 456,866 413,867 398,869 287,870 249,872 154,872 154,896 444,896 524,894 633,894 637,896 659,896"/><TextEquiv><Unicode/></TextEquiv><TextEquiv index="1"><Unicode>Sentit, &amp; adſiduo ſuſtollit ad æthera ueſtu.</Unicode></TextEquiv></TextLine><TextLine id="l29"><Coords points="369,926 630,923 630,895 445,896 250,902 184,901 184,927 220,930 279,930"/><TextEquiv><Unicode/></TextEquiv><TextEquiv index="1"><Unicode>Vnius agnoſcas oris diſcrimina mille,</Unicode></TextEquiv></TextLine><TextLine id="l30"><Coords points="747,950 747,921 660,921 656,923 640,924 544,924 369,927 279,931 220,931 188,928 152,928 152,954 482,954"/><TextEquiv><Unicode/></TextEquiv><TextEquiv index="1"><Unicode>Mille ſonos; nunc,ecce grauem, nune edit acutm,</Unicode></TextEquiv></TextLine><TextLine id="l31"><Coords points="786,951 483,954 365,956 327,958 250,958 210,960 152,959 152,987 235,988 363,984 431,984 465,982 736,980 743,981 746,983 786,983"/><TextEquiv><Unicode/></TextEquiv><TextEquiv index="1"><Unicode>Nunc plenum; nunc ad ſummum conſcendit abimo; I</Unicode></TextEquiv></TextLine><TextLine id="l32"><Coords points="751,984 746,984 743,982 539,982 465,983 431,985 316,986 235,989 152,988 152,1010 751,1010"/><TextEquiv><Unicode/></TextEquiv><TextEquiv index="1"><Unicode>Nunc contr a ſummo ſnſim deſcendit ad imum,</Unicode></TextEquiv></TextLine><TextLine id="l33"><Coords points="152,1011 152,1040 739,1040 739,1011"/><TextEquiv><Unicode/></TextEquiv><TextEquiv index="1"><Unicode>Nunc mcdium tenes, ac ſccum ſubmurmurat ægra,</Unicode></TextEquiv></TextLine><TextLine id="l34"><Coords points="557,1070 557,1042 363,1044 281,1047 152,1046 152,1073 363,1073"/><TextEquiv><Unicode/></TextEquiv><TextEquiv index="1"><Unicode>Ex inopinao triſti de corde petitos</Unicode></TextEquiv></TextLine><TextLine id="l35"><Coords points="341,1102 401,1102 450,1100 691,1098 701,1097 701,1068 604,1068 597,1070 576,1071 364,1073 247,1075 213,1077 153,1077 153,1104 308,1104"/><TextEquiv><Unicode/></TextEquiv><TextEquiv index="1"><Unicode>Infuſcans gemitus: tum demum garrula fundit</Unicode></TextEquiv></TextLine><TextLine id="l36"><Coords points="713,1129 717,1127 743,1124 788,1123 789,1092 760,1092 754,1096 749,1097 718,1097 663,1100 450,1101 265,1106 153,1105 153,1130 695,1130"/><TextEquiv><Unicode/></TextEquiv><TextEquiv index="1"><Unicode>Vibrantemintortum, crebrumiutentumq; ſonorem</Unicode></TextEquiv></TextLine><TextLine id="l37"><Coords points="813,1123 745,1125 745,1155 813,1155"/><TextEquiv><Unicode/></TextEquiv><TextEquiv index="1"><Unicode>ue</Unicode></TextEquiv></TextLine><TextEquiv><Unicode/></TextEquiv></TextRegion></Page></PcGts>