872 1312
247 65 541 89 PARTHENOPE.
36 102 635 133 Stagna refnſa, lacus patuli, vaſtæque paludes,
35 132 639 162 Littoraque Eridani Veneti, Clymeneſque puellæ.
73 163 701 193 Nos auium illefrequens cœtus mulcebat eunteis
33 193 566 223 Atque viæ ſpatium cantu fallente leuabat.
74 223 579 251 Iam roſea æthereos Aurora fugauerat ignes,
73 251 637 280 Auricomumque mari nitidus caput extulerat ſol,
31 280 596 309 Cum Phaetontei campos ſulcantibus amnis,
75 311 505 340 Alæuo cornu Phœbo Muſiſq; ſacrata
74 340 496 366 Oſtendit primum ſeſe Feriaria nobis,
32 368 648 398 Coctilibus muris cincta vndique: viſus vbi ingens
74 398 638 429 Mons hominum labor ingenti perfectus ab arte,
72 427 614 457 Molliter adſurgens qui plurimus incubat vtbi.
73 458 583 486 Mox oculos pauit ſpectata Calopſs amœna,
72 486 569 515 Eridani natat in medio quæ fuminis alueo
1 515 598 547 Inſtar nauis enim apparet, longæue triremis
31 543 709 572 Heſperidum haud cedens, culiis nec Adonidos hortis
133 575 625 601 Arboris in prati medio mirabere truncum
73 602 555 627 Obductum illunie, muſcoſo cortice vilem,
73 631 654 662 Vermibus in ſpeciem exeſum, fœtumque lacertis,
1 661 583 692 Fœdo turpantem vultu pulcherrima tempe;
72 690 625 719 Mille foraminibus tennem qui proiicit imbrem,
32 719 558 749 Atqe improuiſis conſpergit roribus ora,
32 748 638 778 Ota ſinuſq; ſimul ſpectantum vt inutile lignum.
74 779 667 808 Namq; opus hoc ex ære neges, manibus niſi tentes
76 808 525 836 Ars ade latet, artiſices vt fallere poſſit.
71 836 657 866 Pluribus incaſlum memorem quid ſingula verbis
38 867 612 897 Arua, nemus, vites, hortos, ædeſque ſuperbas,
2 896 634 952 ?
133 954 604 983 Sed mage ſuſpexi rarum decus Heroinæ,
74 983 528 1014 Qu ſata Gallorum Lodoico Rege, Renata
76 1014 636 1043 Nomine, vtrumq; refert clarâ virtute parentem:
1 1035 547 1073 Inſuper Aonii non gloria vltima cœtus.
75 1073 655 1098 Nempe nouem Graio trahit ex Helicone Sorores.
131 1100 744 1135 Addita queis orata chorum non degener ornat
654 1134 744 1163 Morats
