872 1312
255 60 558 85 PARTHENOPE
712 59 760 90 MD
36 85 582 128 Dictus luander generosâ ſtirpe creatus;
35 128 627 160 Clarus & ipſe ſua, & doctrrm luceparentum.
148 158 671 189 Abdita cauſarum. rerurnq; exquirere doctus,
33 181 604 219 Hic nobis enua auditus, qu quicquid acuti
93 215 570 247 Aſſerere intrepid Lenonis porticus auſa,
92 246 660 281 Ac quidquid ſemper duitans Academia dexit;
95 275 670 306 Quicquid & e minimis, quæ ſuut haud cota ſecari
94 305 597 335 Corporibus fieri magnum per inare coactis
94 335 584 365 Democritus finxit diſtringens omnia riſu.:
94 362 579 393 Et ſi quæ inſeuit doctis Epicurns in hortis
92 394 609 424 Aut quod Ariſtoteles celebri ſublime Lycæo
94 421 598 456 Diſſeruit ſpatians, facunda voce ducebat
94 452 609 480 Omnia, prima noi repetens exordia mundi,
92 481 615 511 Antiquumq; Chaos diſcretum fœdere certo.
93 511 572 541 Vt Deus ambitis diſeluſerit æquora terris,
92 540 557 570 Vt cœlo terras, vt rurſus ab aere cœlum,
30 559 619 600 Vt parte in ſummâ æternos ſuſpenderit ignes,
93 598 640 629 Lucentemq; globum Phœbes, & lampada Solis,
97 628 650 658 ampada non omni mirum tellure minorem.
96 655 631 687 Vt ſuper impoſitum geminis librauerit orbem
96 686 658 716 Verticibus, medium qui circumuoluitur axem,
1 706 688 758 Quinq; plagis ſciſſum, quibus eſt obnoxia tellus,
35 742 630 779 Sciſſa etiam totidem onis variantibus æſtu,
94 774 668 806 Aut glacie, aut pigro miſta cum frigore flammi.
152 804 657 835 Hinc Aponi calidis perfuſi corpora lymphis,
32 823 637 866 Scandimus Euganeos præclaro nomine montes
96 862 633 896 Quos raris decorant donis Bacchuſq; Paleſq;
33 891 616 924 Parte vna Bromius larg ſua munera promit,
96 922 557 952 Parte Pales aliâ veſtitos mollibus agnis,
34 949 583 980 Læta fouet colles ſpectans vernantia rura,
94 980 558 1011 Et teneras ſegetes, & latis prædia fundis.
152 1010 684 1046 Inde Antenoream Pataui remeauimus v:be
92 1037 581 1069 Hicq; dies aliquot ſociâ cum pube morati,
93 1066 590 1095 Sidera cum cœlo radiarent, ſoluimus oram
35 1096 571 1133 Medoaci crebro ferientes remige fluctus;
