872 1312
285 79 633 102 GERM. AVD. AVR.
118 116 645 145 Et tandem optatis Venetorum allabimur oris,
118 146 620 168 Luce nouâ ablatos rebus referente colores.
118 174 680 198 Funibus acta ratis tumulum tranſcendit in illum,
119 204 594 234 Qui dorſo dirimit ſalſas dulcibus vndas.
119 234 681 260 Nec mora. iam velis ſuperum tranauimus æquor:
119 261 663 291 Iam nautæ in placido demittunt carbaſa portu;
118 292 623 321 Iam patet vrbs medio diuinitus edita ponto.
179 319 696 348 Tendimus huc omnes variâ de patte profecti:
119 350 695 379 Vidi ego Sauromatas, Nomadas, pictoſq; Gelonos,
120 378 609 407 Criſpoſq; Lthiopas, fuſciq; coloris Iberos,
119 408 679 436 Armenios Medoſq;, bibunt qui Tigridis amnem,
119 436 627 466 Atq; cateruatim Gallorum accurrere turbam
120 466 650 494 Quoſcunque Auſoniis ſparſos retinebat in oris
120 495 595 523 Diſcendiue ardor, cultæ vel gratia linguæ,
120 524 581 553 Ingenti ſtudio ſpectacula tanta videndi,
121 553 653 583 Quorum Sequanici pars potat fluminis vndas,
120 584 679 611 Pars Araris, Rhodaniqne Pyreneique, Garuimnæ,
120 611 661 640 Pars Ligeris magni claram qui prænatat vrbem,
120 642 597 670 Atque tuas lambit, turrita Aurelia. muros.
120 671 567 700 Tetra beata loci genio cœloque ſalubri,
117 699 625 727 agentis Regni medium cor, & aurea ſedes.
120 727 654 757 Dulce mihi natale ſolum quod Nectate, & ipſâ
122 758 661 787 Cœleſti Ambroſiâ magno contendat Olympo:
117 788 614 816 Vt cui lerga Ceres plenis det munera palmis
120 816 681 844 Gargara poſtponens; & opes profundat Iacchus
119 845 628 870 Primas, & nulli aut vni ti i, Creta ſecundas.
123 874 653 903 Verum noſtra tuis haud mala Cydonia cedant,
119 903 663 933 Equibus exprimitur potuque ciboque Deorum
119 932 570 955 Nobilior ſuccus, & cannis ſuauior Idis.
179 961 681 990 Quid eferam illius portas, & ſtrata viarum
118 991 638 1020 Intra, extraque vtbem duris longiſſima ſaxis?
118 1020 666 1050 Nanque nec ipſa viis certet tibi Roma ſuperbis,
118 1049 667 1077 Non ſi Flaminia extet adhuc, non ſi Appia, non ſi
117 1078 657 1108 Nmilia, & plures longum quas abſtulit æuum.
117 1107 680 1141 atua loquor. rutilis cœlum ſplendoribus æquas
715 1139 777 1163 Clara
