872 1312
261 82 621 103 o RM.AVDAARR
120 118 664 146 Quem Regni magnâ rectorem in parte locaret,
119 146 566 174 Præficeretq; tuis felix Aurel:a habenis.
119 176 636 206 Quod poterat munus tribui præſtantius iſto?
117 206 669 235 Fallar ego : ecce tibi lumen ſuperadditur ingens.
179 235 679 264 Gallotum Cybele mater tecunda Deorum
120 262 621 293 Conſpicuam claramq; ſuo te lumine reddt
117 292 652 319 Dux tua, præſenti commiſſam numine ſeruans
120 321 598 347 Vt tuus exſorti titulus cumuletur hunore,
119 351 640 378 Nullaq; laus noſtro tecum contendat in orbe.
177 379 699 409 At quo tranſuerſum me per loca deuia dulcis
118 410 715 441 Raptat amor patriæ? tempus iam ſiſtere curſum.
117 437 613 469 Deſine cœpta ſequi, fine:mq; impone iabori
117 466 606 496 Muſa tuc: dictis ſemper maiora ſuperſunt.
174 525 676 556 Hæe dum ſollicitâ luſtrarem ſingula mente
118 554 677 586 Turba frequens aderat mecum pariterq; notabat
119 585 604 612 Omnia, quæ ſolus tenni conclucreverſu
116 612 633 643 Auſus ego: cum Mars furialibus impius auſis
117 642 601 673 Funera funeribus paſſim, prædaſq; rapinis,
116 670 650 696 Exſcidia exſcidiis cumulans incendia flammis
118 700 591 730 Gallica diſcordi miſceret regna tumultu,
835 694 870 725 I
118 730 627 760 Armaretq; truces cognata in prælia dextras;
174 759 649 787 Ipſe inter gemitus, & lamentabile fatum,
2 768 41 792 I
116 787 540 818 Triſtia ciuilis fallebam tempora belli,
115 817 642 848 Carmine communem patriæ ſolatus Erynnin,
116 846 718 875 Speq;, bonâ miſeram ſortem, & mea damna leuabam,
226 877 673 909 Ad Scuolam Sammarthanum. de poematis
401 909 486 934 eiuſdem.
113 933 635 963 Ambiguam faciunt palmam tua Galla Latinis
144 965 603 990 Sammarthane tuis carmina carminibus,
115 992 589 1020 Et tua nil Gallæ cedit Romana Camœnæ
141 1021 539 1056 Muſa, nec æqualiſuſtinet ire gradu.
114 1050 718 1083 Hæc ſiquidem magnum rediuiuâ mente Maronem;
141 1080 652 1110 Ronſardum ingentem nec minus illa refert.
112 1110 659 1147 orum maior uter, vel vter minor? Ipſe ſibi par
685 1144 775 1179 Ronſar-
