872 1312
226 62 690 94 ADSAMARTIANVM. s
135 98 529 129 Ronſardus ſoli eſt, virgiliuſq; ſibi
107 129 618 160 Ecquis erit iudex tantorum? Cynthius ipſe
140 159 590 186 Cui potius primas deferat, in dubio eſt.
110 188 648 219 Si minor eſt neuter, ſi neuter maor habendus;
140 219 575 247 Nec tu te maior, nec minor eſſe potes.
112 247 626 279 Quin potius tu te maior, tu te quoque vincis
139 277 590 308 Et Latia & Galla, Scæuola magne, lyrâ.
380 309 509 334 Ad eundem.
109 334 649 365 Vt rigidum magnes perhibetur ducere ferrum;
136 364 574 394 Vtq; leues paleas ſuecina gutta trahit:
109 393 638 424 Viribus occuitis geminas his vergit ad Arctos;
135 423 649 455 Tendit in oppoſitum nec minus illa polum.
106 451 575 482 Sic quoq; diuerſas in partes me tua Sren
137 481 556 512 Allicit, & gemino qua libet ora rapit.
102 510 657 543 In Latium e Celtis tacitâ me vi modo transfert,
134 541 583 572 ELatio ad Celtas me modo rurſus agit.
93 566 712 601 Credo equidem, nec vana fides; me ponet Athenis,
100 599 537 629 Vt magus, Actæo ſi velit ore loqui.
93 627 712 668 rgo mihi es magnes; ego ſum tibi Scæuola, ferrum
132 657 600 688 Ergo mihi electrum es; ſumq; tibi palea.
101 686 639 715 Dii facerent vtinam fieret mihi tanta facultas,
130 715 572 744 Tu qui alios ducis, iam raperere mihi.
99 743 618 776 Magnetiq; eſſem magnes, ſeptemq; Triones
128 773 566 804 Efficerem adſpiceres de propiore loco.
99 803 585 833 Sic qui me cepit caperetur, ſic ego victor
128 833 577 863 Vincrer & victus victor vterq; foret.
393 865 466 886 Eidem.
98 890 588 921 Non ita Francigenas facundo allicus ore
128 922 592 953 Traxerat Alcides, vt tua ſcripta trahunt.
97 949 580 979 Nec tam Romanos exuſta Scæuola dextrâ
125 980 621 1010 Iuuerat; incolumis quam tua dextra iuuat,
98 1008 587 1039 Nempe ablaturas ſparſit ſua dicta per auras
123 1037 546 1070 Alcides, freno non retinente fugam:
93 1066 625 1100 Attua frenatis, dum Gallica lingua manebit,
124 1095 546 1126 Herebunt chartis verba retenta ſuis.
675 1127 768 1162 Magua-
