872 1312
265 73 620 94 GERM. AVD.AVR
114 81 156 101 ss
114 109 653 139 Magnanimus ſpreto dum Mutius igne peruſſit,
144 139 588 169 Deccptm dextram; profuit illa ſemel.
1 148 591 202 Sedtua in ætetnum. nec lois illatatinis
144 198 645 227 Proderit, aſt Orbi, Scæuola, ſalua manus.
243 227 646 254 Ad Nicolaum Filium, v eum altaliâ
392 262 515 277 reocares.
2 261 39 283 .i
116 283 661 315 Am niue candenti caput mſicit ægra ſenectus;
117 313 646 344 Verſaq; in argentum eſt aurea barba mihi.
116 341 648 373 Frons, facieſq; cauis iam finditur aſpera fulcis;
146 372 552 401 Iam ſimilis buxo pallor in ore ſedet
117 401 658 431 Adducenſq; cutem macies vultum arida turpat,
148 432 618 460 Ac velut impreſſo concauat vngue genas.
118 460 632 482 Crebra veternoſam tentant obliuua metem,
146 486 633 517 Vt plerumque mei vix meminiſſe queam.
115 517 592 545 Emeriti ſumpſere oculi cryſtaſlina dudum
147 544 625 574 Auxilia: & cum oculis tardior auris hebet.
118 574 634 602 Nunc minor olfactus, nariſq, obtuſior eſt vis,
145 602 630 633 Fundit odoriferas quando alabaſter opes.
117 631 690 656 Priſtina orexis abeſt: nunc lauta obſonia ſordent;
146 662 550 692 Nunc faſtiditus creſcit in ore cibus.
2 691 38 710 I
117 692 608 719 Nune laxata cutis tenſos in gutture neruos
146 719 580 749 Prodit: &, vt palear pendula tota fluit.
116 749 591 779 Robuſtiq; olim nunc iam cecidere lacerti,
146 779 558 807 Siccaq; rugosâ brachia pelle rigent.
115 806 635 835 Nunc, qui pollebant digiti cum pollice firmo,
143 836 692 865 Torpent: & tremula eſt vtraque noſtra manus.
115 864 604 895 Laſſa ſub exili, & male fulto cruribus ægris
146 895 619 924 Cotpore genua labant, deficiuntq; pedes.
115 924 632 953 Haud aliter ſubitam minitantur feſſa ruinam
142 953 566 976 Fundamenta domus, deficiente baſi.
115 982 661 1011 Vana breuem turbant inſomnia ſæpe quietem,
145 1011 619 1039 Cum vaga mens falſis horret imaginibus.
117 1041 638 1068 Sic requies, nobis labor eſt: mala ſuſtulit ætas
147 1069 669 1098 Tot bona, quot quondam ver iuuenile dedit.
116 1098 692 1129 Deniquequid ſenio ſucreſt, ricentulus utſim;
694 1129 774 1160 Et m
