872 1312
216 63 594 88 ADFILIVMELEG.
728 68 766 88 ess
120 102 572 130 Et mutilas voces blæſula lingua ſonet:
31 124 585 158 Numquid vt affectis vitales follibus auras
124 160 613 193 Cor tralat: & quatiat tuſſis anhela caput?
92 190 629 219 Numquid vt innaris tumeat veſica lapillis,
123 221 559 247 Et giauidos renes calculus vrat atrux?
94 249 647 279 Numquid vt incuruo ſtupeant in corpore nerui,
123 279 570 307 Et tremulis cogant artubus ire ſenem?
92 306 584 338 Firmuſue inſirmos ſuſteutet Scipio greſſus,
123 337 643 367 Atque tripes reptem, for te etiam quadrupes?
92 366 699 396 Ac tandem. Oedipodis ſublato ænigmate monſtrum
120 395 506 426 Biſq; puer fiam, bis rationis inops.
33 422 597 455 Vel lenta articulos nodet pituita tumentes,
119 456 629 486 Corpulque, vt truncus, non moueatur iners,
87 484 627 516 Lumine quod caſſum dicas, viuumq; cadauer;
117 512 627 543 Vſque adeoafſinis vitaq; im orſq; ſenum eſt:
88 543 534 570 Vel quartana febris Sarurni filia vexet,
118 572 526 601 Hydropſue a ſſiduis inſatiatus aquis.
86 600 623 631 Vel fortis premat obſtructos apoplexia ſenſus,
116 630 608 657 Atq; animæ obſeſſam claudat acuta viam.
27 659 601 691 Indomitoue tenax fibras edat vlcere Cancer,
118 690 597 718 Quem tumidum ſatius non tetigiſſe fuit.
86 718 593 742 Sed cur viuacem ſolitum infeſtare ſenectam
116 747 621 779 Hic ego morborum proſequar omne genus,
35 774 652 808 Quos late infauſtum ſparſit Pandora per orbem.
115 807 533 837 Reſtibili mandans ſemina dira ſolo?
84 835 596 866 En ferme exhauſto minuuntur fomite vires,
114 866 578 896 Atq; aliquid noſtri quælibet hora metit.
30 894 608 926 Deſicio ſenſim, conſumpto vt lhnus oliuo,
116 925 574 954 Qui dubiâ minimo tempore luce caret.
84 954 611 984 Hora ſuprema fores pulſat, prænuntia Mortis,
112 983 620 1013 Exſpectatque ſuum cymba Charontis onus.
81 1012 671 1045 Fruſtra: namque anima alta petens eludet inane
110 1043 524 1073 Et colet æthereas libera facta plaas.
80 1071 688 1105 Quorium hæc? vt tu, cui viridis vernanſque iuuenta,
106 1102 533 1135 Corpois & vis eſt, ingeniique vigor,
642 1137 747 1168 Impoſito
