872 1312
71 162 631 194 Pube tenus pelago exſtantes, formaq; colentes
71 190 645 223 Comenteſq; comas ſpeculo reddente figuram.
72 276 709 312 onigenum ſtudia& mores, geniumq: natantum,
145 221 730 252 Dulcis aquæ populos, & amari monſtra profundi,
87 248 617 278 Hadriacos propero fluctus tranſmittere curſu
71 309 617 341 Quin & amiciias, odiumque, ac prœlia diſco,
72 336 557 364 Et pugnæ variis occultas faudibus artes.
143 366 673 397 Diſco benignorum fundatam numine Diuum
72 386 611 427 Propitio; poſiramque aſtris felicibus vrbem.
86 426 581 454 Omniaque inuenio rebus concordia verba,
72 455 655 485 Et numeros numeris perfectos omnibus omnes,
72 482 658 514 Ore, ſono, atque habitu referentes cuncta decenti.
82 514 650 546 Si mora tarda nocet, rapido properat pede verſus,
72 544 615 575 Præpetibuſque, velut Iouis armiger, vtitut alis.
72 574 597 604 Si quando nautæ conſidunt ordine tranſtris
72 602 593 632 .quora verrentes; videas caneſcere fluctus
72 632 597 664 Agmine remorum celeri, nauemque volare
72 660 536 693 Ocius impulsâ neruo ſtridente ſagittâ.
72 689 688 721 Hinc freta verſa fremunt, & fracta remurmurat vnda.
139 720 648 752 Aut vbi concluſum trunco prorumpit aheno
71 748 608 781 Terrificum fulmen, cititus Iouis igne triſulco
80 779 644 812 Fertur: & horribili cœlum tonat omne fragore.
138 812 661 839 Vr ha ruunt etiam quando ruit Oceano nox,
79 837 695 868 Vel quum præcipitans caput occulit auricomum Sol,
72 867 544 898 l Et veſpertino feſſos lauit æquore currus.
137 897 647 931 At, cum res ingens agitur conamine magno,
72 926 610 958 Ipſa etiam ſegni incedunt tibi carmina paſſu,
80 956 612 984 Siue nouâ puppes tranſcendunt arte cacumen
71 984 613 1016 Oppoſiti montis, mare qui diſclndit ab amne
77 1016 525 1040 Interdum lento molimine ſubſidentes
71 1045 633 1076 Erepunt per humum, vix vi voluente cylindro-
75 1074 654 1104 anguida cum rebus pariter tum turba laborant.
135 1104 715 1137 Seu Chalyoem nudi exercent Cyclopes in antro.
672 1139 757 1168 Cycla
