872 1312
207 67 683 104 ass NICOLAAVDEBERTI
114 104 694 141 Cyclope, qui membra gerunt cœlo apta ferendo,
116 134 625 164 Pondera vi tollunt immanibus æqua lacertis
116 161 695 194 In numerum alterno candens vbi vulnere ferrum
118 191 667 225 Contundunt; vetſantq; tenaci forcipe maſſam:
118 222 640 257 Illa gemit, contuſa ſimul, ſimul ingemit incus
121 249 683 286 Sæpius: hinc crebris plangoribus aſſonat æther;
120 280 616 314 Cælumq; obtegiſur multa rutilante fauill.
179 309 726 340 Cum nimias anguſta iuuant res nomiaa cumq;
121 337 646 369 Immenſa enormes delectant, nmq; puſillos
123 367 673 397 Parua decent nanos: ingentia quæque Gigantes
124 397 600 428 Vaſtos; & vaſta ſurgentes mole Coloſſos,
124 426 647 460 Inſima de: r mis; & ſublimia tollis in altum:
126 456 759 485 Nunc humils repis; nunc vertice tangis iympum;
126 483 780 513 Nunc medium inter vtrumq, tenens extrema relinquis:
125 513 673 542 Mox tibi læta fluunt hlari quoq; carmin lapſu,
128 544 601 577 Sicubi lætitiæ Bacchus dator impleat ora.
126 571 703 606 Deniq; ſic varias habitumq;, ſonumq;, gradum q;
127 601 648 629 Omnes ts in facies vertens, vt Pruthea vincas.
188 630 631 657 Vulcani ſi forte acies immane furentis
128 662 622 694 Ingruere in Nauale timetur. protinus ece
129 690 623 719 Iam vicina oculis flagrare incendia cernas,
129 718 692 751 Summaq; tecta arcis flammâ crepitante cremari.
132 748 648 778 Sic, vt ſint mihi viſa geri, non carmine pangi
130 778 657 807 Manſura æternis mandas quæcumque libellis.
189 807 678 836 Ecce natatorum ſub aqua certamina ponis
131 834 735 866 Ante oculos, quæ non paruo cum murmure miſrent,
130 865 722 896 In mare demiſſam ob gemmam quæ diuidit aurum:
131 895 682 926 Tempore, quo Doris ſponſo Duce ducitur vor,
131 925 660 954 Et latet occultum iunctis ſub lintribus æquor.
193 952 722 985 Quin veros animas ſperanti in imagine vultus
132 983 662 1015 Horumq;, Ducumq; , quibus vel cedat Apelles,
132 1013 583 1042 Cuncta ſuis mirâ depicta coloribus arte
133 1042 679 1072 Exprimis, & vitam, caſſis quoq; lumine, reddis
194 1066 803 1101 Quattuor egregios memore, quos ſculpis ad vnguem
136 1101 785 1133 Quadrupedes; queis das motumqnignemq;, furoreque,
715 1131 804 1158 Et quo-
