872 1312
177 70 670 101 INPARENT. VENET a
67 109 627 137 Et quorum hinnitus tum pæne audimus acutos,
64 137 593 168 Cum placidæ ſtrati ceciderunt æquoris auræ?
64 167 582 193 Scilicet in cunctis nihil eſt, vel iudice Momo,
64 195 591 227 Quod rabidos timeat dentes liuoris iniqui.
127 226 577 256 Ofelix anima, & meliori fuſa metallo?
70 255 536 284 Spiranres viuo ſenſus dum incidis in ære,
55 286 478 323 q Perperuo viuax incideris altius æuo.
124 315 678 345 Quid tantæ admiranda vrois ſundamina dicam,
56 343 618 376 Quidue ſitum in medio poſi:um diuinitus aſtu
55 372 621 404 Equoris, atque inſtar cymbæ ſluitantis in alto?
56 403 619 436 Mœniaq;,, & portas nocteſqe, dieſq; patentes;
56 431 643 467 Prorſus inacceſſas tamen, atque ſine indice clauſas.
122 462 702 494 An referam tot ponticulos, torque ndique moles
56 491 589 520 Aggeribus ciuctas, pictos tot vbique phaſelos,
56 518 560 549 Templa, Ades plateas, aurata palatia turrim
56 546 540 581 Eductam cœlo, & cælatas arte columnas,
56 575 587 608 Theſaurumq; omnem, ſanct q; ſacraria rani
55 608 602 634 An ſtatuam auratam, clari Ducis ornaentum?
56 637 624 668 Indomitum fnrit acer equus cutſumq; minatur
57 667 508 695 Et rapiat. preſſis niſi olli ſiſtat habenis.
47 697 568 726 An Conſciiptorum conuiuia ſobria Patrum,
47 722 600 757 Mimoſque, & latis proſcenia plena cachinnis?
119 756 600 785 Naualis celebrem miracula tanta ſuperbi,
47 785 561 814 Atque imis incluſa adytis arcana recludam?
57 817 676 845 Omne quoque armorum genus, attificumquelaores
46 838 492 866 tii, Infinita ſimul belli tormenta cruenti.
47 872 532 906 Quinetiam rerum prudens abſtruſa ſagaci
47 902 505 933 Indagas animo naturæ arcane potentis,
50 932 593 963 Et cauſſas aperis multumque, dique latentes
47 960 617 993 Fulminis humani, tonitiuſque micaniis Oympi.
110 991 570 1021 Ilicet accenſâ tormentum fulgurat eſcâ
47 1018 586 1052 Pulueris igniflui totum qui incendit aceruum.
43 1050 617 1081 Namque vno ſubitum momento vcrſus in inem
39 1075 631 1115 nCreſcit in immenſum puluis, neque ſe caput intus;
39 1107 592 1145 us Sed velut indignans anguſto cacere claudi,
631 1142 715 1166 Trs
