872 1312
246 86 719 118 2s2NICOLAI VD .T
173 128 658 157 Totque artes varias, artificumque manus,
141 156 618 187 Ecce triumphales arcus, en ſtrata viarum,
173 186 638 216 Sudantes metas, atque trophœa Ducum,
141 214 612 244 Aerias & Pyramides, vaſtoſque Coloſſos
173 243 609 270 Pulſantes ſummo verſice regna Iouis.
143 268 724 304 Mille quoque inuenias ſpirantia marmora cœlo
175 301 593 332 Plenaque Apelleis atria imaginibus.
146 330 636 361 Nec procul vrbe etiam videas regalia tecta,
177 359 644 390 Hyppolyti Eſtenis. tecta habitanda Iou.
146 387 671 420 Iuxtaque Herculei mirandos Tiburis hortos.
179 420 549 449 Et Polycleteâ ſignapolita manu
150 450 698 478 Fonteſque innumeros, & aues exære, canoras
178 477 608 505 At ſubito viſa quæ reticent vpupi.
150 506 570 531 Iridis & varios aduerſo ſole colores;
182 535 611 565 Tritoniſque tubas & ſpeculi ſpeciem.
152 562 693 594 Eſt & fons, tonitru ſimulat qui fulmina belli,
183 593 650 622 Multiplici horrendos ore tonante ſonos.
152 620 729 652 Eſt quoque qui reſono labentis murmure lymphæ
184 652 640 674 Inſtrumenta refert muſica dulce melos.
155 681 688 711 Hic gelidas Anienis aquas cum Tibride cernes
188 710 704 736 Currere, & Auſonium diuidere amne ſolum.
157 739 638 770 Multaq; præterea, quæ vix includere verſu
187 768 657 796 Muſa ſinit: numeris hic tamen apta ſuis.
156 794 722 821 Roma vetus viden vt Tiberi contermina. nunc ſe
187 826 691 857 Translatæ ad Ligerim non putat eſſe parem?
159 854 761 885 Plura etenim quam quæ ſpectentur in vibe Quirin,
188 885 649 907 Hac viuâ in tabulâ Gallica Roma refert.
159 916 680 944 Scis Româ â Latiâ quid diſtet Gallica Roma?
188 945 635 972 Plus habet hæc vitæ plus habet illa viæ.
284 974 700 1003 In eſſigieo Steph. Paſi, ſiae manibus,
160 1002 592 1032 Ne fruſtra in tabulâ manum requiras.
160 1032 614 1060 En, vultum adſpicias: manum videbis.
439 1065 550 1083 In eandem.
165 1091 751 1120 Trunca manus, & trunca pedes tua cm ſit imago,
188 1119 597 1152 Vt nulli cedis, Terminus eſſe potes.
752 1148 818 1170 Adhus
