872 1312
215 77 593 100 INPARENT.ROM.
364 115 446 134 Adhuc.
78 141 671 172 Tntum quei caperet tam parua tabella patronum;
105 172 542 202 Cum totus toto non queat orbe capi?
352 203 465 223 De edem.
77 228 626 261 unca manus facies, innexaque pectore ſolo,
109 260 588 283 Tollendam e tabulâ denotat eſſe manum.
234 291 584 318 In Sccæool SSmarrbaiippeenata.
81 317 655 349 Et tua ſaga Chelys: ſaga eſt quoque ſilia Phœbi;
110 349 546 379 utat & homines, mutat & illa feras.
85 377 641 407 Cice, iudicum & mentem lapientibus aufert;
111 408 529 438 Et iubet immundæ terga ſubire ſuis.
76 436 666 467 Seotua docta Chelys, mentem clementibus addit
109 467 567 497 Dque feris homines, Palladis arte. facit.
349 498 476 518 Ad eundem.
81 524 604 550 Bland velut Siren dulcedine vocis ineſcans,
112 557 568 584 Aunorum animos allicit atque tenet:
80 577 638 611 Sic trahi, & tractas retinet rua Muſa legentum
114 614 547 644 Mentes, Pieridum dulcibus illecebris.
83 641 658 673 Illa quidem vt noceat male cautis ſubdola nautis
115 673 549 701 Et ſcopulo illiſ. s mergat in ima rates.
77 703 608 732 Sed tua qu proſit cupientibus ire per altum,
114 731 528 755 Ac Latii & Galli dorſa cauere maris.
84 760 552 790 Et tua per breuia & Syrtes, veſtigia poſſit
116 790 588 819 Tuta ſequi & portum tangete ſalua ratis.
85 820 567 848 Sic par, & diſpar dulcedo vtriuſq, canoris:
77 844 652 881 liQuandoquidem hæc vitæ cauſſa, ſed illa necis.
210 960 617 994 Epitaphis, Macrini coniugis.
80 994 589 1046 ALtera maternâ iacet heic Cornelia curâ:
149 1029 526 1056 aAltera coniugii Portia facta fide.
84 1058 593 1087 Altera Calliope. Charis altera; cara Gelonis
116 1088 475 1117 Macrini requies deliciæque ſui.
79 1110 568 1149 Cum Sigio Diti viſa eſſet gratior orphei
692 1149 760 1176 Eu-
