872 1312
370 83 553 106 IOANNIS
164 120 614 151 Eurydicæ, Lyricis vt magis apta modis;
137 150 653 182 Scilicet erepta eſt, quo dulce per ima ſonaret
171 180 671 210 Dum ſupero hanc Latiis vir canit axe modis.
142 208 642 239 Quam bene Dii ſuperi fato vigilaſtis in iſto
173 238 658 264 Hæc canit ad Manes; vir canit ad Supeross
145 267 635 292 Threicio melius modulatus vate; Gelonim
168 296 598 328 Ad Superos, vt non ſit peritura, vehit.
346 422 591 443 LEMOVICIS.
365 457 572 478 Auctor ad Lectorem.
132 485 710 542 Vnt ſua qui nimium mirantur amantque Poetæ
199 513 697 543 Carmina, vt in vulgus præproperata volent.
139 543 755 574 Scripta ſed vt nonum polienda premantur in annun,
170 572 617 596 Nos monuit doctis ars Venuſina modis
137 603 741 631 Certe ego credulus huic, operum nec amore mecrum
170 630 604 659 Captus, non ventis vVela ferenda dedi.
133 656 707 691 Præterquam ſi quid mihi Regum numine iuſſum,
166 689 595 719 Qurum maieſtas imperioſa mihi eſt.
137 718 611 745 Hæc ſtudioſa mei eum collegiſſe iuuentus
167 746 627 776 Nuper, & in prœlum mittere, dicta foret:
134 776 639 804 Adderet impreſſis & non impreſſa, manuque
167 805 648 834 Scripta, ſuis mendis iam mihi nota parum:
134 834 622 864 Ecce ego ne opprobrio ſiat ſua Muſa poetæ,
135 864 573 892 Vngue meo raſi prætereunte notas.
135 891 660 923 Quæ venient veſtras ſi non ingrata ſub aures,
165 921 669 951 Pars operiſque placet quantulacumque mei,
132 950 610 979 Condita quæ ſeruo maiora poemata vobis
161 979 623 1002 In lucem vt veniant, mox animoſus ero,
330 1010 585 1037 AdCarolum l. Regem.
132 1037 669 1066 Carole, crede Deo per ſomnum vera monenti;
160 1067 592 1095 Crede tui ſomni per mea verba notis:
131 1096 618 1126 Qualia Scipiades naratur & Annibal olim
133 1126 542 1161 ididlc; Alcides qualia viſa puers
747 1148 787 1173 oi
