872 1312
321 67 509 91 AVRATI.
72 104 572 139 Diuerſas ſpecies muliebri vtramque figurâ
106 134 625 166 irtutem, quæq; huic Diua repugnat iners.
72 163 612 196 Credibile eſt quorum tua virtus æmula creſcit
108 196 572 223 Virtuti, te horum fata videre virum.
72 223 590 256 Hæc quid ſigniſicent, Aurato crede docenti:
109 254 583 285 Fas ficta eſt Vati, fas quoque vera loqui.
72 283 605 312 Eſt Turtis cœlum. Deus eſt firmiſſima Turis,
111 317 534 346 Eſt Turris pietas vera Deique metus.
80 343 647 375 Hinc pete pra ſidium, certam rerumque ſalutem:
72 373 525 404 Hanc arcem regni, Carole, crede tui,
71 402 625 437 Euocat hinc quæ te mulier damnoſa Voluptas,
108 437 534 462 A cœlo ad terram te reuocare parat:
72 463 625 494 Arege ad populos, ab honeſto ad turpia rerum,
110 493 553 524 Ad probrum a clarâ nobilitate patrum.
72 518 624 555 Siſapis huic ne crede. dolo ſubit inuida: ſed fac
108 551 562 576 Damnoſæ damnet mens tua verba Deæ.
72 580 578 614 Sin minus, ad terram celsa delapſus ab arce
110 608 541 643 Et populo mixtus triſtia damna feres.
72 639 571 674 Arma, faces, cædes, & ſæuos ſæpe tumultus.
110 668 547 700 Hi ſunt inſultus quos tibi turba facit.
72 698 598 732 Inde referre pedem tutam ſuadebit in arcem
93 728 545 760 Fida comes Virtus, te melora docens.
79 755 599 791 Verbaque tunc populis ſolio ſublimis ab alto
108 788 482 819 Tu facies, regnis & potiere tuis.
72 813 617 850 Nam placidis populi motus compeſcere verbis,
108 849 566 880 Imperio regere eſt, te, tua regna, tuo.
240 874 575 902 Ad eundem. de bibliotecâ egia.
78 906 543 937 Et Ptolomæorum pallatia clara fuerunt,
108 936 493 962 Et Ptolomæeæ littora nota Phari:
76 962 629 999 Littora nocturnâ fulgente per æquora flammâ.
105 994 556 1028 Conſpicua, & longo proſpicienda mari.
76 1022 629 1059 Quæ, dubium per iter, nautis vice Sideris eſſent,
107 1055 554 1089 Et regerent gratâ nautica vela face.
78 1082 570 1116 Sed non ille vagis nautarum cuſibus ignis
106 1114 542 1141 Gratior in dubio dux erat ante freto,
684 1140 749 1166 Clat
