872 1312
359 81 545 104 IOANNIS
126 117 622 146 Clara Palatinâ qum quæ fulgebat ab arce,
158 147 595 169 Altera doctorum Bibliotheca Pharos:
126 176 671 205 Vnde per, innumeras diſperſa volumina terras,
157 206 508 234 Ingeniis nitidas exeruere faces
127 235 570 259 Illa ſed, vt rerum mortalia cetera, fato
157 263 673 293 Functa ſuo, Regum munera priſca iacent.
128 293 692 323 Nullaq; nuns Pharos eſt, euerſaq; culmina turtis,
158 323 551 350 Extinctiq; iacent & ſine luce foci.
129 352 630 380 Nec minus ipſa iacet, Muſæi nomine dicta,
160 381 562 403 Obruta cum libris Bibliotheca ſuis.
131 410 568 439 Sed pia regis aui Franciſci, Carole cura
160 439 583 468 Conquirens doctæ diruta ſaxa Phari,
130 468 622 497 Muſæumq; nouum Muſis ſacrauit & illis;
161 497 612 527 Fontis Aquæ bellæ rite dicauit aquans.
132 527 680 550 Cedat Alexandrina Pharo, Pharos inclita Gallæ.
161 555 566 578 Cedat Franciſco vis Ptolomæe tua.
131 585 675 613 Doctorum tua non habuit plus aula librorum:
159 613 653 642 Et plus doctorum noſtra habet aula vitum.
340 644 582 673 Detribus alliæ Solibus.
124 672 620 700 Prodigium fuerat tres olim cernere Soles,
163 702 561 729 Et nunquam terris ſors ea læta fuit.
133 728 644 758 Tres quoq; iam vidit læto non omine Soles
162 760 645 789 Gallia, tres Soles noxq; ſecuta triplex.
133 789 673 816 Nam cûm tres pariter præcedens viderit annus
161 820 597 846 Fratres, qui Solis triplicis inſtar erant;
132 847 625 876 Mox prior ex oculis abiit Sol fulgidus vnus
163 876 695 904 Henricus, ſua quem nunc procul Arctos habet.
131 906 638 934 Illius ex abitu Sol poſtmodo maximus alter
163 935 592 963 Carolus, heu, nuper tabidus occubuit.
130 963 657 992 Tertius & qui nunc ſupereſt, mœrore duorum
161 991 572 1016 Franciſcus faciem deficientis habet
132 1022 741 1050 Nox grauis hinc premeret Gallos; Catharina ſed vns
162 1053 635 1077 Lux micat vt Lunæ dum redit alma dies.
417 1083 525 1108 De eiſdem.
135 1109 607 1142 Gallia nuper erat gemino clariſſima Sole,
739 1146 792 1167 Dum
