872 1312
317 69 504 91 AVRA
713 68 758 94 q
116 104 607 135 Dum ſimul Henricus, Carolus eſtq; imul.
89 131 714 167 At poſtquam Henricus geminam migrauit ad Arcton;
120 166 558 194 Protinus e geminis Solibus alter abit.
91 195 617 225 Nec mora, qui manſit de Solibus ille duobus,
120 225 581 254 Languidus inq; dies fit magis inq; dies.
92 253 580 278 Donec ad extremum toto iam deficit orbe
96 282 611 312 Carolus, & Gallos nox tenebroſa premit.
93 313 604 343 Nunc licet æſtiuos anni terat orbita menſes,
124 343 563 365 Atra tamen Gallis eſſe videtur hiems.
95 372 606 402 At tu ſi redeas, Henrice, Polumq; relinquas,
126 402 537 431 Vt Sol cum ſpacium ſolſtitiale terit,
97 428 705 461 Sint quamuis tenebræ, ſit hiems licet horrida Cllis,
123 461 547 483 Mox erit æſtiuum te redeunte iubar.
832 477 869 527 I
323 490 532 520 ciuſdem argumenti.
96 520 618 551 Iupiter Herculeos mortalibus vt daret ortus,
126 549 518 579 Ex vnâ noctes fecit in orbe duas.
98 579 586 607 Sed penſata pari ſunt atra binoctia luce,
127 607 620 630 Cm nox naſcente eſt Hercule facta dies.
98 637 606 663 Pallor? an Alcides iam terris redditur alter?
833 632 870 668 I
128 666 667 695 Nam nox, heu, Gallos iam premit ecce duplex,
100 696 693 725 Qaid ni nunc premeret nox altera & altera Gallos,
132 725 614 755 Sol quibus alter obit nuper & alter abeſt:
101 754 623 785 Magna tæmen magnæ veniunt ſolatia noctis
131 785 598 815 Qali cum Alcides gentibus ottus erat.
103 813 598 837 Nam redit,Alcides Galli fortiſſimus olter,
133 842 615 870 Henricus fera qui robure monſtro dumet,
104 872 628 902 Sit tanti geminæ damum tibi, Gallia, luciss
133 903 552 933 Si damni merces Ierculis ortus erit.
351 933 523 960 De regii matre.
107 961 559 987 Olim cum cœli mol.s oneroſa labaret,
136 991 573 1020 Deficeretq; ſuo pondere victus Atlas;
1 1019 571 1056 Dcitur Alcides ſub tam fulſiſſe ruinam,
136 1050 584 1078 Excipiens hnmeris aſtra polumq; ſuis.
110 1078 615 1108 Sic quoq, cum Galli moles vaſliſſima regni,
135 1108 573 1140 Motte triura foret
690 1136 778 1161 Henri
