872 1312
366 74 574 96 IOANNIS
119 112 609 140 Henrici primum, Franciſci deinde ſecundi,
150 141 559 170 Poſtremoq; tuo Carole nunc obitu:
119 171 624 200 Viribus Herculcis regni Catharina labantis,
145 200 594 228 Fortiter excipiens non leue fulſit onus.
118 228 607 258 Quod ſi vir meruit cœli ſemel axe ferendo,
149 258 542 287 A cœlo ferri quod prius ipſe tulit:
116 287 633 317 Femina nonne tuis humeris tibi, Gallia, ferri
147 316 562 345 Promeruit, quæ te ter tulit ipſa ſuis?
325 348 577 374 Ad regem Henricum II.
117 374 566 401 Vult ſibi ſeruiri Deus & ſibi ſacra litari;
147 404 578 433 Præmia ſeruitio vult quoq; digna peti.
116 434 620 463 Nec qui ſeruierit quantumlibet atq; litarit,
145 464 595 491 Præmia dat cuiquam, ni prius illa petat.
117 492 616 520 Nam cum diceret ipſe? Petatis & accipietis,
147 520 523 549 Pulſte, & vobis ianua tota patet.
114 549 612 580 At tu, Henrice, Dei cum ſis rex regis imago;
143 579 517 600 In tibi deuotos vtere more Dei.
114 606 634 637 Atq; tibi atq; aliis iam quadraginta per annos
142 637 564 667 Præſtitit Auratus regibus obſequium.
114 666 638 696 Nunc petit obſequi ſibi debita præmia longi.
143 697 629 725 Cur petit hæc, quæris Pcur, niſi vt accipiat?
155 725 730 757 De veteris nouæ Rmæ ſtatui. ad rrggriium III. P.M.
333 757 539 783 cuius inſignia Draco.
112 783 642 816 Roge ſub infanti fuit infans oma, Remoque,
143 813 559 842 Et te educte feræ Romule lacte lupæ.
111 841 597 871 Pubeſcens virgas timuit ſæuaſque ſecures,
141 871 570 895 Prona libidinibus dum iuuenile calet.
111 900 563 931 Conſilii, matura æuo, ſub conſule cœpit
139 928 536 960 Eſſe capax, vires exſeruitque ſuas.
109 958 640 986 Venerat ad ſummum, nimiâ cum feſſa ſenectl
139 987 580 1019 Deliranſq; data eſt ſub iuga Cæſaribus.
106 1016 584 1049 Cæſaribus tandem iam deſipientibus ipſis
136 1045 537 1078 Mortua ſub ſagis eſt tumulata ſuis.
105 1074 652 1110 Prouida ſed Superum pietas miſerata ſepultam,
94 1104 537 1137 In vitam rurſus poſſe redire dedit:
691 1139 767 1173 Rutſus
