872 1312
302 59 492 82 AVRATI.
685 62 725 85 aps
85 94 579 125 Captas, non mirum eſt hunc tenuſſe diu.
22 119 615 162 Vos magis eſt mirum iam permiſiſſe reuerti,
90 154 478 184 Et veſtro auelli non vetuiſſ ſinu.
60 184 523 207 Et vetuiſſetis, credo, ſed certa voluntas
91 214 465 243 Illius ad patriæ tecta redire fuit.
28 234 643 273 Ille quidem pius, & ſenioris amore propinqui
89 274 534 303 In Scyrhica cupetet qui regione mori
62 303 548 333 neam pietas. pietas quoq; iiſi Vlyſſem
94 332 678 361 Subter humum, vt matrem hic viteret ille patre.
62 361 522 391 Te qoque Bellai Bellaii cura videndi
91 391 431 420 Apatri potnit iripu ſſe tuâ.
62 419 624 451 Gata ſeni pietas iuuenem ſpectare propinquum,
90 450 493 477 A pattiâ Romam ſe volu. ſle ſequi.
60 479 569 509 Nunc ſaris ofſicio factan, & genulis amori;
82 509 538 537 Et pietas numeros nunc habet iſta ſuos
62 537 552 567 Nunc tempus patriæ te iam ſeruire relictæ:
91 567 518 595 Lui quod ſ pereſt vendicet illa tui.
63 595 727 626 Tu quoque dulce puta. quod & ipſe putabat Vlyſſes,
73 625 517 655 Fumantes patriæ poſſe videre focos.
65 656 548 684 Ille moras habuit gratas; ſed aratius illis,
98 685 491 714 Se patriæ redueem reſtituiſſe fuit.
65 714 528 743 Omnia tentauit Circe, pariterq; Calpſo
33 742 525 773 Dilectum vt poſſent detinuiſſe vrum.
68 772 540 796 Omnia ſed fruſlra tentarunt: maluit eſſe
100 803 592 832 Ille vir in patiâ, quam procul inde Deus.
64 831 557 860 Immortalis eris dicebat amanda Calypſo,
95 861 532 891 Sic mecum vitæ quod tibi reſtat, ages.
65 891 591 920 Dixerat, & fruſtra tot dixerat illa frequenter.
96 920 522 948 Ille tamen miſere ſemper abire cupit.
68 949 571 979 Semper eo ſpectat quo ventos flare ferentes
99 980 496 1010 Adſpicit ad patrii littora grata ſoli.
66 1009 551 1039 Illuc reſpiciens, illuc ſua lumina flectens;
98 1039 453 1068 Plorabat totos flebilis ille dies.
68 1067 579 1097 Donec mota viri precibus miſerataq; fletus,
94 1097 575 1127 Nympha dedit victas in pia vota manus.
661 1128 732 1150 Dimi
