872 1312
383 65 601 87 IOANNIS
136 103 689 132 Dimiſitq, virum, quamuis inuita, volentem.
166 132 588 154 Et te inuita tui Rom remiſit amans.
138 160 712 191 Nunc vos erronem Bellaium admittite veſtrum,
168 191 597 220 Sequamides Nymphæ, Pariſiiq; chori
138 220 673 248 Ille dabit numeros veſtris, velut ante, ehoreis:
169 249 639 273 Illius ad ſolitos nembra mouete modos.
139 278 713 308 Non quia cum veteris Rom æ contendit honore,
168 308 563 337 Peligno certans verſibus ingenio;
139 338 587 365 Idcirco patria eſt oblitus carmina voce
169 365 623 395 Cantare, emeritus qualia cantat olor.
139 394 727 422 Vos ea nunc etiam, mihi credite, plectra iuuabunt,
172 424 647 454 Quæ tam iuuerunt hoc modulante prius?
140 453 647 483 Nunc quoq; Bellaii diſcentes carmina Galli
168 481 605 510 Hunc aliquid dicent addidiciſſe noui.
241 513 681 540 Ad aaimilianum II. mperatorem recens
434 548 522 561 creatm.
139 568 795 597 IMPERIOFACIES INPRIMIS DIGNA vetuſti
168 598 643 629 Eſt Tragici dictum, Porphyrique ſimul.
141 629 624 658 Gratior & pulcro veniens e corpore virtus
170 658 578 687 Quod ſit, Calliope Virgiliana canit.
139 687 682 715 Et Lacedæmonios nullum regem niſi pulcrum
168 715 544 744 Elegiſſe ſibi, pagina priſca docet.
140 746 645 774 Non igitur temere tu Cæſar, maxime rerum,
169 774 557 802 Veniſti frater fratris in Imperium
138 804 641 832 Imperii nam quæ laus & non vltima virtus,
167 833 615 861 Imperiis dignum forma decora probat,
137 860 665 892 Et formoſa Venus; formæ quia præſit, eamq;
169 890 634 918 Principibus donet, Martis ad atma ſatis.
139 920 647 949 Quale decus formæ dedit neæ, dedit vltro
171 949 592 978 Alcanio, neas cum fuit ipſe pater
138 978 683 1007 Et dedit ſonide, dedit & tibi pulcer Achille
135 1009 586 1038 Heroumq; aliis, teimpore cuique ſuo.
137 1036 667 1067 Imo decus formæ, Veneris quæ munere venit,
166 1067 598 1091 Vt verum Bacchus, diciturcſi: Venus.
135 1095 646 1124 Sed non illa Venus, cui nomen Græcia fccis
729 1127 803 1162 I-
