872 1312
339 78 563 101 IOANNIS
141 87 186 108 A
143 114 694 144 Mercurius celer eſt pedibus, pedibus celer es t,
176 143 600 173 Seu legatus eas, ſiue palæſtra placet.
145 173 678 201 Mercurius fert ſacra Iouis mandata per auras:
177 201 646 231 Tu mandata tui fers quoque ſacra Iouis.
146 231 625 259 Mercurius ſuperis eſt idem carus & imis:
178 259 572 288 Imis & ſummis gratia cura tua eſt.
147 287 631 319 Mercurio ſenſus agiles, facundia præſense
177 318 586 346 Facundo eſt agilis tenſus in ore tibi.
149 347 614 375 Mille die diuerſa negotia, nocte gerits
180 376 618 404 Mercurius: totidem nocte dieq; geris.
149 404 694 433 Mercurio ſua virga manu micat aurea ſemper
181 434 618 463 Aurea pro virgâ ſtat tibi penna manu.
151 463 625 491 Cetera Mercurio ſimilis, diuerſus es vno;
182 490 622 519 Quem, dicunt taci is fallere ſæpe dolis.
152 520 646 548 Nam neq; tu fallis, neq; tu mendacia dicis.
181 548 697 578 Hoc vnum eſt, quod non Mercuriale tibi eſt.
376 578 579 603 mori ſeruicndum,
151 606 696 636 Adſumptis vtinam tollamur in æthera pennis,
183 635 630 664 Quo vos non poſſint Cypria tela ſequi:
150 665 614 694 Fugit Agenoridæ tecta vt Gortiuia regis
182 694 605 721 Dædalus, aërium carpere doctus iter.
152 722 693 751 Aut cæcum Oceani tingamus fluctibus ignem,
182 752 678 780 Pectora ne tandem noſtra perurat Amor
154 781 654 805 Glaucus vt arcanæ mutatus viribus herbæ,
185 810 620 837 Sulcanit vitræi ſtagna profunda maris
151 837 666 865 Deductove ſolo manes penetremus adimos,
183 867 594 898 Vt ruit attonitis Amphiaraus equis.
152 895 722 925 Dira quidem ſunt hæc: ſed cum maora feramus,
180 924 592 954 Diſcemus firmâ mente minora pati.
152 954 748 983 Quid voueo demens? quamuis mea vota valerent,
188 984 623 1011 Nec raperent celeres irrita verba Noti;
151 1011 790 1042 Non tamen effugerem, cuncta improbus obſdet hoſtis
181 1039 613 1071 Eſſe meæ poſſent quæ loca tuta fugæ.
148 1069 627 1102 ollamur cœlo? rector ſtellantis Olvmpi
177 1098 599 1130 Scnſit cognatâ vulnera ſacta manu,
744 1131 855 1155 Cum
