872 1312
297 78 493 99 AVRATI
63 112 662 144 Cum grege primigero mergamur in æquora ponti?
107 143 560 172 Neptunus mediis non ſemel arſit aquis.
76 172 564 201 Viſamus vacuaſq; domos & inania regna:
107 202 630 232 Torruit vmbrarum flamma proterua patrem.
75 231 532 261 Exul agar fruſtrâ cœlo, terraq;, mariq;:
105 261 527 290 Notanimis vitans præpetis ama Dei.
77 290 643 318 Quid faciam? indomito flebo miſerandus Amori?
106 319 558 348 Supplicibus flecti neſcit Amor lacrimis.
75 349 575 374 Vt terror, clamor, cædes, & vulnera Martem
105 378 559 407 Plurimaq; in bello mortis imagoiuvat:
62 407 602 437 Sic ridet lacrimas Cythereius ales amantum;
104 437 544 466 Hæc quoq; ſopitas ſuſcitat vnda faces.
63 466 515 494 Immiti ſupereſt igitur ſeruire tyranno,
103 495 542 523 Accipere & victor quæ mihi iura dabit.
72 523 529 551 Liuebit grauibus ceruix inſueta catenis,
101 553 541 582 Arcebunt teneras vincula dura manus.
72 582 572 611 Ergo Cythereiâ complentur fercula pompâ
103 611 506 640 Sederit Aurato cum ferus axe puer.
73 640 628 670 Nam cur nos pudeat tanti partem eſſe triumphi,
102 669 525 699 Sic mare, ſi terras, aſtraq; victa trahit?
327 702 443 721 Ad Ocuos.
73 727 601 758 Ter Phœbus ſolito feſſos lauat æquore currus,
103 756 535 789 Ter ſoror in fuluis alba recurrit equis;
70 787 531 814 Aſſidue noſtros vexant inſomnia ſenſus,
101 817 522 846 Qualia ſub Pæno Regulus hoſte tulit.
72 846 538 876 Non dabitur curis farari poſſe quietem?
100 876 569 904 Languida nec veniet ſerus in oſſa ſopor?
63 903 574 933 Indignum eſt pœna lienæ pendere culpæ.
101 935 587 961 Nil ego commerui, lumina crimen habent,
63 961 621 991 , Nil ego commerui, vos lumina crimen habetis:
101 992 527 1023 Vos eſtis placdi fonsq; caputq; mali.
63 1018 534 1051 Nam ſimul hæſiſtis diuinæ capta figuræ,
99 1050 557 1079 Perſenſi in miſerum lapſa venena iccur.
68 1080 670 1117 Euomite hunc ſubito, male quam potaſtis Amorem;
89 1108 544 1141 Neinſontes artus pocula dira crement,
684 1143 730 1166 Fla-
