872 1312
340 81 562 107 IOANNIS
147 94 187 117 G
146 119 616 154 Flagrauit meliore rogo Tyrinthia virtus,
833 144 869 175 u
178 147 671 176 Oando in Theſſalico ſcandit in aſtra iugo-
150 177 688 211 Flete igitur, flendoque nocens diffundite virus:
179 207 661 236 Diſeite de lacrimis quam ſit amarus Amor.
149 235 686 265 Vix oculs hæc fatus eram, cim flebimus, aiunt;
178 266 590 294 Ibimus in triſtes vnus & alter aquas.
153 291 705 324 Si noſtram ob culpam te Cypria flamma perurit,
182 323 688 352 Præſentem fammæ mox feret humor opem.
150 349 706 385 Flete, inquam, domiti prodeſt quid fletus ocell?
181 382 608 410 Ni madeat lacrimis, atſerit igne caput.
831 409 870 443 t
347 414 569 439 Ad eginam matrem.
154 439 646 470 Cleſtis tibi mens, decor eſt cæleſtis in ore;
183 468 613 500 Cæleſte ingenium conſiliumq; ſimul.
1 473 47 505 .
153 498 622 527 Cleſtis tibi maieſtas, cæleſtis honotques
183 526 606 558 Cæleſtis pietas, candor, & integr itas.
154 555 626 585 Cæleſtis bonitas, clementia; deniq; virtus
181 584 604 613 Cætera cæleſtis, o Catharina, tibi eſt,
152 613 616 648 Iamq; ideo fueras vero digniſſima cœlo;
182 642 645 677 Idq; habeas, terris ni te opus eſſet adhuc.
153 672 689 704 Nam tua ni praſens prudentia regna gubernet,
181 702 582 732 Actum de regno, deq; ſalute foret.
151 730 563 759 Sed deſiderium cæli vt ſolere futuri,
181 759 610 788 Hunc Montem cœ i Dii tribuere tibi.
321 790 589 816 Ad D. Mariam laricam.
151 820 629 850 Virgo piis votis miracula clara precantum
179 846 686 880 Quæ facis, & clarum Clarica nomen habes
149 877 646 908 Henricus, quo non rex Francis atq; Polonis
180 906 609 935 Clrior, exaudi quæ tibi voca facit.
150 935 638 962 Clarus ille tibi fractas per bella feneſtras
178 964 584 990 De claro reficit, Clarica diua, vitro.
151 993 625 1024 Pro tantâ pietate, fac impetrabile votum;
180 1022 595 1050 Claræ ſit ſobolis clarus vt ipſe pater.
308 1052 600 1080 De Philippi Stroxa conflictu.
150 1080 678 1109 Strora ſuos cernens hoſtes horreſcere, primus
178 1109 658 1141 Concurram; exemplo forte ſequentur,ait.
763 1117 870 1160 A
