<?xml version="1.0" encoding="UTF-8" standalone="no"?><PcGts xmlns="http://schema.primaresearch.org/PAGE/gts/pagecontent/2019-07-15" xmlns:xsi="http://www.w3.org/2001/XMLSchema-instance" xsi:schemaLocation="http://schema.primaresearch.org/PAGE/gts/pagecontent/2019-07-15 http://schema.primaresearch.org/PAGE/gts/pagecontent/2019-07-15/pagecontent.xsd"><Metadata><Creator/><Created>2022-04-08T10:01:24</Created><LastChange>1970-01-01T00:00:00</LastChange><Comments/></Metadata><Page imageFilename="0303.png" imageHeight="1312" imageWidth="872"><TextRegion id="r1" orientation="0.0" type="paragraph"><Coords points="1,1 870,1 870,1310 1,1310"/><TextLine id="l1"><Coords points="340,81 340,107 562,107 562,81"/><TextEquiv><Unicode/></TextEquiv><TextEquiv index="1"><Unicode>IOANNIS</Unicode></TextEquiv></TextLine><TextLine id="l2"><Coords points="330,149 455,149 616,146 616,119 241,119 233,122 146,123 146,154 250,154"/><TextEquiv><Unicode/></TextEquiv><TextEquiv index="1"><Unicode>Flagrauit meliore rogo Tyrinthia virtus,</Unicode></TextEquiv></TextLine><TextLine id="l3"><Coords points="671,175 671,147 568,147 516,149 357,151 330,150 272,154 178,157 176,175 183,186 221,186 226,178 626,176"/><TextEquiv><Unicode/></TextEquiv><TextEquiv index="1"><Unicode>Oando in Theſſalico ſcandit in aſtra iugo-</Unicode></TextEquiv></TextLine><TextLine id="l4"><Coords points="329,209 406,209 441,207 688,204 688,177 512,177 437,180 308,181 233,184 227,189 183,189 177,187 173,183 160,182 153,178 150,178 150,211 293,211"/><TextEquiv><Unicode/></TextEquiv><TextEquiv index="1"><Unicode>Flete igitur, flendoque nocens diffundite virus:</Unicode></TextEquiv></TextLine><TextLine id="l5"><Coords points="528,234 659,234 661,233 661,207 498,207 406,210 329,210 227,214 179,214 179,236 469,236"/><TextEquiv><Unicode/></TextEquiv><TextEquiv index="1"><Unicode>Diſeite de lacrimis quam ſit amarus Amor.</Unicode></TextEquiv></TextLine><TextLine id="l6"><Coords points="686,235 528,235 419,237 391,239 276,241 245,244 149,243 149,265 457,265 550,263 633,263 637,265 686,265"/><TextEquiv><Unicode/></TextEquiv><TextEquiv index="1"><Unicode>Vix oculs hæc fatus eram, cim flebimus, aiunt;</Unicode></TextEquiv></TextLine><TextLine id="l7"><Coords points="178,266 178,294 590,294 590,266"/><TextEquiv><Unicode/></TextEquiv><TextEquiv index="1"><Unicode>Ibimus in triſtes vnus &amp; alter aquas.</Unicode></TextEquiv></TextLine><TextLine id="l8"><Coords points="512,322 618,320 705,321 705,291 629,291 537,294 415,295 266,299 224,302 153,302 153,324 478,324"/><TextEquiv><Unicode/></TextEquiv><TextEquiv index="1"><Unicode>Si noſtram ob culpam te Cypria flamma perurit,</Unicode></TextEquiv></TextLine><TextLine id="l9"><Coords points="538,350 688,348 688,323 512,323 478,325 405,325 282,328 223,331 182,331 182,352 490,352"/><TextEquiv><Unicode/></TextEquiv><TextEquiv index="1"><Unicode>Præſentem fammæ mox feret humor opem.</Unicode></TextEquiv></TextLine><TextLine id="l10"><Coords points="332,383 406,383 443,381 562,380 609,378 651,378 660,383 706,382 706,349 351,355 235,360 150,358 150,385 305,385"/><TextEquiv><Unicode/></TextEquiv><TextEquiv index="1"><Unicode>Flete, inquam, domiti prodeſt quid fletus ocell?</Unicode></TextEquiv></TextLine><TextLine id="l11"><Coords points="608,409 608,382 443,382 406,384 332,384 283,387 181,389 181,410 549,410"/><TextEquiv><Unicode/></TextEquiv><TextEquiv index="1"><Unicode>Ni madeat lacrimis, atſerit igne caput.</Unicode></TextEquiv></TextLine><TextLine id="l12"><Coords points="569,437 569,414 347,414 347,439 456,439"/><TextEquiv><Unicode/></TextEquiv><TextEquiv index="1"><Unicode>Ad eginam matrem.</Unicode></TextEquiv></TextLine><TextLine id="l13"><Coords points="437,468 646,466 646,439 457,439 385,443 330,444 303,444 295,442 291,439 250,441 154,440 154,470 409,470"/><TextEquiv><Unicode/></TextEquiv><TextEquiv index="1"><Unicode>Cleſtis tibi mens, decor eſt cæleſtis in ore;</Unicode></TextEquiv></TextLine><TextLine id="l14"><Coords points="449,496 523,497 613,495 613,468 437,469 378,472 183,476 183,500 358,500"/><TextEquiv><Unicode/></TextEquiv><TextEquiv index="1"><Unicode>Cæleſte ingenium conſiliumq; ſimul.</Unicode></TextEquiv></TextLine><TextLine id="l15"><Coords points="622,525 622,498 421,498 333,502 240,504 153,503 153,527 435,527"/><TextEquiv><Unicode/></TextEquiv><TextEquiv index="1"><Unicode>Cleſtis tibi maieſtas, cæleſtis honotques</Unicode></TextEquiv></TextLine><TextLine id="l16"><Coords points="401,556 600,554 606,553 606,526 436,527 183,534 183,558 354,558"/><TextEquiv><Unicode/></TextEquiv><TextEquiv index="1"><Unicode>Cæleſtis pietas, candor, &amp; integr itas.</Unicode></TextEquiv></TextLine><TextLine id="l17"><Coords points="605,582 626,583 626,555 401,557 305,561 248,561 218,563 154,562 154,585 476,585"/><TextEquiv><Unicode/></TextEquiv><TextEquiv index="1"><Unicode>Cæleſtis bonitas, clementia; deniq; virtus</Unicode></TextEquiv></TextLine><TextLine id="l18"><Coords points="604,612 604,584 381,586 278,589 254,591 181,591 181,613 507,613"/><TextEquiv><Unicode/></TextEquiv><TextEquiv index="1"><Unicode>Cætera cæleſtis, o Catharina, tibi eſt,</Unicode></TextEquiv></TextLine><TextLine id="l19"><Coords points="372,644 616,641 616,614 508,613 367,617 306,617 220,621 152,621 152,648 244,648"/><TextEquiv><Unicode/></TextEquiv><TextEquiv index="1"><Unicode>Iamq; ideo fueras vero digniſſima cœlo;</Unicode></TextEquiv></TextLine><TextLine id="l20"><Coords points="292,675 391,673 636,671 645,670 645,643 558,642 518,644 372,645 182,650 182,677 264,677"/><TextEquiv><Unicode/></TextEquiv><TextEquiv index="1"><Unicode>Idq; habeas, terris ni te opus eſſet adhuc.</Unicode></TextEquiv></TextLine><TextLine id="l21"><Coords points="689,672 535,672 391,674 292,676 236,679 153,678 153,704 346,704 450,701 624,701 630,704 689,704"/><TextEquiv><Unicode/></TextEquiv><TextEquiv index="1"><Unicode>Nam tua ni praſens prudentia regna gubernet,</Unicode></TextEquiv></TextLine><TextLine id="l22"><Coords points="489,729 582,730 582,702 450,702 181,708 181,732 361,732"/><TextEquiv><Unicode/></TextEquiv><TextEquiv index="1"><Unicode>Actum de regno, deq; ſalute foret.</Unicode></TextEquiv></TextLine><TextLine id="l23"><Coords points="563,730 362,732 331,734 273,734 233,736 151,736 151,759 563,759"/><TextEquiv><Unicode/></TextEquiv><TextEquiv index="1"><Unicode>Sed deſiderium cæli vt ſolere futuri,</Unicode></TextEquiv></TextLine><TextLine id="l24"><Coords points="181,759 181,788 610,788 610,759"/><TextEquiv><Unicode/></TextEquiv><TextEquiv index="1"><Unicode>Hunc Montem cœ i Dii tribuere tibi.</Unicode></TextEquiv></TextLine><TextLine id="l25"><Coords points="321,790 321,816 589,816 589,790"/><TextEquiv><Unicode/></TextEquiv><TextEquiv index="1"><Unicode>Ad D. Mariam laricam.</Unicode></TextEquiv></TextLine><TextLine id="l26"><Coords points="303,848 392,848 444,846 629,846 629,820 151,820 151,850 288,850"/><TextEquiv><Unicode/></TextEquiv><TextEquiv index="1"><Unicode>Virgo piis votis miracula clara precantum</Unicode></TextEquiv></TextLine><TextLine id="l27"><Coords points="311,878 506,876 545,874 686,875 686,846 484,848 444,847 392,849 303,849 288,851 246,851 228,853 179,853 179,880 272,880"/><TextEquiv><Unicode/></TextEquiv><TextEquiv index="1"><Unicode>Quæ facis, &amp; clarum Clarica nomen habes</Unicode></TextEquiv></TextLine><TextLine id="l28"><Coords points="646,877 424,877 234,882 149,882 149,908 332,908 449,905 623,905 628,908 646,908"/><TextEquiv><Unicode/></TextEquiv><TextEquiv index="1"><Unicode>Henricus, quo non rex Francis atq; Polonis</Unicode></TextEquiv></TextLine><TextLine id="l29"><Coords points="607,934 609,933 609,906 449,906 394,908 333,908 295,910 184,910 180,912 180,935 465,935"/><TextEquiv><Unicode/></TextEquiv><TextEquiv index="1"><Unicode>Clrior, exaudi quæ tibi voca facit.</Unicode></TextEquiv></TextLine><TextLine id="l30"><Coords points="638,935 466,935 266,938 240,940 150,939 150,962 638,962"/><TextEquiv><Unicode/></TextEquiv><TextEquiv index="1"><Unicode>Clarus ille tibi fractas per bella feneſtras</Unicode></TextEquiv></TextLine><TextLine id="l31"><Coords points="178,964 178,990 584,990 584,964"/><TextEquiv><Unicode/></TextEquiv><TextEquiv index="1"><Unicode>De claro reficit, Clarica diua, vitro.</Unicode></TextEquiv></TextLine><TextLine id="l32"><Coords points="480,1021 625,1022 625,993 454,993 302,995 223,998 151,997 151,1024 350,1024"/><TextEquiv><Unicode/></TextEquiv><TextEquiv index="1"><Unicode>Pro tantâ pietate, fac impetrabile votum;</Unicode></TextEquiv></TextLine><TextLine id="l33"><Coords points="595,1023 590,1022 480,1022 284,1026 180,1026 180,1050 595,1050"/><TextEquiv><Unicode/></TextEquiv><TextEquiv index="1"><Unicode>Claræ ſit ſobolis clarus vt ipſe pater.</Unicode></TextEquiv></TextLine><TextLine id="l34"><Coords points="600,1078 600,1052 471,1052 413,1054 364,1052 308,1052 308,1080 414,1080"/><TextEquiv><Unicode/></TextEquiv><TextEquiv index="1"><Unicode>De Philippi Stroxa conflictu.</Unicode></TextEquiv></TextLine><TextLine id="l35"><Coords points="678,1080 415,1080 320,1083 271,1083 264,1082 261,1080 150,1080 150,1109 678,1109"/><TextEquiv><Unicode/></TextEquiv><TextEquiv index="1"><Unicode>Strora ſuos cernens hoſtes horreſcere, primus</Unicode></TextEquiv></TextLine><TextLine id="l36"><Coords points="178,1109 178,1141 658,1141 658,1109"/><TextEquiv><Unicode/></TextEquiv><TextEquiv index="1"><Unicode>Concurram; exemplo forte ſequentur,ait.</Unicode></TextEquiv></TextLine><TextLine id="l37"><Coords points="763,1133 763,1160 816,1160 816,1133"/><TextEquiv><Unicode/></TextEquiv><TextEquiv index="1"><Unicode>A</Unicode></TextEquiv></TextLine><TextEquiv><Unicode/></TextEquiv></TextRegion></Page></PcGts>