872 1312
319 71 505 94 AVRATI.
700 72 740 99 a
31 106 561 139 Aſt his terga timor vertens auertit & idem
104 138 524 168 Ex oculiſq; duces, ex animiſq; decus.
290 167 520 190 De ei commorientibus.
75 198 599 227 Felices animæ, quibus heic communia Stroæ
104 226 603 254 Fortibus omnipotens facta decuſq; dedit;
37 253 630 285 Cœlum pro tumulo; tumili pro carmine, laudes
103 285 525 315 Inſcriptas veſtro ſanguine ſideribus.
336 317 472 343 In Gaſparem.
76 343 704 374 Qui caput ante fuit populantem templa latronum
105 373 591 404 Gaſpar, habet nullum mortuus ipſe caput.
74 404 576 432 Cuius ſacra profana manus rapuere rapaces
103 432 630 462 Nunc habet is nullas truncus vtrimq; manus.
71 461 612 488 Parte ſacerdotes ſolitus mutilare pudendâ,
103 489 629 521 Cuncta pudenda gerens, nulla pudenda gerit.
34 519 581 552 Qui mergebat aquis, vrebat & ignibus olim
102 549 615 578 Innocuos, & aquâ eſt tortus, & igne nocens.
34 576 602 607 Miſerat in præceps qui corpora multa piorum,
101 606 551 637 Ipſum, præcipitem celſa feneſtra dedit:
70 636 599 663 Pronus & in vacuas animam ſic exſpuit aras,
103 665 639 696 Ne premeret patriam quam violarat, humum.
35 692 631 718 Pendet ab infami, crucis hoſtis, nunc cruce, loris
101 723 535 753 Traiectus plantas. dirus vt Oedipodes.
72 753 550 784 Et quia gaudebat ſuperis oppedere viuus,
101 784 537 812 Mortuus in cœlum terga ſupina tenet.
330 816 451 834 Im ortem.
71 840 579 871 Viſa ſibi fuerat Mors in cruce vincere Vitam:
72 870 557 902 Sed decepta fuit;non victrix victa ſed ipſa
72 899 631 927 A cruce nam vicit Mortem mox Vita reſurgens.
71 929 574 957 Et nunc Vita refert victâ de Morte trophæa,
71 959 526 990 Primitias vitæ per ſæcula cuncta futuræ.
241 989 543 1018 In Iacobi Bongarſii Iuſtinum.
36 1017 602 1051 Trogum truncarat ſenium: miſeratus at illum
102 1049 475 1077 Iuſtinus ſolido corpore reſtituit.
72 1075 567 1108 Sed qui reſtituit, ſenium dum rurſus & ipſi
100 1106 623 1145 Inuidet, hunc catpſit dente nocente libris.
712 1135 745 1160 A
505 1137 557 1159 Sa
