872 1312
316 75 557 97 IOANNIS
139 74 180 102 js
138 113 692 142 Ac tu nune Bongarſi, ambos miſeratus, vtrrumq;
836 135 870 169 i
168 141 612 171 Reſtituis, truncum Iupiter vtPelopem.
328 171 560 201 In Carpentarii obitum.
141 201 501 230 Carpentarius ille, norma cuius,
141 230 495 258 Cuius regula, cuius aut amuſſis
140 258 563 289 Nunquam Lesbia flexit huc vel illuc;
141 288 578 317 Rectam recta ſed vſque comptobauit.
141 318 524 346 Carpentarius ille, qui fabrorum
140 347 543 374 Prauas carpere res ſolebat omnes,
141 374 469 404 Anullo ſolitus ſed ipſe carpi;
141 404 526 434 Acarpente bonos malosq; parcâ
142 434 575 462 Tandem carpitur inuidente; multos
142 462 569 492 Quod carpens, nihil ipſe carperetur.
141 492 604 522 Et nunc, carptus ab vngue ceu maligno
142 522 503 549 Inter prata papaueris cacumen,
141 550 529 575 Hoc buſto iacet ille flos caducus,
143 579 527 609 Qui lorens fuit artium cacumen.
363 611 576 639 Ad Dn. de Vilery
142 636 626 669 Eſſe nouem totidem ſortitas rura puellas,
173 668 643 696 Quas vocitant Muſas, fabula priſca refet.
141 691 869 724 Nunc quoq; ſunt totidem, nec fabula ficta Camœnæ,
172 724 626 755 Quæ fugiant vrbes ruraq; grata colant.
142 754 636 781 Sed quia rura nouem non illis, villa ſed vna
171 783 574 813 Eſt ſedes, villis gratior vna nouem,
143 813 705 846 Qui villæ eſt dominus, merito Nouiuilla vocatur;
175 843 644 866 Villa nouem cuius unc habet vna Dens.
288 874 676 904 Ad lich Hoſpitalium Nomophlaca.
144 899 603 929 Si conſultorem ſe rex habuiſſet Atrida,
172 932 615 960 Dum Graias regeret tot ratis vna rates;
141 960 680 992 Non, nor ille decem ſeniores Neſtoras optet,
172 988 611 1019 Vnum ſed tlem, qualis es ipſe, ſenem.
140 1019 620 1050 Pergama tu caperes, violataq; iura piares;
174 1049 528 1071 Si non vir fe:ri vi Michaele fori.
323 1080 592 1109 DePPrro aaoo d Regem.
139 1106 655 1136 Carole, quifactus noſter te abſente Decanus
757 1140 796 1169 R
