872 1312
286 68 519 90 AVRATI.
103 103 584 133 Ramus ni prohibes, rex quoq; noſter erit.
32 127 612 163 Nam ſua plus qui vult quam regis iuſſa valere;
106 162 557 193 Aut rex, aut aliqnid grandius eſſe cupit.
33 184 644 224 Quod ſi rex Ramus; metus eſt, ne quælibet arbot
105 222 582 251 Siluaque, tetrarum iam petat imperium-
317 263 419 284 De eodem.
33 287 647 321 Nil niſi de Ramo qucd nunc mea Muſa loquatur,
106 321 521 350 Miraris? Muſæ nil niſi Ramus obeſt.
78 350 675 378 Quanto plus ſed obeſt, hoc plus quam regis honores
105 379 600 409 Dicere, Rame tuum cogitur opprobrium.
332 421 460 450 Adcurdem.
32 446 649 477 Rame, vir es magnus quid ni? qui non niſi magna
106 478 534 507 Etfacis, & fcribis, ſolus & vſq; doces?
76 505 661 538 Rame, vir es magnus, veteres qui carpere ſolus
108 536 571 562 Auctores auſis; Tullium, Ariſtotelenm.
77 564 664 596 Rame, vir es magnus, quem non capit vna cathedra
108 593 554 623 Regia, ſed ſoli facta cathncdra noua eſt.
29 622 626 653 Rame, vir es magnus. quid ni? cui non ſatis vna
109 652 550 684 Relligio, atq; ideo fa, ſ recepta tibi eſt.
1 683 613 737 ccce
77 740 613 772 Tam vaſtus. tantæq, adeo cum pondere molis,
109 772 542 795 Vt iam mole ruas, maxime Rame, tua.
30 800 594 829 Ergo lapſurum iam iam niſi pertica Ramum
109 829 563 857 Maxima ſuſtineat, mæxima furca decet.
290 871 425 891 D edem.
45 898 588 930 Audierat Ramus, tegem mala multa minari
113 929 557 958 Hæreticis, quorum elam fuit ille caput.
82 955 687 989 Mox admiſit equum, centum vel pluribus emptum
110 988 504 1017 Aureolis, ſeſe contulit inq; fugam.
83 1017 571 1047 Sed dum forte fugit, venit diuerſus ab aulâ
113 1047 570 1075 Nuncius: & Ramus protinus ecce redit.
82 1075 629 1106 Scire cupis, quantum nocuit vanus timor illi?
112 1105 553 1138 Non potuit verus lus nocuiſſe timor.
523 1138 584 1167 S
689 1134 749 1161 Na
