872 1312
313 70 520 92 IOANNIS
129 106 677 138 Nam dum falſa fugit; rediens, ſe in vera pericla
158 137 564 165 Coniecit, verus cognitus hæreticus.
316 167 582 193 amillæ, Comitiſſ de Retx.
128 194 581 226 Virgilio meruit celebrari vate Camilla,
161 224 594 252 Bellaitrix, & opus virgo imitata virûm.
130 253 576 280 Te plus laudaret vates ſi viueret idem;
163 283 590 312 Quæ certas doctis femina docta viris.
129 313 647 343 Corpore nobilior mens eſt: ſit clara Camilla
157 342 622 372 Marte virûm: tu ſis clarior arte virûm-.
387 372 492 399 De Rom.
129 399 583 429 Roma quod auerſo delectaretur amore,
159 429 590 458 Nomen ei auerſo nomine fecit Amor.
349 460 505 488 Fontis inſoriptio.
114 485 786 519 Haurit aquam formoſus Hylas; ſimul haurit & ignemm-u
157 517 603 546 Inter aquas Nais: ſed perit ignis aquâ.
344 548 526 576 Decruci neglcctu.
114 574 668 605 Poſteaquam cœpere crucem contemnere Gaili,
154 604 579 632 Mille cruces Gallis crux violata tulit.
299 636 613 663 De pace, anni c Io Io LA.
128 663 699 693 Quis dubitat, quin pax tam longo tempore tracta,
158 694 547 715 Sit maiore breui corruitura malo?
126 722 642 753 Hoc iam pacifices portendunt omine prauo:
154 751 607 779 Hic pedibus claudis; ille ſedendo male.
284 783 626 811 eru humanarum inconſtantia.
125 810 618 840 Dum me cura tenet ſublimia forte petendi
155 839 606 870 Et vigilexſpecto det mihi digna labor;
124 867 617 900 Deſtituit fortuna pedem, nixumq; fefellit,
155 899 607 928 Nec potuit lapſus pes reuocare gradum.
123 927 643 956 Et qui prenſus erat non paruo robore ramus,
152 956 592 983 Præcipitem effractus rettulit ecce ſolo.
114 982 645 1021 Cura, fides, probitas, fueris niſi præditus aſtu,
151 1015 568 1046 Et vafro ingenio, præclpitata iacent.
329 1047 519 1073 Mulieris natura.
123 1070 673 1105 Pemina dulce malum, horis opportuna duabus;
151 1102 663 1134 Clu iact ii thalao, cum iaceti tumulo
750 1132 804 1161 o
