872 1312
294 67 480 91 AVRATI.
704 67 747 85 2I
324 109 433 128 De eadem.
31 129 591 166 Scſſa velut rapido nauis male creditur amni,
101 167 565 196 Quæ tamen in fluuij littore tuta manet:
28 190 607 232 Femina ſic, caſti quamquam ſuſpecta pudoris,
101 225 584 253 Vix cadet in propriæ limite clauſa domus.
230 255 578 283 Ad Gaiæ reginam.
73 284 497 313 Prima fuit primi c.uilis femina belli:
106 312 543 344 Cauſſa dehinc pacis fmina vigo fuit.
257 344 473 372 De Rma & Poloniâ.
31 368 647 409 Roma ſub Auguſto fuit vrbs cultiſſima quondam,
103 402 492 432 Et quâ Naſoni pœna carere foret.
31 425 619 469 At tunc Sauromatæ fuerat gens barbara contra
104 461 512 491 Et quam Naſoni pœna videre fuit.
1 482 585 521 Nunc ſi tam cultos is cerneret arte Polonos,
105 519 540 543 Et Romam contra barbariæ ſimilem:
29 538 582 591 Diceret Auguſto; ne ſe reuocaret in vrbem:
105 579 571 605 Saurouatæ Latium, Roma ſit exilium
327 610 471 638 In Polonos.
30 631 646 668 Gensne Polo deducta Polonia, gensne ſub Arcte
36 667 536 697 Mente Dei ſortita genus, ſortitaq; ſedes,
30 697 662 725 Omen & inde tenet. pendens & ab omine nomen?
30 726 726 755 Nam Polus vt terris ſupereminet; hane quoq; gentem
30 752 583 785 Terris imperitare decet velut emicat Arctos
31 785 617 816 Vſq; ſuperna manens, & fluctibus inſcia mergi:
30 811 704 846 Sic quoq; gens Arctoa, quod ipſa vocabula monſtrant,
31 844 617 878 Imperium ſummo famamq; æquabit Olympo.
219 875 572 903 Ad arolum Cardin. Lotharingum.
32 905 540 934 Portat inauratis Victoria, Carole,pennis
109 934 588 962 Henricum ad cœlum, Guiſiademq; tuum.
31 963 598 997 Et mea nunc præter ſolitum temeratia Muſa,
111 994 482 1024 Ad cœlum audaci nititur ire viâ.
29 1014 557 1049 Sed ſi blanda tui ſubuexerit aura fauoris;
113 1053 587 1084 Quos canit, aſtra ſuper Muſa ſecuta canet.
220 1083 604 1114 In lo. Stracelijepulum funebre, poſtridie
358 1115 518 1144 igalium.
673 1139 747 1172 u
515 1143 567 1168 s
