872 1312
341 74 544 99 IOANNIS
127 112 613 141 Qum varia incertæ, quam fallax alea vitæ
157 141 602 171 Humanum verſat ſpeq; metuq; genus
126 171 635 200 Luſus heri fuerat, conuiuia ducere Regum,
158 200 521 228 Regaliq; epulas exhilarare ioco.
129 228 619 255 Lux ſubiens conuiuia, ſed funebria præbet,
160 257 546 281 OStraceli ſociis te moriene tuis.
129 283 662 315 Humanos caſus homines perpendite: luſum
158 316 561 345 Et luxum a luctu ſeparat vnica nox.
276 346 588 372 Ad CaooummLLohhaiigia Card.
132 374 607 400 Hebraicis, Græcis, Latiis lectoribus, anno
161 403 579 432 Carole debentur præmia pro triplici
133 431 634 460 Hæc numerare velis aut adſignare, alet dis
160 461 604 486 Sed Latiis: Græcis nolo, nec Hebraicis.
363 492 512 512 Ad Sideridem.
133 518 619 545 Olentum mihi tormentum, ferrata Sideri?
162 550 530 573 Oanimæ triſtis carnificina meæ.
130 576 709 611 e quidem amo, ſed ſic vt amat bos laſſus aratrur,
161 606 593 637 Excutere e collo quod nequit ille ſuo.
133 637 643 667 Quod ſi vis in amore meo eſt, ſi cogor amare;
165 666 666 698 Non odi quod amo, ſed nec amo quod amo.
252 695 655 722 De Dracâ cane Drion in horto ſipulta.
135 724 617 755 Braccales manes, Braccali & tecta ſepulcro
165 755 615 785 Oſſa, arbor domui qua facit vna nemus.
136 783 681 813 Nuſquam vos melius poterat componere Brino
166 813 612 842 Veſter, in hortenſis qum regione ſo i.
135 841 615 871 Nam ſua dum cœlo canis Erigoneius aſtra
166 872 568 898 Promet, vt ardenti torteat arua ſiti;
135 901 649 931 Cognato parcet tumuloreuerentia flammæ:
167 931 574 954 Cœleſti canis eſt ſi modo cura cani.
135 960 664 989 Idq; duobus erit communiter vtile: frondens
165 989 637 1018 Hortus ſemper erit, ſemper eiit tumulus.
222 1019 599 1048 In Iani Monini carmina Philoſophica.
136 1048 608 1078 Quæ te Socratieos ſenſus, mellitaq; verba
167 1077 633 1101 Sic miſcere ſimul Muſa, Monine, monet?
134 1107 644 1144 allor? an Vranie eſt, cui ſunt cœleſtia curæ,
757 1137 813 1160 Sed
