872 1312
697 69 732 90 S
298 72 482 91 AVRM
106 105 624 138 Sed quam ſubſequitur Gratia iuncta triplex?
33 133 597 166 Omnia næ ſi puncta ferunt, quibus vtile dulci
104 166 574 196 Miſcetur; punctum tu ſimul omne feres.
203 197 570 225 In An. Phyancei medici tumulum.
33 222 561 263 Silaudatur amor pietasq, fidelis in armis,
108 254 545 285 Qualis quæ Niſi fertur in Emryalum.
27 282 656 315 Qualis erat Pyladæ inſanum comitantis Oreſtem,
110 313 560 344 Quiq; ſuum rapuit de Styge Pirithoum.
82 343 607 372 Talis apud memores pia cura fidesq; nepotes
111 372 524 403 Inter te Chauini, teq, Phyances erit.
33 400 600 430 Hoc vnum intererit: fuit illis ſemper in armis
111 432 531 460 Fictus amor: votis ſidus in arte pari.
33 455 584 483 Si ſocium ſocius, nunc viunm viuus amaret;
111 490 560 518 Vtilis ob cauſſam, laus ſit vtriq; minor.
32 513 646 551 Speſine ſed fructus, functum qui plorat amicum,
113 549 515 577 Et tot doctorum verſibus oſſa piat:
32 578 624 605 Hic veris ſocium lacrimis deplorat ademptum,
113 607 539 637 Eripiens Lethes gurgite Pirithoum-
260 637 472 662 Io. Matthao Toſcano.
32 664 627 695 Nomina qui reuocas populaia rurſus ab Orco,
82 695 511 724 O Toſcane,peplo tradita Palladio:
89 723 594 749 Cur tu non intexis, & huic tua nomina tela,
114 753 609 784 Dignus eras primum cuius habere locum?
87 783 599 813 Scilicet es pariter parcusq; & prodigus idem:
116 813 506 839 Dans aliis laudes, inuidus ipſe tibi.
87 841 556 872 Fallor? an ipſa ſuo docto te pollice Pallas
118 872 502 895 Pro taliintexet ſtamine Palladio?
298 903 453 932 Reginæ latri.
90 931 579 955 Pacis & armorum ſtudiis licet altera Pallas
121 961 459 985 Et dici Gallis, & mereare coli:
89 989 687 1021 Innuba Tiiptolemum Pallas tamen edidit vnum:
119 1021 567 1049 At tu tres, Pallas Gllica, Triptolemos.
306 1052 420 1077 arolo IA.
91 1079 594 1110 Seruantis populos, ciues ſeruantis & olim
121 1110 587 1144 Si Iouis atq; Ducis præmia Quercus erat.
711 1137 755 1166 os
