872 1312
319 79 561 112 IOANNIS
128 115 624 145 Qui tot ſeruaſti populos, vel pace, vel armis,
161 145 621 176 Querna decent crines, Carole, ſerta tuos,
298 175 586 196 DD. Catharinâ & Diana.
127 203 655 228 Ninc Catharina Deo cariſſima, at inde Diana:
158 234 527 257 Hæc vero, falſo cara ſedilla Deo.
120 261 612 292 Ambæ virginitate pares, virtutibus ambæ:
158 290 665 320 Hæc capere apta feras, hæc capere apta viros.
128 320 617 351 Namq; Diana feras ſiluas venata per altas:
157 351 585 372 Veata eſt doctos ſed Catharina Deo.
265 378 627 407 Ad D. Gnelleum, pro Rabello pictore
129 407 589 438 Si, pictura loquax, doctis eſt dicta Poeſis,
159 437 548 467 Si pictura tacens, muta poëſis erat.
126 466 578 495 Si cum picturâ ſic eſt coniuncta poiſis,
158 496 551 524 Altera vt alterius ſe tueatur op.
130 523 682 554 Si tua quæ ingenij eſt vis viuida, tu ſimul ambas,
159 555 666 584 Quæq; tacent artes, quaq; loquuntur amas:
128 584 630 612 Nunc mea pictoris ſit Muſa patrona licebit,
157 614 595 643 Iudice ſi quo alio, Gnellee, iudice te.
127 642 548 666 Pictori facta eſt iniaria. vindice te fac
157 672 583 702 Rurſus in integrum reſtituendus eat.
128 702 606 730 Si facis hoc, viuo tua pinget is ora colore,
159 730 684 760 Mentem ego, ſi mentem pingere voce lieet.
127 758 690 787 Sed, mihi crede, licet. nam ſi mens dicta ſit, n quâ
155 789 650 821 Omnis ineſt virtus, mens mihi picta tua eſt.
269 819 610 847 In opuſcula Tragica ob. Garnerij.
126 847 644 877 Tres tragicos habuiſſe vetus ſe Græcia iactat:
158 878 622 907 Vnum pro tribus his Gallia nuper habet.
126 907 611 937 ſchilon antiquâ qui maieſtate ſuperbus
158 938 630 958 Grande cothurnato carmen ab ore ſonat.
127 966 712 997 Quem Sophocles ſequitur perfectior arte priorem,
156 997 667 1025 Nec minus antiquus, nec minus ille nouum.
127 1025 563 1056 Tertius Euripides Acti fama theatri,
155 1055 535 1084 In cuius labris Attica ſedit apis.
127 1084 625 1114 At nunc vincit eos, qui tres Garnerius vnus
152 1113 632 1147 Terna ferat tragicis præmia digna tribus,
765 1143 828 1166 I
