872 1312
309 69 493 92 AVRATI
709 71 747 90 atS
284 106 515 136 In Ducolica Bellaquei.
85 135 565 164 Paſtorum Muſam Damonis & Alpheſibæi,
103 167 531 196 Mirata in prato ſæpe iuuenca ſuoeſt.
35 196 572 231 At quæcumq; ſuo paſtor canit Alpheſibæo
117 226 558 254 Bellaqueus, mirans Gallia tota probat.
247 256 548 283 In vcrſus Iani ionini de c lo.
87 284 605 313 Multis multus honos terram ceciniſſe poëtis;
117 313 536 344 Et quæ terra Deo mira iubente parit.
91 343 652 371 Sed pedibus teritur tellus, caput exit in altum,
119 372 651 400 Et capitis cœlum eſt magna capaxq; domus.
35 400 655 434 Sic quibus ad cœlum pertendere maximus ardor,
118 431 520 459 Cœlo adſpirantes deſeruere ſolum.
35 455 585 488 Qualis & hicqui dum ſpretis cœleſtia terris
118 489 582 518 Concinit, in cœli parte Moninus erit.
283 518 521 545 In ſſigiem Ioan. Cauræi.
35 547 607 577 Attificis manus os, tractus expreſſit & omnes
119 577 508 604 Oris; vti præſens tu videare loqui.
35 605 593 640 Sed non expreſſit tractus & pectoris omnes;
117 634 543 663 Etacito niſi quod pectus & ore patet.
35 663 584 693 Nam dulci grauitas vt mixta relucet in ore,
119 692 573 719 Sic dulci mixtum tu graue pectus habes.
271 722 552 749 In Perri nſardi Franciada.
86 750 571 780 Iupiter Phrygiâ ſeruauit turre cadentem,
115 779 515 808 Ficto diſſimulans Aſtyanacta dolo.
37 809 557 837 Scilicet vt Francos mutato nomine reges
117 837 582 863 Conderet, vnde ſuos Francia iactat auos.
88 865 537 896 AIoue ſeruatæ periiſſet tempore rurſus
117 897 487 925 Aſtyanacteæ gloria tota domus;
88 924 633 951 Ni Iouis exemplum tu nunc, Ronſarde, ſecutus,
113 954 494 983 Fictis ſeruaſſes Aſtyanacta modis.
201 985 587 1012 In Bartaſii febdomadam. E Galio.
86 1012 576 1042 Diuinæ ſi mentis erat, quæ altiſſima quæq;
114 1042 565 1070 Legerunt noſtræ mentis in arce locum.
35 1070 551 1103 Si ſanctum deſiderium, cœleſtis & ardor,
113 1100 522 1130 AIdorem humaris incutit ingeniis:
708 1131 747 1155 ic
