872 1312
328 76 534 99 IOANNIS
139 83 180 102 S
137 113 659 143 Hic Salluſt ius eſt cœleſtibus ignibus ardens;
167 144 598 172 Balſameus cuius gutture ſlagrat odor.
137 173 616 201 Magni magna Dei nobis myſteria pandit;
167 202 592 232 Condiderat ſæclis quæ Deus ipſe ſuis.
137 231 678 258 Non faber hic durâ ſuper aut incude, vel arte
166 260 599 290 Mollis peniculi, cuſpide ſed calami;
138 287 727 319 Nec pinxit, ſculpſit, ſed ſcripſit quicquid in orbe eſt:
168 320 529 348 Exempli Bartas inde caretq; ſui.
140 346 640 370 Sed ſibi ſe ſimilem ſolum cui dicat, habebit,
168 376 557 408 Viraq; cui Mundi linea ducta fuit.
4 419 43 444 II
239 425 683 451 onſardi exhortatio ad milites Galos, Latinis
326 455 602 484 veſibus de Gallicis expreſſa.
6 491 734 536 eQuod dudum optaſlis contingere tempus; id vltr
169 522 592 553 Nunc præſens vobis obtulit hora viri.
139 550 645 581 Non longe quætendi hoſtes: tentoria veſtris
170 581 617 608 Proxima iam caſtris vndiq; fixa tenent.
138 609 627 639 Vnus habet Gallas & vires campus Iberas
167 639 697 670 Cominus hoſtem hoſtis prouocat increpitans,
138 669 691 697 Cominus e cœlo pendens ſpes nutat vtrinque,
168 698 591 727 In tanto quis mox agmine victor erit.
137 725 704 756 Sed nunca Gallis qui ſtat Deus, haud mora iuſtas
168 757 569 786 De faſtu pœnas ſumet Iberiadm:
137 786 628 815 Illorum inq, caput diras aget ominis,A quo
169 815 620 844 Noſtra ad Quintini mœnia fuſa manus.
138 843 711 872 Non ſat eis fuerat pœnæ Guina, Hama, Caletum
169 873 583 903 Atq; Theonuillæ mœnia capta ſuæ?
138 903 628 932 Ne vellent iterum noſtris occurrere ſignis;
167 933 600 961 Et Lotharingiacis eredere ſe Ducibus.
137 961 641 984 Nec vellent noſtri iuſtum ſentite furorem
166 991 599 1021 Regis, pro ſceptro qui tenet arma ſuo,
137 1021 626 1048 At vobis, proceres Galli, nunc cura ſit ire
170 1051 571 1074 Ordine, & armatos ire iubere viros.
139 1079 664 1109 Nunc curare, vetus vobis ne forte parentum
168 1108 561 1139 Gloria ſit turpi ddecoranda notâ.
751 1140 831 1167 Vo
