872 1312
358 76 561 101 IOANNIS
173 114 618 142 Et Rheni inuito vos lauet hoſte liquor.
139 140 684 170 Hoſte vel inuito de Rheno; vt Sequanâ, & ipſo
171 173 600 205 De Ligeri, galeis hauſta bibatur aqua.
143 198 709 236 Vos quoq; Germani, longinquo ex orbe profecti,
174 233 550 258 Vt Iociâ Gallos rite iuuetis ope.
145 260 619 289 Ocis in vulnus cannas aptate, probantes
177 289 619 324 Quod noſter veſtris eſt auus ortus auis
146 321 661 348 At vos, nobilitas o Gallica, egis amantem
177 347 644 379 Exerite in Regem veſtra per arma ſidem.
147 376 620 411 Ille preces veſtras nullâ damnare repulsa,
177 407 549 435 Et ſolitus vobis ille negare nihil.
148 432 698 468 Nunc opibus, nunc vos donis opulentat opimis:
180 463 651 491 Nunc facit immunes, muneribusve fouet.
150 491 684 527 Nec quenquam exturbat patij de finibus agri,
179 521 621 556 Propria nec uiquam iura minora facit.
150 551 616 584 Nec rapit innuptas iniuſti more tyranni:
180 581 592 611 Nec thalamis nuptas cogit abire ſuis.
149 607 739 641 Non necat ille palam, non clam circumuenit vllum
181 637 684 672 Sed pius in Superos, in populumq; ſuum eſt.
153 668 694 702 Et pater vt carum fouet amplexatus alumnum,
181 697 586 730 Sic plebs cara illi, nobilitasq; ſua eſt.
150 727 636 760 Fallor, an armatas video iam ſtare virorum
180 756 618 787 Inſtructasq; acies ordine quamq, ſuo?
152 786 738 814 Iam ſonus armorum, fremitusq; auditur equorum,
182 815 619 844 Iam mihi perſtringit ferrea lux oculos.
151 844 623 875 Iam video vt fuluæ cœlo ſe nimbus arenæ
183 874 558 906 Miſceat ex oculis eripiatq; diëm:
152 901 680 934 Denſaq; inhorreſcens rectis mucronibus haſta
181 932 610 961 Ingentis ſpeciem præbeat vt nemoris.
153 961 731 991 Iam fragor horrendus trepidas circumtonat aures,
184 990 652 1021 Quem facit a furiis machina facta tribus.
153 1020 569 1050 Elidi clypeos, ftangi thoracas ahenos
184 1048 727 1075 Audio: & hinc oritur clamor, at inde gemunt.
154 1075 729 1102 Vincentum hinc oritur clamor, ſonat inde cadenti
181 1106 656 1137 Luctus: & hi pugnant enſibus, hi iugulis.
775 1128 808 1155 A
