872 1312
315 58 507 84 VVRAI
329 102 507 122 Ad Macrinm.
65 125 603 164 Nonne tuos ſimul ac continget littera vultus,
107 159 494 189 Atibi dilecto noueris eſſe datam?
64 185 566 218 An niſi conſpicias præſixum nomenamici,
108 218 543 246 Auctoris nomen ie meminiſſe neges?
65 246 684 279 Fallor ego,an Stephani, qui te veneratur amatque,
106 277 597 305 Es memor? hune geſtas pectore credo tuo.
65 304 565 335 Huius & agnoſcis digitos, agnoſcis & huius
105 335 588 364 Carmen: dormitans fundere quale potes.
65 362 609 397 Atq; vtinam vox hæc poſſit non vana probari,
104 394 551 422 Vt tibi. cum dormis, conferar ipſe vigil.
65 418 609 455 Hoc ſi mihi dederint Muſæ, ſi magnus Apollo,
103 453 571 480 Illorum numen tempus in omne colam.
65 481 565 514 Sed vereor, ne dum iuſio maiora petuntur,
105 511 505 540 Experiar ſurdas ad mea vota Deas.
65 535 616 575 Quare ego ne turpem cogar perferre repulſam,
102 570 542 591 Iam voti cautus contraho vela mei,
65 598 633 628 Sed tu quæſo prius blandas, Macrine, Camœna.
104 628 508 656 Aggtedere & dictis conciliato tuis.
65 656 584 689 Nam vacuas nulli præbere libentius aures,
103 685 556 715 Applaudente choro, Calliopeia ſolet.
65 711 584 743 Nec pro me ſpondere neges, ſi forte rogeris ;
103 744 582 773 Hocq; probes facto meprecor, eſſe tuum.
65 772 612 806 Non per me indignos carmen vertetur ad vſus,
101 803 553 832 Sed caſto ſcribam carmina digna choro.
64 830 605 861 Carmina quæ poſſint pueri legiſſe ſenesque
103 861 528 889 Vnde notet nullus virginis ora ruhor.
65 889 561 919 Non tenues vittas arcebo poëmate noſtro,
102 921 544 949 Ingenuos mores quod violare nequit.
65 949 656 984 Non ego mordaci quæram mihi carmine nomen X
103 979 596 1009 Quemq;, ego deuoueam. non inimicus erit.
64 1007 583 1038 Nec laqueo collum per me nodabitur vllus,
102 1039 483 1067 Nec rigido ferro viſcera traiiciet,
65 1066 585 1101 Ah pereas quicumq; truci gaudebis lambo,
98 1097 487 1122 Erabdi ies æmulus Archilochi.
687 1123 747 1149 Eſte
