872 1312
266 76 453 98 AVRATI.
51 104 556 145 Creſcite viuaces, & vincite ſæcula ſyluæ,
51 143 666 175 Hoſpitio quondam vt pateant magna omnia magno.
206 175 522 202 Ad Franciſcum arnaleum.
51 199 523 232 Pace tuâ ſi iure queri mihi pauca licebit;
51 234 591 263 Pauca ego nune tecum, Carnaualæe, querar.
51 262 602 300 ,Quæ me prima dies maleſidam traxt in aulam,
87 291 475 322 Vltima cur vitæ non fuit illa meæ:?
56 320 574 350 Paruo diues eram; paruoq; beatus habebam,
85 350 522 378 Vnde neæ domui pabtia certa darem.
51 379 635 410 Ars mihi quærebat victum: labor improbus artem
51 410 478 440 Iuuerat, ætas cui par iuuenilis erat.
51 434 615 469 Nuncmorbis ſenioq; grauis, neq; ſat memoratis
51 467 516 496 Deſueta & fugiens ferre labotis onus.
50 495 674 528 Debilis, æger, egens quid agam? niſi damna gemendo
51 523 607 556 M Noſtra leuem; gemitu ſi modo damna leuat.
50 555 543 584 Ergo ego conſumpſi melioris iuuenile vitæ
51 581 581 616 Tempus, & ars mihiqoasante ararat, opes.
50 613 618 646 Namq; domo careo, ſtudiis apeiſſina quondam
80 643 468 675 Quæ fuerat ſedes vna parata meis
51 670 569 704 Fracta, vel abſenti domino ſurrepta, ſupollex:
50 700 555 731 Vnde mihi talem nunc ego rurſus emam?
51 728 612 763 Olim ego diſcipulos non paruæ laudis habebam:
78 761 561 790 Fama mih quorum maxima fama tua eſt:
50 790 542 821 Vnde parem, quos amiſi te propter, & illos?
77 821 558 847 Vnde quod eximium nomen in vrbe fuit?
51 848 620 880 Vnde tot oblitas dum tracto minora, Camœnas?
51 879 498 910 Nam vdeor Græce dedidiciſſe loqui.
51 907 638 941 Vt tamen hæc reparem, non eſt reparabile tempus;
78 938 508 967 Opima quod vitæ pars fuit vna meæ.
51 966 593 999 Omnibus amiſſis, quid nune mihi reſtat egeno,
50 992 499 1026 Naufragij tabulas præter, & æra mei?
51 1022 650 1056 Conſummanda breui non multa numiſmata tantæ,
51 1054 623 1086 Quanta mihi ſoboles ſemper alenda domi eſt?
51 1082 584 1118 u Decreſcente mihi nam re, domus aucta puellis
75 1111 502 1149 ſt geminisproles tertia iamq; ſubit
