872 1312
348 71 556 97 IOANNIS
131 108 648 139 Et tamen ingratâ iam nunc deceptus ab aulâ,
168 139 658 170 Ceu gelido refero læſus ab angue pedem-
139 163 774 200 Nam referam nimium mihi iam nimiumq; neceſſe et,
172 198 638 229 Paſſo quæ nequeo iam, mihi crede, pati.
138 227 640 251 Nunc cum me â duri iuuat aſſeruiſſe labore,
172 257 573 288 Seruitj, iratis, quod mihi diis ſuoij.
141 286 599 312 Nulla mei ratio veteris ſudoris habetur:
175 315 624 346 Præmia ſunt meritis reddita nulla meis.
144 344 647 374 Nil datur vnde meæ poſſim tolerare ſenectæ
172 374 610 403 Pauperiem, natis vnde caere famem:
144 403 685 432 Vnde domus veteris certam prohibere ruinam:
174 434 659 464 Namq; domus inſtat certa ruina meæ.
143 520 682 551 Non ego ſic de te merui, non, dum tibi gnatum
177 550 559 578 Sic docui ſummâ nocte dieq; fde.
147 578 623 609 Atqui, ſi velles & erat te velle decorum
177 607 625 637 Commodius poteras rebus adeſle meis.
149 638 656 664 Si me non rebus, ſaltem me voce iuuares:
177 664 712 699 Quid minus eſt vocem qum dare velle ſuam?
149 695 695 725 Scimus apud Regem quid haberet ponderis illa,
180 726 517 756 Si ſit pro rebus ambitioſa piis.
150 749 698 785 Non ego, quam curator equûm, tibi vilior eſſe
181 785 571 807 Promerui ofſiciis in tua tecta meis.
150 814 645 842 Penſio fac detur pro ſumpto parua labore
182 840 710 873 Annua, quam vel equos qui bene curat, habet.
153 871 726 902 Quam famulus prius obtinuit tunc vnus & alter;
181 902 638 931 Tertius adſcribar fac quibus ipſe precor.
153 931 632 961 Interea quid decedet quo iuſtius eſt nil
182 960 565 989 De ſucceſſoris conditione mei.
155 989 637 1019 Non tulit ille graues æſtus pondusq; diei:
184 1019 625 1048 Durior eſt operis pars data prima mihi
155 1047 687 1076 Practa mihi glacies, curſus habet ille ſecundos:
186 1078 634 1108 Quod ſæui, totum ne metat alter, age.
156 1108 670 1140 Aut aliâ cert ſi qua eſt atione require
759 1135 813 1166 uo
