872 1312
297 71 487 93 AVRATI.
60 107 555 138 Quo me, lapſuram ſuſtineasq; domumn
62 137 514 161 Ciuiu fremeret cum tota Lutetia bello,
60 166 545 194 u Gallus & ipſe ſuas Rex trepidaret opes:
61 196 549 227 Ipſe quoq; auſteri nec poſſem lege Solonis
91 225 549 254 Argui in alterutra pars niſi parte forem.
63 255 550 284 Pacis amans vates gladio præcingor acuto,
92 284 522 314 Atq; meâ quatio non mea tela manu.
59 311 573 343 Qualia iam reducis genitor longæuus Vlyſſis
91 341 579 363 Arma tulit Troiâ Trosve cadente ſenex.
62 371 540 395 Vidit & inuidit mihi Martia tela tenenti,
59 399 557 430 Phœbus, & erronem ſub ſua ſigna vocat.
62 429 595 458 Ponere dumq; manu cunct arer inutile telum,
59 459 413 485 Iratus telo me petit ille ſuo:
59 481 531 516 Figitur armato Phœbela cuſpis in armo:
91 515 607 539 Vatis & hinc dextrum condolet omne latus,
60 544 628 575 Nec ſatis; inſultans verbis quoq; triſtibus, ægro
90 574 537 603 Te nunc & Martem tu mihi præfer, ait.
62 598 668 631 Nec mora, depoſuit quem dextera, ſumpſerat enſem,
93 632 525 660 Et redit ad calamos, arma priora, ſuos.
59 661 510 693 Illa ſed officium ſcribendi læſa recuſat,
94 691 555 719 Alteriusq; manus poſcere cogor opem.
59 716 621 750 Quâ tamen arte licet, culpam emendare priorem
95 748 552 778 Nitor, & hoc memini carmine facta ſuo:
59 770 648 807 Et merito, quia tela ego ſum mea. non mea dextra,
60 806 615 830 Auſus ferre meâ eſt non mea, Fhœbe, manus
142 834 641 864 Ad Carolum Rgem, & Hſenricum Regis ſratrem,
297 866 487 891 Gallico Dioſeuros.
60 887 555 925 Tyndaridæ fratres dum raptæ furta ſororis
97 924 521 952 Vlturi: iuſtus qu dolor vrget, eunt;
67 952 580 982 Theſea aduſq; ſuas armis ſectantur Athenas,
98 982 563 1011 Et ius vi repetunt iuſta per arma ſuum.
68 1011 582 1040 Sed tamen appoſitis non noxia ad oſtia ceris,
98 1041 544 1069 Ante cauent, vrbis ne qua rapina foret;
60 1068 644 1099 Præterquam geidæ domus ipſius vna nocentis:
96 1100 535 1130 inc & ad æternos venit vterq; Deos.
668 1129 736 1151 N.n
