872 1312
335 77 549 102 OANNIS
127 110 717 149 Nunc vos, Rex, fraterque, maner par pto pare facto
160 147 618 176 Gloria, ſitis vti numen vterq; nouum.
127 170 629 212 Qui iuſtas pœnas ſumpturi ex hoſte rebelli,
161 201 638 238 Sic veſtra in ſontes mittitis atma domos;
126 232 605 263 Fiat vt inlonti non vlla iniuria cuiquam:
166 258 616 290 Res Ioue, vel natis non niſi digna louis.
131 289 602 326 Etgo Dioſcuros dicet iam Gallia fratres,.
160 315 661 350 Carolum, & Henricum, Tyndaridasq; ſuos.
303 351 623 375 Ad Claudiam laromontanam.
360 377 560 403 De Claudia Veſtali-
133 404 606 438 Roma laboraret longis cum feſla duellis,
166 434 614 473 mula Romanis Africa quæ intulerat.
131 464 657 496 Conſilium iam rebus opem mortale negarats
166 491 615 525 Cum viſum eſt ipſos conſuluiſſe Deos.
121 520 666 554 Mater abeſt, alunt, iatrem Romane requitas;
167 553 524 583 Peſſinuntimis illa perenda iugis.
121 581 642 619 Nec mora,diiſſi legati cx vrbe frequentes,
166 607 645 645 Magna mati mater ſubuehiturq; Deûm.
136 635 689 669 Ventum erat ad Tiberis diuortia; fixa palude
167 669 587 698 Stat ratis, &nullis viribus acta riget.
134 695 677 729 Mille boues traxere, boues non mille trahentes
166 729 582 758 Audit ; conſilij ſlatq; Senatus inops.
131 755 618 786 Claudia forte fuit Veſtali ex æde ſacerdos,
169 783 668 821 Caſta quidem, ſed non credita caſta ſatis.
134 811 748 848 Nec mora, plena Deo, quem mens bene conſcia fecit,
167 844 575 876 Ad Diuam vitgo talia verba refert:
135 873 639 907 Virginitatis agor, ſi iuſt, nunerea damner,
168 903 593 933 ODea; ſi falsb. indice te abſoluar.
132 932 605 960 Dixerat, & tenui funem conamine traxit
168 962 633 993 Sola, ducis ſequitur virginis illa manum.
132 990 654 1024 Et ſuperas populi clamor plaudentis ad auras
168 1019 647 1049 Claudia, & ad cœlum Claudia ſæpe ſonat.
131 1052 643 1078 Alteta tu noſtros es Claudia nata per annos
168 1078 592 1111 Hiſtoriæ veteri quæ facis ecce fidem:
132 1109 674 1142 Alteraquæ velut ſlla fuit decus innuptatum
