872 1312
298 70 487 92 AVRATI.
1 98 600 137 lSic tu nuptarum es nunc decus eximium.
38 137 691 165 Altera nunc Catharina Deim quoq; maxima mater,
107 167 534 197 Vna deos quæ tot, tot peperitq; deas.
83 194 622 228 Grande Iouis numen, ſua tela triſulca ferentis,
111 225 590 256 N,que Dei numen grande tridentiferi.
87 253 605 279 Grande etiam numen ſua tertia iura tenentis
112 283 574 312 Ditis; nec Iuno his altera & altera abeſt.
85 313 629 340 Diuorum nec abeſt ſoboles fœcunda nepotum,
112 342 582 373 Sceptra quibus terris ſunt ſua quæq; ſuis.
37 371 590 409 Hanc tot diuorum tot diuarumq; parentem,
110 400 619 432 Numen honoratum Francigenis Cybelem.
36 424 704 466 Francigenis quibus â Phrygibus vetus extat origo:
111 459 635 490 Intulit huc Phrygias ſi mod Franeus opes.
34 484 662 526 Nomen & Phrygibus Franco Franeisq; relictum,
111 517 528 547 Nomen vt a Gallis Gallia ſacrificis.
34 544 657 604 aa
34 604 547 635 Cuius ineſt in te, Regina mater,imago,
109 632 574 664 Nomen & inde piæ nobile Matris habes.
34 661 600 701 Nunc talem tantamq; deam ſua Claudia fida
112 691 556 722 Et colit, & quo vult per ſua vota trahit.
35 719 582 760 Exiguo nec fama trahit; trahit illa potentis
112 750 471 778 Galli, Itali, Latij viribus eloquij.
35 775 585 809 Moribus & pietate trahit, trahit artibus atq;
111 808 548 839 Ingenio, quo non Gallia maius habet.
3 821 29 847 ſ
36 833 617 868 Cuncta poëtarum quæ carmina, quæ tenet vn
106 865 585 898 Femina rara omnes omnium & hiſtorias.
37 895 562 928 His Dea tot tantisq; ſuæ deuicta miniſtræ
105 925 515 949 Dotibus. aſſiduo deinde miniſterio.
37 953 617 992 Spontefauens precibus gratæ cultricis amicam
107 984 567 1016 Fert populis Gallis, ſedula mater,opem.
81 1012 608 1043 Nec ſinit imperium nimiâ iam mole laborans
105 1043 513 1070 Gallorum, rixis corruere indigenis.
37 1071 656 1104 Pro quibus, æternos ſua Gallia reddet honores,
112 1101 564 1133 Gtata ſuæ Cvbela, diisq; Cybelligenis.
679 1131 743 1161 Quos
522 1137 575 1156 aS
