872 1312
296 67 481 92 AVRATI.
80 104 536 135 In tua qui poſſit ſuccedere munia ſerus.
80 132 636 165 Quod bona naſcentum ſi ſors ab origine pendet,
80 164 492 192 Felix ille puer, felici natus in anno,
80 192 549 222 Pollio vt Auguſti claudentis limina Iani,
81 222 525 249 Poſt tot ciuiles ſedatos pace tumultus.
83 250 620 280 Sic tuus eſt paruus modo Pollio natus in anno,
84 279 635 312 Quo Rex Carolus, Auguſtus placidiſſimus alter,
86 309 556 338 Frater & Henricus, Regi ſidiſſimus vnus,
85 339 599 366 .ternam hoſtili ſanxerunt ſanguine pacem.
84 368 554 397 Pace puer natus, pacis florebit in artes,
85 397 618 425 Pacificum tractabit opus foris ille domique:
87 426 561 455 Orator foris ad longinquas Regius vrbes
84 456 661 486 Exemplo patruique, patrisque: domi tamen ante,
86 483 583 509 Sicut auus dans iura, fori certamina ſedans,
85 510 754 546 Perq; gradus creſcens ſummorum ad culmen honorum
86 542 649 569 Perueniet, non tam meritis & laude parentum,
88 571 611 603 Quam ſtudio ipſe ſuo, ſibi fortunæ faber vnus
85 600 533 633 Ipſe ſuæ; totum ſibi ſeſe vt debeat vni.
87 628 617 659 Nam ſua ſi numquam vatem præſagia fallunt.
90 659 577 688 Sub Tauro & Librâ natus, perferre labores
89 688 588 718 Longarum aptus erit taurinâ ſorte viarum:
90 716 593 747 Ius dabit & populis, ad iuſtæ examina libræ.
91 745 554 778 Sed quia iam multis felicia ſidera nactis
90 776 591 806 Res anguſta domi, fatale ad maxima rerum
89 805 571 830 Intercluſit iter, ſeu deficiente docentum
92 833 532 864 Cura, ſiue ſuo non reſpondente labori
90 862 640 893 Princ ipum amicitiâ, doctosq; iuuante fauore
92 891 656 925 Hinc quoq; iam puero ſpes certa vtrinq; futuru
95 921 587 951 Curâ, opibusq; patris nullâ non arte politi,
93 950 590 975 Formandæ nulla vt deſit doctrina iuuentæ.
95 978 582 1010 At fauor Henrici quantus, ſi cætera deſint,
95 1008 643 1033 Vel mediocria ſint, tamen excitet, & vocet vltr
97 1038 640 1067 Ante diem ad ſummos famæ præcocis honores
97 1067 643 1099 Natum in patre ſuo recolens, natoq; parentem,
98 1094 719 1133 Atq, vtrumq; in vttoq; fouens, & honoribus augens.
714 1125 762 1149 Nee
