872 1312
314 80 523 103 IoANNIS
107 115 659 147 Nec Ionge quærenda fides: venit e ſecundis,
104 146 668 174 Iam venit ominibus puerilibus auctor, & auſpex,
107 176 653 204 Maximus Henricus, puerumq; potentibus vlnis
105 204 664 234 Ipſe gerit, quibus ante feros tot contudit hoſtes,
107 234 617 260 Tot bellis tetulit, victotot ab hoſte trophæa
106 261 680 292 Sic quondam Alcides puerum Telamonis, in vlnis
103 292 596 321 pſe tenens, fuuiq; inuoluens pelle leonis,
107 321 650 349 Multa Iouemq; precans, feliciaq; omnia dicens,
107 350 653 378 Audiit admirans tonitru patris, atq; probantem
108 378 639 407 Vota volatuaquilam, nomen pnueroq; volucris
108 407 616 436 Hinc dedit, irato quæ fert ſua tela Tonanti.
111 436 679 463 Nec minor enrici nunc auſpicis Hercule virtus;
110 465 667 491 Seu fera debellanda ad monſtra vltricibus armis,
111 493 639 522 Seu poſt debellata ferocia monſtra Gigantnm,
108 523 600 550 Subiectis parcendo, & mitibus otia dando:
106 552 543 581 Anceps vt faciat belli ſit adorea maior,
105 580 672 608 An ſibi pacis honos, humilem quo ſe, velut ille
104 609 610 638 Amphitryoniades puerls demittit habendis
106 638 627 664 Ad ſacros fntes, & in omina ſauſta vocandis,
105 668 613 696 Nomine de proprio, quo non felicius omen.
181 699 605 725 Ad liolaum Notim, Villoregium.
103 725 640 753 Cui te, cui ſimilem dicam, Ncuiuille. Deorum,
136 755 579 777 Tantus in humano cui nitet ore Deus?
105 784 592 812 Mercurio facies iuuenilis, mensq; ſenilis;
135 813 557 841 Os iuuenile tibi, mensq; ſenilis ineſt.
104 841 649 870 Mercurius celer eſt pedibus. pedibus celer estu,
132 870 535 899 Seu legatus cas, ſine palæſtra placet.
103 899 630 928 Mercurius fert ſacra Iouis mandata per auras;
135 929 578 957 Tu mandata tui fers quoq; ſacra Iouis.
103 957 600 984 Mercurius Superis eſt idem charus, & imis:
134 986 541 1015 lmis, & ſummis gratia chara tua eſt.
104 1014 582 1045 Mercurio ſenſus agiles, facundia præſens:
133 1045 536 1073 Facundo eſt agilis ſenſus in ore tibi.
103 1072 546 1106 Mille die diuerſa negotia, nocte geritq;
130 1103 567 1137 Mercurius: totidem nocte dies geris.
682 1139 773 1170 Mercu-
