872 1312
324 64 517 87 VRATI
715 70 760 89 ;o
34 100 640 137 Mereurio ſua virga manu micat aurea ſemper:
116 131 579 160 Aurea pro virga ſtat tibi penna manu.
34 160 571 192 Cætera Mercurio ſimilis, diuerſus es vno
117 189 576 220 Quem dicunt tacitis fallere ſæpe dolis.
34 220 635 248 Nam neque tu fallis, neque tu mendacia dicis,
115 248 632 278 Hoc vnum eſt, quod non Mercuriale tibi eſt.
269 279 573 306 De Eurymedonte, e Callihoe.
34 307 616 338 Dum, nullas non poſſe teres ſuperare ſagittis,
47 338 540 366 Orion ſeſe quondam actaret, & arcum
35 367 555 396 Oſtentaret ouans, auſus certare Dianæ;
34 395 613 424 Non tulit immodicos faſtus Dea triſtis, & iræ
34 425 599 455 Impatiens iuſtæ, non aprum mittit in illum,
831 428 870 464 l
33 455 623 482 Sicut in Ancæum, vel in .tolum Meleagrum;
33 482 623 513 Non, vi in Alciden, Erymanthi rupe leonem,
32 512 687 543 Magnorum vt era magna foret, non. turpiter vltrix
32 542 601 572 Verborum, mittit paruum, qui cale ſub imâ
32 572 629 602 Acre viri figat, Diuam ſpernentis, acumen,
32 599 696 630 Scorpium, & ingentem modico cum vulnere vincat.
32 629 542 660 Et, ne poſt aliquis ſimiles inſanus in iras
32 659 564 688 Inſcius irritet Superos, ipſumque feramq;
32 688 538 718 In ſtellas vertit, cœloque perennia fixit
33 715 666 755 Pignora contemptus ſuperum non ſemper inulti,
148 747 584 777 Alter at Orion nuper venatibus æque
34 774 552 808 Nobilis, atque ipſi ferret qui tela Dianæ
35 805 630 835 mula, dum ſyluas canibus, teliſq; fatigat
36 834 637 864 Strenuus Eurmedon, nulli parcitque ferarume
36 864 631 895 Forte ſacrum Diuæ ceruum, curruque ferendo
36 893 612 925 Aſſuetum, dum diſiunctus per luſtra vagatur,
89 923 661 954 Perculit, & memores Diuam commouit in iras
90 953 542 984 Infelix, nimioq; fauentis amore Dianæ
39 980 626 1009 Vſus non modice. Sed enim Dea victa rogantis
90 1010 613 1041 Pro nato veniam precibus multis Arethuſæa
34 1041 559 1070 Non vt inultus eat, ſed mitius vlcſcendo
91 1068 661 1105 Cedere Diis doceat, ſtatuit: comitumque ſuarum
39 1099 650 1130 Vnam Callirhoem mittit, ſua telaque Nymphæ.
687 1124 851 1171 A-
2 1156 45 1187 u
