872 1312
333 85 539 108 IOANNIS
101 119 676 151 Tela, ſed illa minora, quibus minus illa nocentes
100 149 684 180 Arguit huic tradens, iubet Eurymcdonta ferocem
102 178 623 208 Comprimere a ſolitâ ſacrarum cæde ferarum.
162 205 734 237 Nympha decus comitum Diuæ, & Diua ipſa videri
103 236 574 265 Altera quæ poſſet, non indignante Dianâ,
104 265 643 294 Ocyus aceingit pharetrâ ſua terga, manumque,
101 294 624 321 Immortali arcu: ſic venturum Eurymedonta
104 323 648 352 Expectat nemore in noto. ſed dum ille moratur
103 352 616 377 Plus ſolito, cautæ matris monitis Arethuſæ
104 380 597 410 Altior incubuit Nymphæ ſopor. illa iacebat
105 409 571 438 Sub myrti folis. at Amor Dianius hoſtis
105 438 619 468 Antiquus, Nymphæ ſomno inidiatur, & eius
107 468 617 496 Surripit e pharetra, dederat quæ tela Diana;
107 495 578 525 Impleuitque ſuis longe grauioribus illam,
106 524 579 552 Scilicet vt dum fort fetas his ſigeret olim
107 553 552 579 Inſcia, in inſanos illas furiaret amores:
108 583 647 610 Atque ita turoaret ſubito nemora omnia Iuctu.
110 610 645 639 Neſcia Nympha doli, ſomno dimiſſa phatetram
108 640 690 670 Tollit: latratuque canum, hinmituque frementum
108 670 667 697 Cornipedum, & rauco per concaua cornua cantu
110 698 622 727 Coniicit aduentare, ſuis quem in vota ſagittis
108 727 660 756 Eurymedonta dari iamdudum optabat: & illum
108 756 580 785 Aſpexit, fixitque ſimul, ſua tela, ſuumque
110 784 667 814 Eſſe putans vulnus, quod Amor clam fecerat ipſe
110 814 667 842 Virgineis manibus. Furit Eurymedon miſer ictu,
108 842 656 871 Atque furens ſequitur magno clamore fugacem
110 871 654 899 Callirhoem, ſe ardere nouis per viſcera clamans
110 900 586 929 Ignibus : illa pauens, teli miratur & arcus
109 929 531 956 Inſolitas vires ;nam caſtæ tela Dianæ
108 956 617 987 Ipſa Cupidineis cum ſint contraria flammis:
109 987 616 1018 Nunc contra inſanos feciſſe Cupidinis ignes
109 1015 548 1047 Sentit, & ignaræ ſic eſt dequeſta Dianæ.
168 1047 710 1071 Quæ noua vis mod diua tuos inceſſit in arcus?
109 1073 620 1103 Aut noua quæ rebus venit diſcordia, vt ignes
108 1101 671 1135 : igus agat, conta faciant mala frigora ſlammæ:
