872 1312
315 69 508 93 AVRATI
60 97 713 136 am mihi quem dederas, arcu mod in Eurymedonta
72 134 520 164 Vſa tuis iuſſiſq, tuiſq; ad iuſſa ſagitis,
60 161 614 189 Non ſolitum vidi effectum; non ille ſerarum
60 191 590 223 More gemens, quas aſſueto confiximus arcue
72 223 567 251 Sed ſubit furiis velut incitus ocyus in me
74 251 615 285 Currere, & inſolitis ſe dicere ab ignibus vri,
73 281 616 312 Virginitas quos noſtra fugit: vix meque furori
73 311 543 340 Ipſius eripuis tutam fuga; mille pericla,
63 340 619 369 Mille metus paſſam rabie miſeri Eurymedontis.
73 368 543 399 Nam tu ſi videas credo miſereris & ipſa,
72 396 590 428 Non ſolito de more malum patientis ab ictu
59 426 571 460 Diua,tui teli, niſi quis malus ydrus in illo
59 456 558 485 Forte fuit telo, tua quem mihi tradidit ira:
60 485 566 516 Non illud Stygiis Vulcanus tinxit in vndis,
60 515 594 548 Sed Phlegetontæis potius ſlammabile telum.
130 545 737 575 Cui Dea: Nymph mihi Nymphis ex omnibus vna
60 569 551 602 Callirhoe merito chariſſima, mira ſagittæ
72 602 612 634 Facta meæ nemoras. & non credenda, niſi ipſa
60 632 556 665 Experiar fixâ. quæ nunc venit ecce, Leænâ.
129 661 599 691 Dixit, & a Nympha de telis accipit vnum
60 683 560 719 Et iacit icta furit velut igne aſflata, Leæna,
60 718 567 746 Sydereo cum cœleſtis iuba ſæua Leonis
60 748 635 779 Incutit ardores hominum generi, atque ferarum
72 778 581 808 Miratur Dea flammiferas flammiſq; ſagittas
59 807 541 836 Vrit; & inidiis furtiſq; Cupidinis actum
71 836 647 866 Id putat indignans: pœnalq; dabit mihi clamat,
60 865 652 896 Improbus ille puer, puer & magis improba mater
59 895 533 926 Qui portentificis auſi viola re venenis
60 923 555 955 Tela mea, & caſtis incendia mittere ſyluis.
73 953 590 985 Dixerat, & fratris petit ilicet atria Phœbi,
75 983 598 1013 Subueniatq; rogat iuueni pius Eurymedonti,
74 1013 594 1043 Atq; illum furiis Nympham ſeruetq; periclis.
132 1042 640 1072 Ille omnes ſuccos, herbas expertus & omnes
59 1063 598 1100 lIncaſſum: non eſt, inquit, medicabile vulnus,
60 1100 620 1130 Quod ferus egit Amor: nam ſi medicabilis arte
688 1131 742 1155 et
