872 1312
335 73 545 97 IOANNIS
122 109 652 139 Eſſet amor noſtrs, non Paſiphae, neq; Phœdræ
122 138 671 174 Vtraque chara mihi proles, ab amore periſſent..
123 168 641 203 Sed quo more graui quondam ſanatus ab ictu
123 195 694 231 Telephus Aacidæ; vulnuſque quod egerat haſta,
124 226 620 260 Ipſa ſua cnrauit ope: hoc fac curet & illum
121 253 701 289 Nympha modo tua Callirhoe, caſtiſſima quamuis:
124 284 646 317 Non eſt ignauo deceat quem occumbere leto
123 313 642 348 Eurymedon, quo non lHeros præſtantior alter
124 342 635 375 Seu ſyluis agitare feras, ſeu finibus hoſtes
124 368 664 401 Pellere, tuta tuis iemper dare & ocia Nymphis:
125 399 608 433 Vt nuper bellis Gallorum a gente fugatis;
125 428 584 462 Vique æquo, noxis iuri concedere iu ſſis.
126 456 662 488 Nec minus ipſa feret ſaluo decus Eurimedonte
126 486 615 518 Callirhoe, quam ſeruato ſine ſine pudore:
128 516 579 541 Gloria ni leuis eſt vni tribuiſſe ſalutem,
128 543 681 578 Qui tot eam populis tribuit, tot & vrbibus vnus,
185 573 616 600 Dixerat, erubuit fraterni Diua pudore
127 600 639 635 Conſilii: tamen eſt, quamuis inuita, moueri
125 632 621 660 Viſa, vicem miſerans ægri, ne forte perirent
126 659 631 692 Tot pereunteipſo bona publica pacis & oci.
125 687 768 719 Et noſtram inquit amet me non prohibente licebitui
126 717 768 748 Callirhoem Eutymedon, & Callyrhoe Eurymedonta;.pi
125 746 677 772 Inuiolata tamen: nec enim mihi nullus amoris
126 776 593 807 Vſus ineſt caſti, qualem decet eſſe Dianæ
125 806 628 836 Virginis, & nulla pollutæ ſorde Mineruæ.
125 833 707 865 Qualis in Hyppolytum, vel qualis in Endymionem
125 863 674 893 Et Cephalum meus ardor erat, iam talis & ardor
126 892 661 921 Callirhoes noſtræ ſit in Eurymedonta ſubebo.
125 922 629 952 Atque ita lanabo iuuenis miſerabilis æſtum,
125 950 718 974 Inceſtam vt fammam Veneris leuet altera fiamma
125 981 602 1009 Sanctior, & nullo violentur corpora luxu
125 1010 596 1039 Amborum, caſti iuuenis, caſtæque puellæ
125 1040 642 1068 Sed ſolis animis & ament &amentur vterque
124 1068 625 1097 QuA licet & fas eſt; & ſe per mutua iungant
124 1098 651 1128 Colloquia in ſyluis ſimul & venentur opacis.
