<?xml version="1.0" encoding="UTF-8" standalone="no"?><PcGts xmlns="http://schema.primaresearch.org/PAGE/gts/pagecontent/2019-07-15" xmlns:xsi="http://www.w3.org/2001/XMLSchema-instance" xsi:schemaLocation="http://schema.primaresearch.org/PAGE/gts/pagecontent/2019-07-15 http://schema.primaresearch.org/PAGE/gts/pagecontent/2019-07-15/pagecontent.xsd"><Metadata><Creator/><Created>2022-04-08T10:17:10</Created><LastChange>1970-01-01T00:00:00</LastChange><Comments/></Metadata><Page imageFilename="0333.png" imageHeight="1312" imageWidth="872"><TextRegion id="r1" orientation="0.0" type="paragraph"><Coords points="1,1 870,1 870,1310 1,1310"/><TextLine id="l1"><Coords points="351,64 351,86 541,86 541,64"/><TextEquiv><Unicode/></TextEquiv><TextEquiv index="1"><Unicode>IOANNIS</Unicode></TextEquiv></TextLine><TextLine id="l2"><Coords points="692,99 213,99 206,101 141,101 137,99 123,99 123,131 259,131 286,129 297,129 306,131 379,131 557,128 680,129 692,131"/><TextEquiv><Unicode/></TextEquiv><TextEquiv index="1"><Unicode>Ipſam quæ ambroſiam, ſacros &amp; nectaris hauſtus</Unicode></TextEquiv></TextLine><TextLine id="l3"><Coords points="432,160 471,158 664,158 664,130 557,129 379,132 306,132 297,130 286,130 244,133 124,132 124,161 337,161"/><TextEquiv><Unicode/></TextEquiv><TextEquiv index="1"><Unicode>Nam neq; Callirhoe forma conceſſerit Hebe;</Unicode></TextEquiv></TextLine><TextLine id="l4"><Coords points="673,159 658,158 471,159 432,161 337,162 148,161 124,162 124,189 495,189 610,186 643,187 647,189 673,189"/><TextEquiv><Unicode/></TextEquiv><TextEquiv index="1"><Unicode>Neeſuus Eurymedon coneeſſerit Herculis actis,</Unicode></TextEquiv></TextLine><TextLine id="l5"><Coords points="520,216 632,218 632,188 320,192 207,191 186,192 160,190 125,190 125,219 458,219"/><TextEquiv><Unicode/></TextEquiv><TextEquiv index="1"><Unicode>Tot debellatis peritura, per oppida monſtris,</Unicode></TextEquiv></TextLine><TextLine id="l6"><Coords points="371,247 524,246 550,243 616,244 616,219 459,219 403,221 389,219 334,219 328,222 307,222 307,249 312,249"/><TextEquiv><Unicode/></TextEquiv><TextEquiv index="1"><Unicode>A ræſidens uid. Faurum.</Unicode></TextEquiv></TextLine><TextLine id="l7"><Coords points="665,245 542,245 524,247 371,248 312,250 265,250 257,248 253,245 126,245 126,277 429,277 545,274 573,274 579,277 665,277"/><TextEquiv><Unicode/></TextEquiv><TextEquiv index="1"><Unicode>Faure, tuæ per auos noa vltima fama Tholoſæ,</Unicode></TextEquiv></TextLine><TextLine id="l8"><Coords points="548,305 548,277 430,277 292,280 157,279 157,306 481,306"/><TextEquiv><Unicode/></TextEquiv><TextEquiv index="1"><Unicode>Faure, tui per te gloria prima ſoli:</Unicode></TextEquiv></TextLine><TextLine id="l9"><Coords points="678,305 482,306 443,308 327,308 254,310 173,310 152,308 127,308 127,333 678,333"/><TextEquiv><Unicode/></TextEquiv><TextEquiv index="1"><Unicode>Cui iuueni teneris Cicero conſumptus in annis,</Unicode></TextEquiv></TextLine><TextLine id="l10"><Coords points="397,364 446,365 489,363 607,362 607,335 422,336 392,338 299,336 262,339 158,338 158,365 334,366"/><TextEquiv><Unicode/></TextEquiv><TextEquiv index="1"><Unicode>Vt vir apud Gollos pro Ciceront fores</Unicode></TextEquiv></TextLine><TextLine id="l11"><Coords points="664,363 489,364 446,366 397,365 334,367 130,366 130,396 460,394 509,392 571,392 578,394 580,396 664,396"/><TextEquiv><Unicode/></TextEquiv><TextEquiv index="1"><Unicode>Quod tua facundi quondam pro Rege patroni</Unicode></TextEquiv></TextLine><TextLine id="l12"><Coords points="534,394 160,397 160,417 534,417"/><TextEquiv><Unicode/></TextEquiv><TextEquiv index="1"><Unicode>Vox in Pariſio teſlificata foro eſt.</Unicode></TextEquiv></TextLine><TextLine id="l13"><Coords points="600,450 620,450 626,453 626,422 494,422 408,425 262,425 220,427 164,427 131,425 131,453 428,453"/><TextEquiv><Unicode/></TextEquiv><TextEquiv index="1"><Unicode>Nuper at Arctoos iua percult vna Polonos</Unicode></TextEquiv></TextLine><TextLine id="l14"><Coords points="582,479 582,453 429,453 345,455 163,456 163,480 531,480"/><TextEquiv><Unicode/></TextEquiv><TextEquiv index="1"><Unicode>Henrici longas lingua ſequuta vias.</Unicode></TextEquiv></TextLine><TextLine id="l15"><Coords points="650,479 311,484 132,483 132,507 650,507"/><TextEquiv><Unicode/></TextEquiv><TextEquiv index="1"><Unicode>Nunc &amp; in eiuſdem requcis tua Principis aula</Unicode></TextEquiv></TextLine><TextLine id="l16"><Coords points="600,537 600,510 164,513 164,540 446,540"/><TextEquiv><Unicode/></TextEquiv><TextEquiv index="1"><Unicode>Ora Pericle fulminis inſtar habent.</Unicode></TextEquiv></TextLine><TextLine id="l17"><Coords points="638,538 360,541 304,543 134,542 134,570 139,571 440,570 582,567 609,567 617,571 638,571"/><TextEquiv><Unicode/></TextEquiv><TextEquiv index="1"><Unicode>SIqa tamen curis datur a gruioribus hora</Unicode></TextEquiv></TextLine><TextLine id="l18"><Coords points="580,595 580,570 161,572 161,599 365,599"/><TextEquiv><Unicode/></TextEquiv><TextEquiv index="1"><Unicode>Libera, qua ludis turba togata vacat:</Unicode></TextEquiv></TextLine><TextLine id="l19"><Coords points="480,627 514,625 637,624 637,594 468,599 257,601 134,599 134,628 411,628"/><TextEquiv><Unicode/></TextEquiv><TextEquiv index="1"><Unicode>Tunc tibi pro luſu noſtræ ſunt ludicra Muſæ</Unicode></TextEquiv></TextLine><TextLine id="l20"><Coords points="667,625 514,626 480,628 333,630 163,629 163,658 387,658 450,656 538,656 556,654 596,654 610,655 615,658 667,658"/><TextEquiv><Unicode/></TextEquiv><TextEquiv index="1"><Unicode>Carmina; proque foro tunc Helicona cola.</Unicode></TextEquiv></TextLine><TextLine id="l21"><Coords points="598,656 450,657 387,659 134,659 128,663 118,663 118,686 598,686"/><TextEquiv><Unicode/></TextEquiv><TextEquiv index="1"><Unicode>Laudabunt alii te Scipio, te quoque Læli,</Unicode></TextEquiv></TextLine><TextLine id="l22"><Coords points="465,714 514,714 514,688 395,687 267,689 165,688 165,716 419,716"/><TextEquiv><Unicode/></TextEquiv><TextEquiv index="1"><Unicode>Par oratorum, par &amp; amicitiæ:</Unicode></TextEquiv></TextLine><TextLine id="l23"><Coords points="369,745 417,743 515,744 610,742 610,713 546,713 540,715 465,715 419,717 320,718 175,718 134,716 134,746 246,746"/><TextEquiv><Unicode/></TextEquiv><TextEquiv index="1"><Unicode>Quos ſecedentes Caietæ ad littora dicunt</Unicode></TextEquiv></TextLine><TextLine id="l24"><Coords points="597,744 417,744 369,746 165,747 165,772 597,772"/><TextEquiv><Unicode/></TextEquiv><TextEquiv index="1"><Unicode>Conchas, vmbilicos &amp; ſolitos legere.</Unicode></TextEquiv></TextLine><TextLine id="l25"><Coords points="670,771 613,771 600,773 563,774 325,776 186,776 179,774 157,774 150,779 140,779 132,785 132,803 670,803"/><TextEquiv><Unicode/></TextEquiv><TextEquiv index="1"><Unicode>Illud in his potius mihi ſit laudabile, quod ſint</Unicode></TextEquiv></TextLine><TextLine id="l26"><Coords points="571,803 163,805 163,826 571,826"/><TextEquiv><Unicode/></TextEquiv><TextEquiv index="1"><Unicode>Scribendis ſoliti ludere dramatibus.</Unicode></TextEquiv></TextLine><TextLine id="l27"><Coords points="640,832 493,832 369,834 302,833 261,835 180,835 135,832 135,862 366,862 455,860 625,860 628,862 640,862"/><TextEquiv><Unicode/></TextEquiv><TextEquiv index="1"><Unicode>Ipſe tuus certe Cicero, mihi maximus autor,</Unicode></TextEquiv></TextLine><TextLine id="l28"><Coords points="584,861 165,863 165,889 584,889"/><TextEquiv><Unicode/></TextEquiv><TextEquiv index="1"><Unicode>Palladis ad Muſas transfuga ſæpe ſuæ.</Unicode></TextEquiv></TextLine><TextLine id="l29"><Coords points="627,888 588,890 517,890 465,892 397,890 267,893 226,893 156,890 148,896 134,896 134,918 627,918"/><TextEquiv><Unicode/></TextEquiv><TextEquiv index="1"><Unicode>Eſt &amp; in exemplo tibi, Plinius ille ſecundus</Unicode></TextEquiv></TextLine><TextLine id="l30"><Coords points="164,920 164,949 577,949 577,920"/><TextEquiv><Unicode/></TextEquiv><TextEquiv index="1"><Unicode>Qui luſit numeris hendecaſyllabicis.</Unicode></TextEquiv></TextLine><TextLine id="l31"><Coords points="646,949 382,949 344,951 214,952 174,952 135,949 135,977 238,979 594,977 646,979"/><TextEquiv><Unicode/></TextEquiv><TextEquiv index="1"><Unicode>Nec minus exemplo eſt tibi Silius ille togato</Unicode></TextEquiv></TextLine><TextLine id="l32"><Coords points="584,979 167,979 167,1005 584,1005"/><TextEquiv><Unicode/></TextEquiv><TextEquiv index="1"><Unicode>Marte fori clatus, clarus &amp; arte lyræ:</Unicode></TextEquiv></TextLine><TextLine id="l33"><Coords points="701,1008 298,1008 216,1010 135,1008 135,1038 361,1038 404,1036 701,1038"/><TextEquiv><Unicode/></TextEquiv><TextEquiv index="1"><Unicode>Qui poſtquam Tulli numeros impleuerat omnes,</Unicode></TextEquiv></TextLine><TextLine id="l34"><Coords points="606,1038 167,1038 168,1066 606,1066"/><TextEquiv><Unicode/></TextEquiv><TextEquiv index="1"><Unicode>Tentauit ſenior grande Maronis opus,</Unicode></TextEquiv></TextLine><TextLine id="l35"><Coords points="479,1094 597,1094 597,1066 361,1068 134,1066 134,1097 181,1098 219,1095 448,1095 453,1098 471,1098"/><TextEquiv><Unicode/></TextEquiv><TextEquiv index="1"><Unicode>Horum tu potiusluſus imitaris honeſlos</Unicode></TextEquiv></TextLine><TextLine id="l36"><Coords points="599,1097 474,1097 471,1099 453,1099 451,1097 194,1097 181,1099 164,1099 164,1127 599,1127"/><TextEquiv><Unicode/></TextEquiv><TextEquiv index="1"><Unicode>iaetibus ngis otia rauie, teras,</Unicode></TextEquiv></TextLine><TextLine id="l37"><Coords points="733,1122 733,1153 800,1153 800,1123 750,1120 741,1122"/><TextEquiv><Unicode/></TextEquiv><TextEquiv index="1"><Unicode>Quid</Unicode></TextEquiv></TextLine><TextEquiv><Unicode/></TextEquiv></TextRegion></Page></PcGts>