872 1312
312 55 500 76 AVRA
710 60 751 80 o
1 84 624 128 Quid qud& in vacuâ, duce te, Rex dicitur aulâ
104 122 563 144 Sermonis ſalibus ludere Socratici?
74 152 587 181 Scilicet cur mentem vt grauiore relaxans
106 182 492 210 Det non indignis otia Rege iocis:
39 210 587 239 Sicq; recognoſcat ſibi quam natura, nec vlla
105 240 515 262 Virtutem dedit ars, artifciſue labor.
77 269 627 299 Quod labor eſt aliis, naturaeſt egibus, & quod
106 299 562 329 His natura dedit, munus opuſq; Dei eſt.
34 329 533 356 Naſci non fieri, credit ſibi Gallia Reges,
107 358 484 387 Naſci non fieri, credit & illa pios.
32 387 629 417 Sponte ſuâ vitiis Rex noſter ab omnibus horret,
104 418 539 447 Sponte ſuâ rectum iuſq, piumq; colit.
32 440 654 475 Qui dedit huic regnum, mores regno dedit aptos.
103 476 524 505 Nec melior fieri qualibet arte poteſt.
31 504 556 533 Scilicet ars faciat ſol ſit ſplendentiot vt ſe,
103 535 492 565 Aut ignis maior fiat abarte calor?
31 565 574 597 Vna ſit vt virtus, vittutes quæ creat omnes,
47 594 503 621 Inſita ſit virtus Regibus ipſa decet.
30 623 495 656 Nulla ſit in terris vel ſi virtutis origo,
103 653 500 682 Atq; alia ex aliâ facta ſit atq, aliâ
31 682 626 709 Res vt in immenſum tandem procedat oporte,
103 711 582 740 Quod nec mens, ratio nec ſatis vlla cpit.
32 740 586 777 Eſſe Dei donum formam teſtatur Homerus:
102 769 569 800 Forma animi num ſit munus & ipſa Dei?
814 774 860 805 l
33 790 566 829 Naſcitu ergo Rex recti ſtudioſus & æqui:
102 829 524 858 Arte recognoſcit dona ſed ille Dei.
72 857 568 889 Arte velut ſpeculo ſe contemplatur in ipſo
101 888 669 917 Prudentem, iuſtum, megnanimum, atq; probum
73 918 593 947 Arte bonus quam ſit, ſeſe deprendit, & ipſum
105 947 523 968 Cum diſſertantes de bonitate videt.
72 977 593 1006 Tale ſua ad ſpeculum Regem delectat imago,
103 1006 568 1036 Pallas vt in clypeo dum videt ora ſuo.
1 1028 579 1065 HHc eſt vtilitas quam nunc Academia PRegi,
102 1065 571 1093 Præſtat, vt hinc mores apprubet ille ſuos.
72 1093 586 1127 Cætera mi. aur doctorum turba ſedentum,
687 1124 739 1148 --
