872 1312
350 62 566 87 IOANNIS
138 101 586 134 Præcepta exemplis cum ſuperata videt.
111 132 533 166 Eegius o vere ludus: ſi dicere ludum
140 161 600 194 Fas ſit quo grauius nil ſchola tota docet.
112 190 622 222 Luſus erat potius ſolitos quem ludere dicunt
141 221 537 252 Reges Perſarum, ridiculuſq; iocus
112 244 652 282 Quos quoties rhedâ facerent iter vndiq; clauſâ,
144 279 548 307 Ne vacuos curis tædia perciperent.
110 307 620 337 Fiſſilis his Philidæ lignum culterq; dabatur:
142 336 576 365 Falleret vt vanus tempora vana labor.
111 365 600 393 Luſus & ille fuit tanto non Cæſare dignus,
143 395 551 424 Cui vacuo muſcas figere cura fuit.
115 424 603 451 Scilicet aut illi liber, aut huic liber amicus,
143 454 557 485 Tæd a qui poſſet fallere, nullus erat.
105 479 653 515 Non ſic Auguſtus quondam auguſtiſſimus ille,
143 511 608 538 Cuius crat doctis Vatibus aula frequens.
105 539 619 570 Non ſic Franciſcus, Regum doctiſſimus ille,
141 569 611 598 Cui ſchola conuiuæ, menſaq; Mula fuit.
104 599 625 628 Non ſic Henricus genitor; non Carolus ipſe
141 627 610 656 Cui domus ad Muſas ſemper aperta fuit.
110 657 605 687 Nunc & ab exemplo ne degeneraret auito,
140 687 567 714 Henricus doctos ambit amatq; viros.
112 716 632 748 Cumq; colat Muſas per ſe nulloq; monente;
140 745 594 777 Plus tamen has vſus te monitore colit:
111 773 613 806 Et colet vſq; magis, niſi me præſagia fallunt,
140 804 516 835 Libera ſi bellis otia contigerint.
110 831 634 865 Qui nunc ſi qua vacant a belli tempora curis,
141 862 558 892 Tam cupide doctis dedicet illa viris.
107 892 645 921 Inter & hæc noſtræ ſi quis, mi Faure, Camœnæ
138 921 547 951 Te fautore locus ſorte repertus erit,
107 947 639 980 Ne pigeat paucis hunc commendare libellum
140 978 553 1008 Henrici placidas Regis ad auriculas.
106 1008 666 1039 Digna quidem tanto ſi non mea Muſa patrono;
137 1037 638 1068 Digna rei cauſa eſt quam rude carmen agit.
106 1066 609 1097 Digna Dei virtus, quæ tempore clarior vllo
136 1095 540 1128 Non ſeſe humanis iſibus exerut:
724 1120 802 1157 Cunm u
