872 1312
327 88 518 113 AVRATI.
717 92 758 111 o
34 120 639 154 Oum duo, nodoſis nexa vndiq; corpora vinclis,
108 153 519 183 Horam merſa imo non periere laeu.
78 183 555 212 Cumq; ſuis vinclis per ſe laxata renarunt
107 213 577 239 In ſummum, nullo ſubueniente, vadum.
76 242 583 272 Perdita nec perdi Chriſto potuere iuuante,
107 271 531 301 Vt Chriſti laudum teſtis vterq; forer.
76 301 581 331 Teſtis vterq; foret violentæ fraudis vterq;;
107 331 489 354 Nota ſit & tanti fama latrocinii:
76 359 632 391 Qum ſi ſera quidem ſua vindice Rege ſequatur
104 389 574 419 Pœna, ſed ad certam perſoluenda diem;
33 420 650 448 Quæ dilata manent tandem tormenta merentes,
103 448 561 481 Ipſe repræſentet iam timor ante diem.
160 481 660 508 In mortem Petronillæ Campnæ, Comitis oigo-
343 511 473 531 ers,
32 537 571 568 Quicquid apud veteres Heroinas fuit olim
103 568 517 598 Virtutis, formæ, fidæ & amicitiæ;
33 597 645 630 Quiequid prudentis ſenſus , & quicquid amandi;
103 627 651 656 Colloquii Charites denique quicquid habent :
33 646 555 688 Perronilla tuo, Campana, requi imus vno
101 686 572 713 Hæc obitu quaſi te cuncta ſecuta forent.
33 712 529 739 Tu Comitis Suſæ ſoror es, illuſtrior vlla
102 745 558 774 Qua non Francorum nobilitatedomus.
34 768 592 802 Mongomeri Comitis tu dilectiſſima coniux,
824 787 859 821 l
101 804 541 834 Quem ſua ſors, virtus nec ſua deſeruit.
70 834 531 859 Tu decus eximium formæ ſortita beatæ
75 864 542 892 Corpore procero, quale Deabus ineſt.
35 893 582 923 Tu nigris oculis, modicoq; rubente labello,
91 923 551 952 Inſignis ſupra quas habet Aula nutus.
70 951 566 981 Lingua deſerta tibi. ſine fnco erba doloſo,
36 981 569 1011 In quibus inſueuit Gratia iuncta triplex.
70 1012 558 1041 Leuis erat grauitas, maieſtas ſuauis in ore;
100 1041 498 1065 Vnde tui cunctis conciliatus amor.
69 1071 541 1100 Ingenium ſed diuinum tibi cætera ſupra,
100 1100 506 1131 Diuiniq; ſequax ingenii eloquium
23 1130 574 1169 Mira tibi numeris, ſermoneq; mira pedeſtri
709 1162 749 1187 vis
494 1160 546 1190 v
