872 1312
347 86 552 118 IOANNIS
152 132 604 165 Vis data; quod ſcriptis teſtiſicare tuis:
123 163 631 193 Nontamen vt vulgi captares tu leuis autam,
133 191 575 221 Artibus obſtaret cm pudor ipſe tuis.
124 219 657 253 Namq; pudicitiæ, & caſti quod pignus amoris,
155 248 645 282 Quam cum Mongomero vita peracta fuit?
123 278 677 312 In quem tanta fides, conſtantia tanta, Britannos
124 333 615 370 Nuapapeiclo belli,
155 308 577 336 Vt viſura virum veneris vſq; truces:
157 365 550 392 Nullas nec Cœli, nec furias Pelagi.
125 394 599 429 Ipſe quoq; vxori coniux in amore fideq;
158 424 547 458 Affectu parilem rettulit vſq; pari
124 453 667 486 Cum quâ bis ſenos vixit, non coniugis, annos;
158 482 672 513 Sed tamquam Dominæ perſtudioſus amans.
124 509 674 544 At tu tam vehemens pro req, & honore mariti
160 540 610 573 Te grauis in certum vt miſeris exilium.
124 568 676 602 Namq; ferens vterum, ſexto vix menſe peracto,
161 599 562 629 Carpſiſti longas lite premente vias.
129 626 648 660 Sicq; graui inde tuo pro coniuge læſa labore,
162 656 610 687 Ante ſuum tempus cogeris eſſe parens.
130 686 617 717 Infelix puer, & per ferramenta trahendus,
162 716 541 748 Eripuit matri, nec iubar ipſe tulit.
131 744 687 776 Clauſus & inde dies conſtanti mente ſupremus,
166 774 566 805 Nil niſi de ſponſi cum querere viâ.
132 804 607 834 Tantas ob dotes, & tot virtutis honores,
166 833 584 863 Tu quibus in vitâ nobilis vxor eras;
133 862 627 891 Tam deſiderium lugubre relinquis amicis,
166 892 625 920 Et tam perpetuas pro meritis lacrymas:
136 918 704 949 Vt. ſolemne manu tibi non parcente ſepulchrum
165 950 665 978 Petronilla parent, non mod marmoreum:
137 978 642 1010 Sed quod marmoribus durabilius ſit & ære,
171 1009 600 1036 Verſibus Aurati munere Mongomeri.
419 1044 517 1060 uatM.
138 1066 713 1096 Sederat hoc anino, Pimplæum ſcandere montem,
139 1097 623 1127 Heicq; caput viridi vitta circumdare lauri.
140 1125 704 1160 Q mens rapta vehit, quæro, quibus inſitus oris,
763 1151 801 1178 Pe
