<PcGts xmlns="http://schema.primaresearch.org/PAGE/gts/pagecontent/2017-07-15" xmlns:xsi="http://www.w3.org/2001/XMLSchema-instance" xsi:schemaLocation="http://schema.primaresearch.org/PAGE/gts/pagecontent/2017-07-15 http://schema.primaresearch.org/PAGE/gts/pagecontent/2017-07-15/pagecontent.xsd"><Metadata><Creator>User123</Creator><Created>2020-04-19T01:00:17</Created><LastChange>2020-04-19T01:00:17</LastChange></Metadata><Page imageFilename="0337.png" imageHeight="1312" imageWidth="872"><TextRegion id="r0" type="paragraph"><Coords points="1,1 870,1 870,1310 1,1310"/><TextLine id="r0_l001"><Coords points="347,86 347,118 552,118 552,86"/><TextEquiv index="1"><Unicode>IOANNIS</Unicode></TextEquiv></TextLine><TextLine id="r0_l002"><Coords points="122,109 122,126 159,126 159,109"/><TextEquiv index="1"><Unicode>Io</Unicode></TextEquiv></TextLine><TextLine id="r0_l003"><Coords points="826,118 826,148 870,148 870,118"/><TextEquiv index="1"><Unicode></Unicode></TextEquiv></TextLine><TextLine id="r0_l004"><Coords points="604,160 604,132 152,133 152,165 305,165"/><TextEquiv index="1"><Unicode>Vis data; quod ſcriptis teſtiſicare tuis:</Unicode></TextEquiv></TextLine><TextLine id="r0_l005"><Coords points="827,148 827,171 870,171 870,148"/><TextEquiv index="1"><Unicode>i</Unicode></TextEquiv></TextLine><TextLine id="r0_l006"><Coords points="631,163 426,163 395,165 306,165 196,168 122,166 122,193 382,193 519,190 620,190 625,193 631,193"/><TextEquiv index="1"><Unicode>Nontamen vt vulgi captares tu leuis autam,</Unicode></TextEquiv></TextLine><TextLine id="r0_l007"><Coords points="842,178 842,207 870,207 870,178"/><TextEquiv index="1"><Unicode>e</Unicode></TextEquiv></TextLine><TextLine id="r0_l008"><Coords points="575,219 575,191 292,194 255,196 133,198 133,221 515,221"/><TextEquiv index="1"><Unicode>Artibus obſtaret cm pudor ipſe tuis.</Unicode></TextEquiv></TextLine><TextLine id="r0_l009"><Coords points="842,207 842,230 870,230 870,207"/><TextEquiv index="1"><Unicode>u</Unicode></TextEquiv></TextLine><TextLine id="r0_l010"><Coords points="287,251 455,250 527,249 589,246 657,246 657,219 558,220 515,222 375,222 231,226 140,226 122,224 122,253 259,253"/><TextEquiv index="1"><Unicode>Namq; pudicitiæ, &amp; caſti quod pignus amoris,</Unicode></TextEquiv></TextLine><TextLine id="r0_l011"><Coords points="844,236 844,258 870,258 870,236"/><TextEquiv index="1"><Unicode>u</Unicode></TextEquiv></TextLine><TextLine id="r0_l012"><Coords points="645,275 645,248 554,248 527,250 287,252 217,255 201,254 155,255 155,282 256,282"/><TextEquiv index="1"><Unicode>Quam cum Mongomero vita peracta fuit?</Unicode></TextEquiv></TextLine><TextLine id="r0_l013"><Coords points="38,249 11,247 11,298 37,298"/><TextEquiv index="1"><Unicode></Unicode></TextEquiv></TextLine><TextLine id="r0_l014"><Coords points="844,269 844,288 870,288 870,269"/><TextEquiv index="1"><Unicode>n</Unicode></TextEquiv></TextLine><TextLine id="r0_l015"><Coords points="271,310 338,310 468,307 591,307 613,308 616,310 677,309 677,278 427,279 364,282 257,282 228,284 168,284 161,287 145,287 122,284 122,312 234,312"/><TextEquiv index="1"><Unicode>In quem tanta fides, conſtantia tanta, Britannos</Unicode></TextEquiv></TextLine><TextLine id="r0_l016"><Coords points="99,377 103,373 111,370 208,370 301,367 423,366 464,364 565,364 570,366 574,370 615,370 615,333 605,336 402,338 364,340 281,340 254,342 170,342 161,340 109,339 104,337 100,333 82,332 81,319 61,298 42,298 38,300 34,306 34,324 22,325 20,333 20,343 17,348 10,349 10,378 94,378"/><TextEquiv index="1"><Unicode>Nuapapeiclo belli,</Unicode></TextEquiv></TextLine><TextLine id="r0_l017"><Coords points="577,335 577,308 468,308 338,311 271,311 234,313 155,313 155,336 551,336"/><TextEquiv index="1"><Unicode>Vt viſura virum veneris vſq; truces:</Unicode></TextEquiv></TextLine><TextLine id="r0_l018"><Coords points="869,365 856,365 845,356 837,355 838,353 845,352 854,347 869,347 869,328 825,328 825,380 869,380"/><TextEquiv index="1"><Unicode></Unicode></TextEquiv></TextLine><TextLine id="r0_l019"><Coords points="550,365 464,365 423,367 157,371 157,392 550,392"/><TextEquiv index="1"><Unicode>Nullas nec Cœli, nec furias Pelagi.</Unicode></TextEquiv></TextLine><TextLine id="r0_l020"><Coords points="10,379 10,407 38,407 38,379"/><TextEquiv index="1"><Unicode></Unicode></TextEquiv></TextLine><TextLine id="r0_l021"><Coords points="485,423 591,424 599,429 599,394 347,397 206,401 144,400 125,398 125,429 193,429"/><TextEquiv index="1"><Unicode>Ipſe quoq; vxori coniux in amore fideq;</Unicode></TextEquiv></TextLine><TextLine id="r0_l022"><Coords points="826,413 826,434 870,434 870,413"/><TextEquiv index="1"><Unicode>l</Unicode></TextEquiv></TextLine><TextLine id="r0_l023"><Coords points="10,407 10,446 38,446 38,407"/><TextEquiv index="1"><Unicode></Unicode></TextEquiv></TextLine><TextLine id="r0_l024"><Coords points="366,454 462,454 547,452 547,424 347,426 276,429 194,429 158,431 158,458 254,458"/><TextEquiv index="1"><Unicode>Affectu parilem rettulit vſq; pari</Unicode></TextEquiv></TextLine><TextLine id="r0_l025"><Coords points="33,485 36,480 36,454 34,450 28,446 1,446 1,487 26,487"/><TextEquiv index="1"><Unicode></Unicode></TextEquiv></TextLine><TextLine id="r0_l026"><Coords points="354,482 413,483 454,481 667,480 667,453 366,455 295,458 180,460 123,458 123,486 246,486"/><TextEquiv index="1"><Unicode>Cum quâ bis ſenos vixit, non coniugis, annos;</Unicode></TextEquiv></TextLine><TextLine id="r0_l027"><Coords points="610,508 672,509 672,482 454,482 413,484 354,483 294,486 158,488 158,513 347,513"/><TextEquiv index="1"><Unicode>Sed tamquam Dominæ perſtudioſus amans.</Unicode></TextEquiv></TextLine><TextLine id="r0_l028"><Coords points="63,486 31,486 26,488 1,488 1,518 63,518"/><TextEquiv index="1"><Unicode></Unicode></TextEquiv></TextLine><TextLine id="r0_l029"><Coords points="844,501 844,521 870,521 870,501"/><TextEquiv index="1"><Unicode>ſui</Unicode></TextEquiv></TextLine><TextLine id="r0_l030"><Coords points="313,542 495,540 544,538 646,538 653,540 657,543 674,543 674,510 611,509 538,510 199,517 107,517 95,513 83,518 69,519 64,524 64,544 280,544"/><TextEquiv index="1"><Unicode>At tu tam vehemens pro req, &amp; honore mariti</Unicode></TextEquiv></TextLine><TextLine id="r0_l031"><Coords points="844,525 844,550 870,550 870,525"/><TextEquiv index="1"><Unicode>l</Unicode></TextEquiv></TextLine><TextLine id="r0_l032"><Coords points="446,569 609,568 610,540 415,541 313,543 280,545 160,545 160,573 265,573"/><TextEquiv index="1"><Unicode>Te grauis in certum vt miſeris exilium.</Unicode></TextEquiv></TextLine><TextLine id="r0_l033"><Coords points="843,560 843,581 870,581 870,560"/><TextEquiv index="1"><Unicode></Unicode></TextEquiv></TextLine><TextLine id="r0_l034"><Coords points="77,621 90,615 94,611 101,610 109,604 131,602 569,597 600,598 607,602 676,602 676,568 446,570 330,573 266,573 191,576 120,574 113,572 108,568 83,568 72,575 56,575 52,577 48,583 47,588 30,590 1,589 1,627 48,627"/><TextEquiv index="1"><Unicode>Namq; ferens vterum, ſexto vix menſe peracto,</Unicode></TextEquiv></TextLine><TextLine id="r0_l035"><Coords points="825,591 825,614 870,614 870,591"/><TextEquiv index="1"><Unicode>C</Unicode></TextEquiv></TextLine><TextLine id="r0_l036"><Coords points="557,626 562,625 562,599 438,599 301,602 161,603 161,629 400,629"/><TextEquiv index="1"><Unicode>Carpſiſti longas lite premente vias.</Unicode></TextEquiv></TextLine><TextLine id="r0_l037"><Coords points="825,616 825,645 870,645 870,616"/><TextEquiv index="1"><Unicode></Unicode></TextEquiv></TextLine><TextLine id="r0_l038"><Coords points="346,658 525,657 582,655 648,656 648,626 558,626 481,629 321,630 200,633 129,632 129,660 271,660"/><TextEquiv index="1"><Unicode>Sicq; graui inde tuo pro coniuge læſa labore,</Unicode></TextEquiv></TextLine><TextLine id="r0_l039"><Coords points="842,647 842,677 870,677 870,647"/><TextEquiv index="1"><Unicode></Unicode></TextEquiv></TextLine><TextLine id="r0_l040"><Coords points="8,649 8,684 37,684 37,649"/><TextEquiv index="1"><Unicode></Unicode></TextEquiv></TextLine><TextLine id="r0_l041"><Coords points="504,685 610,685 610,656 272,660 202,663 162,663 162,687 458,687"/><TextEquiv index="1"><Unicode>Ante ſuum tempus cogeris eſſe parens.</Unicode></TextEquiv></TextLine><TextLine id="r0_l042"><Coords points="842,681 842,698 870,698 870,681"/><TextEquiv index="1"><Unicode></Unicode></TextEquiv></TextLine><TextLine id="r0_l043"><Coords points="617,686 504,686 458,688 283,689 241,691 130,690 130,717 364,717 541,714 582,714 588,717 617,717"/><TextEquiv index="1"><Unicode>Infelix puer, &amp; per ferramenta trahendus,</Unicode></TextEquiv></TextLine><TextLine id="r0_l044"><Coords points="7,690 7,724 37,724 37,690"/><TextEquiv index="1"><Unicode></Unicode></TextEquiv></TextLine><TextLine id="r0_l045"><Coords points="843,710 843,734 870,734 870,710"/><TextEquiv index="1"><Unicode></Unicode></TextEquiv></TextLine><TextLine id="r0_l046"><Coords points="541,743 541,716 447,716 186,720 162,719 162,747 235,748"/><TextEquiv index="1"><Unicode>Eripuit matri, nec iubar ipſe tulit.</Unicode></TextEquiv></TextLine><TextLine id="r0_l047"><Coords points="843,734 843,757 870,757 870,734"/><TextEquiv index="1"><Unicode>i</Unicode></TextEquiv></TextLine><TextLine id="r0_l048"><Coords points="6,731 6,783 36,783 36,731"/><TextEquiv index="1"><Unicode></Unicode></TextEquiv></TextLine><TextLine id="r0_l049"><Coords points="687,744 512,744 235,749 176,749 131,747 131,776 319,776 473,773 577,773 585,776 687,776"/><TextEquiv index="1"><Unicode>Clauſus &amp; inde dies conſtanti mente ſupremus,</Unicode></TextEquiv></TextLine><TextLine id="r0_l050"><Coords points="843,766 843,787 870,787 870,766"/><TextEquiv index="1"><Unicode></Unicode></TextEquiv></TextLine><TextLine id="r0_l051"><Coords points="525,802 566,803 566,774 473,774 421,776 320,776 229,778 166,777 166,805 318,805"/><TextEquiv index="1"><Unicode>Nil niſi de ſponſi cum querere viâ.</Unicode></TextEquiv></TextLine><TextLine id="r0_l052"><Coords points="843,797 843,846 870,846 870,797"/><TextEquiv index="1"><Unicode></Unicode></TextEquiv></TextLine><TextLine id="r0_l053"><Coords points="607,805 600,804 319,805 263,807 179,807 132,805 132,834 343,834 511,831 575,831 600,832 607,834"/><TextEquiv index="1"><Unicode>Tantas ob dotes, &amp; tot virtutis honores,</Unicode></TextEquiv></TextLine><TextLine id="r0_l054"><Coords points="34,812 5,812 5,848 34,848"/><TextEquiv index="1"><Unicode></Unicode></TextEquiv></TextLine><TextLine id="r0_l055"><Coords points="584,860 584,833 420,833 222,836 166,835 166,862 169,863 277,863"/><TextEquiv index="1"><Unicode>Tu quibus in vitâ nobilis vxor eras;</Unicode></TextEquiv></TextLine><TextLine id="r0_l056"><Coords points="34,849 5,849 5,878 34,878"/><TextEquiv index="1"><Unicode></Unicode></TextEquiv></TextLine><TextLine id="r0_l057"><Coords points="820,856 820,880 870,880 870,856"/><TextEquiv index="1"><Unicode>u</Unicode></TextEquiv></TextLine><TextLine id="r0_l058"><Coords points="627,890 627,863 454,862 278,863 200,865 168,863 133,863 133,891 488,891"/><TextEquiv index="1"><Unicode>Tam deſiderium lugubre relinquis amicis,</Unicode></TextEquiv></TextLine><TextLine id="r0_l059"><Coords points="625,919 625,892 406,892 166,895 166,920 519,920"/><TextEquiv index="1"><Unicode>Et tam perpetuas pro meritis lacrymas:</Unicode></TextEquiv></TextLine><TextLine id="r0_l060"><Coords points="5,886 5,922 34,922 34,886"/><TextEquiv index="1"><Unicode></Unicode></TextEquiv></TextLine><TextLine id="r0_l061"><Coords points="822,915 822,936 869,936 869,915"/><TextEquiv index="1"><Unicode>u</Unicode></TextEquiv></TextLine><TextLine id="r0_l062"><Coords points="704,948 704,918 358,923 136,923 136,949 542,949"/><TextEquiv index="1"><Unicode>Vt. ſolemne manu tibi non parcente ſepulchrum</Unicode></TextEquiv></TextLine><TextLine id="r0_l063"><Coords points="5,922 5,941 33,941 33,922"/><TextEquiv index="1"><Unicode></Unicode></TextEquiv></TextLine><TextLine id="r0_l064"><Coords points="32,941 5,941 5,966 32,966"/><TextEquiv index="1"><Unicode></Unicode></TextEquiv></TextLine><TextLine id="r0_l065"><Coords points="869,945 833,945 827,951 820,951 820,964 869,964"/><TextEquiv index="1"><Unicode></Unicode></TextEquiv></TextLine><TextLine id="r0_l066"><Coords points="665,950 425,950 267,952 165,951 165,978 665,978"/><TextEquiv index="1"><Unicode>Petronilla parent, non mod marmoreum:</Unicode></TextEquiv></TextLine><TextLine id="r0_l067"><Coords points="32,967 4,967 4,990 32,990"/><TextEquiv index="1"><Unicode></Unicode></TextEquiv></TextLine><TextLine id="r0_l068"><Coords points="642,1007 642,978 426,979 362,981 219,982 137,981 137,1010 289,1010"/><TextEquiv index="1"><Unicode>Sed quod marmoribus durabilius ſit &amp; ære,</Unicode></TextEquiv></TextLine><TextLine id="r0_l069"><Coords points="4,991 4,1013 32,1013 32,991"/><TextEquiv index="1"><Unicode></Unicode></TextEquiv></TextLine><TextLine id="r0_l070"><Coords points="600,1009 171,1011 171,1036 600,1036"/><TextEquiv index="1"><Unicode>Verſibus Aurati munere Mongomeri.</Unicode></TextEquiv></TextLine><TextLine id="r0_l071"><Coords points="419,1044 419,1060 517,1060 517,1044"/><TextEquiv index="1"><Unicode>uatM.</Unicode></TextEquiv></TextLine><TextLine id="r0_l072"><Coords points="138,1066 138,1096 713,1096 713,1066"/><TextEquiv index="1"><Unicode>Sederat hoc anino, Pimplæum ſcandere montem,</Unicode></TextEquiv></TextLine><TextLine id="r0_l073"><Coords points="619,1126 623,1125 623,1097 328,1097 265,1099 139,1098 140,1127 349,1127"/><TextEquiv index="1"><Unicode>Heicq; caput viridi vitta circumdare lauri.</Unicode></TextEquiv></TextLine><TextLine id="r0_l074"><Coords points="869,1118 819,1118 819,1150 869,1151"/><TextEquiv index="1"><Unicode>M</Unicode></TextEquiv></TextLine><TextLine id="r0_l075"><Coords points="704,1125 619,1127 350,1127 239,1129 140,1128 140,1160 704,1160"/><TextEquiv index="1"><Unicode>Q mens rapta vehit, quæro, quibus inſitus oris,</Unicode></TextEquiv></TextLine><TextLine id="r0_l076"><Coords points="763,1151 763,1178 858,1178 858,1151"/><TextEquiv index="1"><Unicode>Pe</Unicode></TextEquiv></TextLine><TextLine id="r0_l077"><Coords points="2,1242 2,1260 31,1260 31,1242"/><TextEquiv index="1"><Unicode></Unicode></TextEquiv></TextLine></TextRegion></Page></PcGts>