872 1312
325 77 528 102 AVRA
71 110 544 148 Per loca perpetua noctis caligine merſa,
80 143 646 178 Occiduus quæ Sol nunquam proſpexit Olympo
72 178 595 206 Nec cum luciferâ luſtrauit lampade terras:
72 207 561 238 Inuia per ſaxa, & nullo iam tramitepreſſa
84 238 590 265 Per iuga celſa feror, crudelia tecta ferarum.
83 266 560 296 Pæne mihi tandem quærenti defuit orbis,
72 295 529 319 Immenſo reſtabas. Atla ſumme, labori:
84 324 605 356 Quem ſimul ac tetigi, diſiecto corpore, feſſus
72 356 583 383 Telluri recubans, ſub opacæ frontibus orni;
72 384 660 415 Dulce ſopor ſerpit tacitus per languida membra:
84 416 596 445 Pan Deus Arcadiæ, calamis compagine ceræ
84 445 561 475 Inter ſe iunctis, in ſomnis ludere viſus,
72 473 627 504 Hirſutæq; humeris indutus terga capeilæ,
72 504 647 538 Sicqurens: patriis quæ te arcet ſinibus, inquit.
72 532 558 564 Cauſa tuis, tantos cogitq; ſubire labores,
82 564 573 591 Ordine dic nobis? Ignorans numenadeſie,
71 590 594 621 Compellare Deum dictis ſum talibus auſus:
84 620 656 651 Eſſe ſerunt montem, Parnaſſum nomine dictum,
83 651 628 681 Quo fons exoritur crepitantibus inſitusvndis,
71 681 590 711 Ante ſilex illum tornata cauo vr gula cornu
86 712 624 740 Gorgonei geniti plaudens tenuauit in vndas.
72 740 688 775 Heic ſtabulant Muſæ, inter quas cytharœdus Apollo
84 769 608 799 Verſibus indulget, radiantia lumina iactans:
84 799 625 830 Quod, ſi cui fauor eſt ſuperis conceſſus ab oris,
86 829 531 853 æ illo tantum ſummis libare labellis,
71 856 624 889 Confeſtim vincetmirandum Pana canendo.
85 889 663 917 Hanc inuado viam propere, vt cum Paſtor Iolas
86 918 632 942 Certabit mecum, meritum concedat honorem.
72 945 589 977 A Tunc Deus iiriſit, ſonitum ſicq; edidit ore,
87 977 610 1007 Vt latu referunt Corybantia cymbala pulſa:
87 1007 546 1036 Heulmiſer ipſe tuis fatis is obuius, infit,
88 1037 619 1067 Non terras habitant Muſæ, nec ſlauus Oſyris
86 1066 561 1094 Multa iocoſa vetus docti finxere Poetæ,
72 1093 545 1125 Fquibus amotocarpiuntur ſeria ludo.
86 1125 576 1160 Ne tamen incaſſum tanto indulſiſſe laboi
712 1157 753 1186 i-
