872 1312
335 74 543 96 IOANNIS
123 111 715 141 Dicaris, cape quæ tibi do. Mons arduus exſtat
123 140 667 169 Culmine cornifero contingere ſydera tentans,
123 170 699 200 Quem bene, ſi memini Limovum dixere priores?
123 200 687 229 Hunc ſepiunt vmbris horrentibus vndiq; ſyluæ,
123 229 653 258 Quo fons dulcis ineſt gelidis latiſſimus vndis;
124 258 615 287 Quem caput alipedis ſicti ſupereminet ære.
115 287 611 312 Heic ſedet Auratus, multis effœta ſenectus
124 316 635 347 Quem decorat ſedis, ſociis virtutibus almus:
125 347 618 375 Alter Threicius cytharâ, fidibusq; canoris
122 375 592 405 Duorat ex ſyluis tigres, dirosq; Leones;
123 405 585 431 Illic & properant vicinis montibus orni.
123 434 666 462 Sæpe leui dulcem modulatus arundine Muſam
124 463 608 492 Aboribus ſiccis immiſit grandia poma:
124 492 607 520 Et nuper, recubans abrupti in limine ſaxi,
123 520 630 550 Aſpera ſentis humi ſpiculis inculia iacebat,
123 551 685 579 Cum calamo reſonat tam dulce per aera carmen,
123 581 589 608 Vt mox exiliit dicta miranda rubeto
123 608 663 639 Idalio pudibunda ſinus roſa ſanguine tingens,
124 639 611 666 Orbem quæ tenero totum delectat odore.
123 668 602 697 Illi grata Lvræ concedit præmia Phœbus.
123 697 619 725 Hunc pete, ſi ſocios geſtis præcellere cantu,
123 726 704 756 Nam tradet quis ſit modus, aut quæ gratia Muſam
121 756 623 784 Panade compactis dignam conlare cicutis;
123 785 675 816 Seu cytharâ gemmis diſtincta. & dentibus Indis
123 813 610 838 Ludere facta Ducum, ſubito ſic talia fatus
123 843 633 872 Conticuit, fugienſq; leues diſceſſit in auras.
121 872 597 903 Excutior ſomno, Diuis gratesq; peractus;
123 902 681 933 Hancq; viam repeto quæ me conduxit eunte
179 933 744 963 In originem neminis, & Matrimoni Henrici egis Na-
243 961 650 991 uarræ & Margaritæ Valſſi iissvoois.
122 991 616 1023 Cum venus in conchâ natali clauſa lateret,
152 1018 607 1050 Clauſus vt in niueo cortice pullus auis;
121 1049 608 1081 Ros Iouis, vnde Deæ fuerat genitalis origo
153 1077 592 1108 Qui de conceptus parte ſuperſtes erat,
108 1105 636 1139 Puior ille quidem, & vitreo pellucidus albo,
747 1143 805 1165 Pro
