872 1312
307 76 508 98 AVRATI
98 112 509 144 Pro lacte incluſæ venit in ora Deæ.
69 142 550 172 Sed naſcente ſimul Diuâ, patefecit hiulca
100 173 506 196 Se ſe teſta humor duruit ille tener.
71 203 614 233 Forma tamen manſit pellucens quæ fuit ante;
104 233 619 265 Qui lapis, Argolicum Margara nomen habet.
74 262 636 291 Et quia gratus erat Veneri cibus, humor alumnæ
106 292 594 322 Nunc eſt, virginibus quas amat illa, decor.
77 321 726 350 une grauida imprudens qeondam Catharina lapillum,
108 351 539 381 Oſtrea dum ſorbet fote cupita, vorat.
78 379 638 410 Qualis & eſca fuit, talem quoq; ventre puellam
106 411 598 439 Edidit, & nomen Margaris inde maner.
69 438 683 472 Splendor & inde manet, qui virginis exſtat in ore;
107 469 591 498 Qualem vllæ baccæ non Orientis habent.
68 498 641 527 Vtq; ſuum agnoſcens in ea Venus alma nitorem,
106 527 628 556 Hanc amat & Martis mox cupit eſſe murum.
68 557 596 588 ,Ergo e ſtirpe ſatis Martis circumſpicit vnum,
108 589 517 618 Cui nubat digno digna puella viro:
69 617 561 647 Aniquæq, ſibi Regem de gente Nauarræ
109 647 493 676 Eiigit, is viſus Martius eſſe nepos
69 674 668 705 Nam vetera vt repetam terræ monimenta vetuſtæ,
108 705 558 735 Naoaria vetus, dicta Nauarra noua eſt:
69 734 592 767 Quæ loca Geryone tenuiſſe tricorpore victo,
109 765 529 793 Et rediens hortis victor ab Heſperiis,
68 793 609 825 Dicitur Alcides, ſua & heic ſtatuiſſe trophæa;
109 823 625 853 Hinc Martis templum nomen ineſtque locis:
77 854 610 887 Quod Marti ſacrum deuicerat ille Draconem,
110 883 569 913 Abſtuleratq; horti diuitis hoſpes opes.
69 912 599 947 Deinde potitus erat natâ de ſtirpe Draconis
82 944 570 972 Prene; montes nomen & inde tenent.
69 972 542 1002 Hinc Pyrenæædeductus origine gentis,
113 1002 620 1031 Quæ tenet hæc Marti templa dicata Deo.
69 1030 666 1064 NENRICVS Veneris gratus gener ille Latinæ
110 1061 617 1089 Nam Catharis nunc eſt, ante Cytheris erat.
69 1090 589 1120 Vtq, ſuo Venus eſt ſemper chariſſima Marti,
71 1120 572 1152 Vt Veneri Mars eſt chatus & ipſe ſuæ:
716 1149 753 1177 s
