872 1312
368 83 584 105 IOANNIS
125 119 660 148 Sin nunc ſtirps Veneris, Martis de ſtirpe creato
154 149 593 178 Margaris Henrico chara futura ſuo eſt.
343 179 560 204 In Paſſerculi necem.
129 207 672 237 Quætitis vnde nouo turgent mea lumina fletu?
160 237 608 258 Ah mea nunc iuſtus ſæuit in oſſa dolor.
128 265 632 295 Paſſer enim periit, doctus trepidantibus alis
161 295 555 318 In dominæ niueos ire redire ſinus:
133 324 638 354 Ille ſequi ſolitus, ſolituſq; audire vocantem;
159 354 555 376 Sedare iile meo lætus in ore ſitim,
128 382 591 411 Non potuit pippire illo iucundius alter,
160 412 626 440 Dum peterent tenues aurea roſtra cibos:
130 440 585 466 Nec ſic errantes fixiſſet aranea muſcas,
162 470 607 498 Quæ leue pendenti ſtamine texit opus,
130 497 656 526 Quam morſus acres, generosâ vbi percitus itâ,
162 528 649 556 Cornes in infeſtas ſtringeret atma manus.
131 557 671 585 Tantus erat galeam indutus Priameius Hector,
159 585 616 615 Cum Phrygio Danaas vreret igne rates.
129 614 706 643 Saltantem tamen, heu, miſere rapit improba feles,
160 645 588 673 Atq; vtero condit gaudia noſtra ſuo.
129 671 675 704 Eſt cer: inſi iiis, nec aperto Marte, peremptus:
158 702 558 730 Ille ſine alterno pugna cruore fuit.
130 730 635 759 Sic Paris moninm vitâ ſpoliauit Achillem;
159 761 598 789 Sic cecidit Liguris victa Camilla dolis:
130 789 641 819 Sic ſtructam manibus Neptuni diruit vtbem
159 819 584 849 Palladio grauidus milite venter equi,
129 847 587 876 Nec longum, feles, prædâ lætabitur iſtâ;
158 877 611 907 Nam ſceleris dira pœna cruenta manet.
129 906 583 938 Hoſtili volucris ſi gaudet imago cruore,
161 936 623 967 Haud mœſtus ſtygias paſſer inibit aquas.
128 964 655 997 Mactabo felemque ſimul, feliſq; propinquos,
159 994 574 1023 Nullaq; de totâ gente ſuperſtes erit.
128 1022 624 1053 Plumoſis liquidum quæ verritis aera remis,
156 1053 545 1080 VItima gentili munera ferte meo.
126 1082 616 1113 Exequias taucis mecum celebrate querelis:
131 1110 552 1144 Manibus interea deoita iuſta paro.
742 1147 783 1177 Tu.
