872 1312
323 86 493 109 AVRATI
81 118 722 154 Tura, dapes, lachrymaſq; nouo cum nectare fundam.
114 153 512 184 Verbaq; in inuitos inuidioſa Deos.
81 180 648 214 Floribus ornatus tumulus mox ſurget inanis,
118 209 662 238 Cuius erunt breuibus Marmora ſculpta modis
87 242 517 273 Alembra ſepulta iacent crudeli feli in aluo:
117 273 508 302 Peruolat eyſium paſſeris vmbra nemu.
355 302 477 322 Vi Amoris.
89 328 636 360 Aſſumptis vtinam tollamur in æthera pennis,
124 358 585 391 Quo nos non poſſint Cypria tela ſequi
90 387 580 419 Fugit Agenoridæ tecta vt Gortinia Regis
122 417 542 447 Dædalus, aerium carpere doctus iter.
90 446 639 476 Aut cæcum Oceani tingamus fluctibus ignem
123 476 610 504 Pectora nec tandem noſtra perurat Amor:
93 504 600 530 Glaucus vt arcanæ mutatus viribus herbæ
100 535 569 565 Sulcauit vitrei ſtagna profunda maris.
81 564 609 597 Diductove ſolo, manes penetremus ad imos,
123 593 536 623 Vt ruit attonitis Amphiaraus equis.
81 620 661 654 Dira quidem ſunt hæc : ſed cum maiora feramus
124 652 559 679 Diſcemus firmâ mente minora pati.
96 680 685 715 Quid voueo, demens? quamuis mea vota valerent,
125 710 572 741 Nec raperent celeres irrita verba Noti:
81 737 787 772 Non tamen effugerem: cuncta obſidet improbus hoſtis,
123 769 559 800 ELIſe meæ poſſunt quæ loca tuta fugæ:
96 799 573 831 Tollamur cœlo? rector ſtellantis Olympi
126 829 546 861 Senſit cognatâ vulnera facta manu.
98 856 702 889 Cum grege ſpinnigero mergamur in æthera ponti?
129 887 599 920 Neptunus, mediis non ſemel arſit aquis.
99 918 583 947 Viſamus vacuaſq; domos, & inania regna?
129 948 661 979 Torruit vmbrarum flamma proterua patrem.
99 976 567 1008 Exul agar fruſtra cœlo, terraq;, mariq;,
78 1006 576 1035 Nota nimis vitans præpetis arma Dei:
103 1034 675 1068 Quid faciam? indomito flebo miſerandus Amori?
131 1065 598 1095 Supplicibus flecti neſcit Amor lachrimis.
101 1095 606 1121 Vt terror, clamor, cædes, & vulnera Martem,
129 1124 592 1160 Plurimaq; in bello mortis imago iuuat:
734 1152 799 1188 Sis
