872 1312
368 81 591 104 IOANNI
127 117 680 148 Sic ridet Iachrymas Cythereius ales amantum:
157 148 609 177 Hæc quoq; ſopitas ſuſcitat vnda faces.
125 177 589 206 Immiti ſupereſt igitur ſeruire Tyranno,
157 207 606 235 Accipere & victor quæ mihi iura dabit.
126 234 604 262 Licebit grauibus ceruix inſueta cathenis;
155 264 603 287 Arcebunt teneras vincula dira manus.
125 294 640 323 Ergo Cythereiâ complentur fercula pompâ,
154 323 591 352 Sederit Aurato cum ferus amne puor.
110 352 690 387 Nam cur nos pudeat tanti partem eſſe iriumphi
155 380 639 410 Si mare, ſi terras, aſtraq; victa trahat?
396 413 508 435 Id oculos.
125 438 663 469 Ter Phœbus ſolito feſſos lauat æquore currus,
155 468 599 498 Ter ſoror in fuluis alba recurrit equis:
111 496 609 528 Aſſidue noſtros vexant inſomnia ſenſus,
153 526 586 555 Qualia ſub Pœno Regulus hoſte tulit.
111 555 594 586 Non dabitur curis furari poſſe quietem?
138 586 631 614 Languida nec veniet ſerus in oſſa ſopor ?
122 613 622 644 Indignum eſt Pœnas alienæ pendere culpæ
153 643 654 670 Nil ego commerui: lumina crimen habent.
121 672 667 700 Nil ego commerui: vos, lumina crimen habetis:
150 702 595 733 Vos eſtis placidi fonſq; caputque mali.
110 729 597 764 Nam ſimul hæſiſtis diuinæ capta figuræ,
152 759 618 790 Terſenſi in miſerum lapſa venena iecur.
121 790 740 821 Euomite hun ſubito, male quem potaſtis, Amorem;
152 818 599 847 Ne inſontes artus pocula dira crement.
111 846 592 879 Flagrauit meliore rogo Tyrinthia virtus,
151 878 663 910 Quando in Theſſalico ſcandit in aſtra iugo.
111 894 642 937 Flere igitur,flendoq; nocens difundite virus
148 935 660 968 Diſcire de lachrymis qum ſit amarus Amor.
118 964 679 997 Vix oculis hæc fatus eram, cum, flebimus, aiunt,
147 993 563 1027 Ibimus in triſtes vnus & alter aquas.
119 1023 691 1059 Si noſtram ob culpam te Cypria flamma perurit,
148 1052 669 1088 Præſentem flammæ mox feret humor opem,
117 1080 678 1115 Flete, inquam, domiti prodeſt quid fletus ocelli?
103 1111 606 1151 Ni madeat lachrimis, arſerit igne caput.
742 1139 824 1175 A
