872 1312
368 81 591 104 IOANNI
127 81 165 105 a
127 117 680 148 Sic ridet Iachrymas Cythereius ales amantum:
157 148 609 177 Hæc quoq; ſopitas ſuſcitat vnda faces.
125 177 589 206 Immiti ſupereſt igitur ſeruire Tyranno,
844 184 870 206 M
157 207 606 235 Accipere & victor quæ mihi iura dabit.
126 234 604 262 Licebit grauibus ceruix inſueta cathenis;
155 264 603 287 Arcebunt teneras vincula dira manus.
125 294 640 323 Ergo Cythereiâ complentur fercula pompâ,
154 323 591 352 Sederit Aurato cum ferus amne puor.
830 331 870 352 u
9 353 690 398 Nam cur nos pudeat tanti partem eſſe iriumphi
155 380 639 410 Si mare, ſi terras, aſtraq; victa trahat?
396 413 508 435 Id oculos.
125 438 663 469 Ter Phœbus ſolito feſſos lauat æquore currus,
155 468 599 498 Ter ſoror in fuluis alba recurrit equis:
1 493 60 512 e
60 496 609 533 Aſſidue noſtros vexant inſomnia ſenſus,
844 507 870 533 u
153 526 586 555 Qualia ſub Pœno Regulus hoſte tulit.
63 555 594 586 Non dabitur curis furari poſſe quietem?
138 586 631 614 Languida nec veniet ſerus in oſſa ſopor ?
122 613 622 644 Indignum eſt Pœnas alienæ pendere culpæ
843 621 870 644 i
153 643 654 670 Nil ego commerui: lumina crimen habent.
121 672 667 700 Nil ego commerui: vos, lumina crimen habetis:
842 681 870 703 hs
150 702 595 733 Vos eſtis placidi fonſq; caputque mali.
5 729 597 770 Nam ſimul hæſiſtis diuinæ capta figuræ,
842 741 870 762 ur
152 759 618 790 Terſenſi in miſerum lapſa venena iecur.
121 790 740 821 Euomite hun ſubito, male quem potaſtis, Amorem;
4 796 35 811 i
152 818 599 847 Ne inſontes artus pocula dira crement.
843 832 868 858 Mu
3 847 592 879 Flagrauit meliore rogo Tyrinthia virtus,
841 859 869 881 ui
151 878 663 910 Quando in Theſſalico ſcandit in aſtra iugo.
2 879 642 937 Flere igitur,flendoq; nocens difundite virus
843 918 870 940 ti
148 935 660 968 Diſcire de lachrymis qum ſit amarus Amor.
118 964 679 997 Vix oculis hæc fatus eram, cum, flebimus, aiunt,
844 977 870 998 u
147 993 563 1027 Ibimus in triſtes vnus & alter aquas.
119 1023 691 1059 Si noſtram ob culpam te Cypria flamma perurit,
148 1052 669 1088 Præſentem flammæ mox feret humor opem,
117 1080 678 1115 Flete, inquam, domiti prodeſt quid fletus ocelli?
103 1111 606 1151 Ni madeat lachrimis, arſerit igne caput.
742 1139 824 1175 A
