872 1312
317 58 517 82 AVRATI.
188 97 577 127 Ad D. Seguierium in ſuprema Præ-
357 127 443 155 ſidem.
72 155 548 186 Si quis in humanis felix tot caſibus eſſe,
80 186 587 215 Dic & iure poteſt: felix eſt dictus, eratque
63 216 563 244 Seguierus. Præſes in primâ ſede ſecundus:
78 243 614 274 Qui, licet a proavum clarorum natus honeſtâ
75 274 536 304 Stupe, tamen virtute ſuâ maioribus ipſe
76 304 525 333 Præluxitq;, ſuos illuſtrauitq; minores.
77 333 606 362 Namq; hic ille Faber ſapiens, qui fabricat ipſi
75 362 578 385 Fortunam ſibi: nec titulis contentus auitis,
76 391 537 422 Efficit vt nouitas ſua par ſit nobilis acta.
76 422 584 452 Non illo quiſquam iuuenili ætate patronus
75 452 478 480 Acrior innocuitutari iura clientis:
77 479 577 509 Non reſponſa dare obſcuro deiure petenti
75 511 653 540 Nec quem magnorum vel gratia vel minus aurum
75 540 525 568 De recto poſſet deflectere limite iuris.
74 569 711 599 Nec tamen inde minus ſummis quoq; gratus, & imis:
75 597 562 626 Vſq; ſed aſcitus magnis ad maxima rerum
74 627 621 657 Conſulta, & paruis operam dans vſq; fidelem.
74 657 609 687 Ergo non pretium, non ambitus extulit illum
74 687 633 716 Præſidis ad ſedem: ſed præſidium quia Regni
76 716 643 745 Nobilium , & populi, dabat hunc ſua fama videri
75 745 568 770 Nec mendax ea fama fuit, ſed vicit & illam
74 775 535 804 Auguſta reſidens in tali ſede tot annos:
76 805 611 835 Per quos non vnquam vel cauſæ fauit iniquæ;
75 833 600 863 Durior aut fuit in cuiuſquam crimina Iudex:
70 863 707 894 Iura ſed exque bono ſemper moderatus, & æquo eſt;
76 892 568 923 Sic de Iudiciis vt poſſet neutra queri pars:
74 922 586 953 Sed victa & victrix pariter decreta probaret.
72 951 651 975 Plebem onerare nouis non conſcius ille tributiss
75 981 614 1011 Condere non noua iura, magiſtratusve creare:
75 1011 640 1041 Sed veterum pariter legum, veterumq; ſacrorum
74 1039 625 1070 Suaſor, & vſque piis, & vindex æquus iniquis.
73 1068 611 1098 Nec mirum formaſſe virum ſis publica recte:
63 1097 662 1135 Se prius ipſe, ſuamqs domum formauerat omnem
706 1128 747 1154 Ad
