872 1312
340 60 547 82 IOANNIS
130 96 600 126 Ad diſciplinæ veteris normamq; decuſq;:
131 125 646 156 Egregiumq; gregem, quo non felicior alter,
130 155 670 184 Natorum, & natarum, & qui naſcuntur abillis;
131 184 591 208 Sic aluit, ſic inſtituit cum Matre laboris
130 214 658 242 In partem veniente pudicarum decus ingens
132 243 627 273 Quæ matronarum tota ſpectantur in vrbe
130 272 637 301 Maximus vt natu mores cum nomine patris
133 300 637 331 Officiumq; gerat, Præfecti e munere Præſes.
131 331 658 359 Vtq;, pater natum, ſic fratrem frater adoptans.
130 359 624 387 Alter ad alterius partes venere gerendas,
132 388 640 418 Rege fauente pio, totoque probante Sentu,
133 418 584 446 Ciuibus vrbaniſq,:quibus prætoria iura
132 447 599 475 Vna domus Seguiera videtur dicere nata:
133 475 696 502 Tam bene frater obit fraternas iam quoq; partes
134 504 651 535 Quid memorem, lectus qui Clerica iura tueri
131 533 669 564 Iam iuuenis, vertit totum in ſe voce ſenatum?
132 562 628 593 Quid, cui ſignandos cura eſt audire libellos?
131 592 621 621 Quid, qui a conſiliis Regis dignatus haberi
131 621 652 650 Artibus & ſtudiis, pluſquam maturior annis?
131 651 630 679 Denique nulla domus felici de patre nata,
133 680 650 709 Non felix ſoboles, ſeu quis ſpectauerit artes,
132 709 678 737 Seu linguam, ſiue ingenium, ſeu deniq; mores,
132 737 687 759 Nullus & hinc munus non eſt ſortitus honeſum
131 767 634 796 Natorum : tædis neque non felicibus aucta,
131 795 671 824 Vlla ſoror, ſponſi fratres vt honoribus æquent.
130 826 612 855 Felix ergo pater, qui tam felice tot annos
132 855 601 879 Sorte Senex, natos ex ſe tot vidit adultos:
132 883 658 912 Omnes inſignes meritis, & honoribus omnes,
129 913 607 942 Per quos ipſe ſibi viuit poſt fata ſuperſtes.
307 953 568 973 Ad. Io. Brinonem Strenæ.
275 992 621 1013 VILLANIS
127 1022 527 1052 Vnam da mihi ſllabam decemq;
128 1051 474 1081 In verſus, Da, non laborioſos,
127 1080 485 1109 Vices ſufficiant bus vl ægri,
