872 1312
366 64 610 87 IOANNIS
123 100 501 128 Vicini nemoris petebat vmbras,
123 130 502 159 Lucis quo mediæ leuaret æſtum,
123 159 504 182 Cæco Pan videt abditus ſalicto:
123 188 601 219 Nec longum, & iecur impotente flamm
123 218 428 245 Arſit Semicapri libidinoſi.
123 247 587 276 Tum ſecum; quid, ait, quid hoc negoci?
123 276 502 305 Multas heic ego ſæpe conſpicatus
123 305 529 336 Nymphas ſum lepidas & elegantes;
124 336 515 364 Sed nullam tamen eleganiiorem
123 365 530 392 Hc nunquam memini videre ripâ;
124 393 531 423 Nec quam, ſi liceat, magis ſub arcto
126 423 498 451 Seductam cupiam tenere dumo.
124 452 471 480 Formido ſed & ipſa ne ſit vna
123 480 503 504 Caſtarum comitum Dianiarum,
124 510 503 540 Quam ſi tangere coner, & vocata
123 540 492 570 Accurrat Dea ſæua; mille toruos
123 568 557 597 Immitat mihi, quos habet, moloſſos.
123 597 529 626 Nam trux eſt Dea: teſtis eſt atrocis
123 626 419 649 Actæon male curioſus iræ.
123 656 495 685 Quare ledere nunc eam caueto,
128 685 630 716 Sed quid ſi hæc lepida & venuſta Nympha
124 713 536 742 Non eſt de grege nec choro Dianæ.
123 744 507 773 Immo Naiadum proeacium vna?
124 772 496 801 Quales finitimi ſub annis vndis,
123 802 484 833 Multas aſſidue audio iocantes:
122 831 514 859 Veram tangere fas mihi nec illas,
120 860 531 892 Done ſe liquido tenent in amne:
122 889 544 919 Nam denſis mihi corpus omne villis
120 919 502 947 Horret, caudaq; longiore ſeta eſt,
122 947 584 977 Ex quo ſum minus aptus ad natandum.
122 979 524 1008 Certe nuper ego inſequebar vnam
122 1007 486 1036 Harum Nai adum fugaciorum;
122 1035 578 1066 Iamq; in margine ſluminis prehenſam,
123 1065 522 1091 Captiuam valida manu trahebam:
123 1093 478 1127 Viderunt ſociæ, ſimulq; iuncta
721 1130 794 1158 Illam
