872 1312
321 65 492 88 AVRAT.
51 92 507 135 Ilam dum retrahunt, in amnis vndas
51 134 453 163 Abducunt ſociamque ſeq;, meq;.
51 162 495 193 Inſuetum indocilemq; me natandi,
51 193 493 222 Multo corpus & imbre degrauatum
51 220 449 248 Vaſtis fluctibus, obruiſſet amnis,
50 250 420 280 Apprenſo niſi fortiter vetuſtæ
66 281 439 311 Alni ſtipite, ſeminaufragus iam
51 311 435 341 Vix e gurgite vxq; prodiſſem;
51 341 429 370 Diſtantibus hinc & inde villis,
62 370 503 399 Et tantum reuomens ab ore lymphæ,
51 399 484 429 Quantum vix duo tres ve ſemicrudi
51 430 323 459 Sileni Mareotici Lyei.
51 458 359 487 Ex illo, ſolo cauere ripas
51 487 520 518 At nunc quid faciam? parata prædaeſt
51 518 401 547 Et tutus locus, & nihil pericli.
60 547 489 578 Huc vltro venit ecce nec videt me
51 577 460 607 Nympharum facie tenerrima vna.
59 606 488 635 Linquens & latebras ſuas & amnem
51 634 423 665 Sævâ lampade ſolis æſtuantem,
51 665 483 696 Et frigus nemoris petens propinqui.
51 696 429 724 En ipſa in laqueos cadit rapina.
50 724 544 757 Quid nunc heic moror, aut adire cunctor?
51 754 456 783 Ibo, quamq; mihi benignus offert
51 783 472 809 Prædam Mercurius, feram libenter.
51 813 492 843 Vix hæc;cum ſubito, nihilq; cunctans
51 841 405 871 Denſo proſilit acer e fruteto.
57 873 450 903 Vt Lucanus aper, vel Vmber vrſus
50 902 435 931 Cum latratibus exitus nigranti
50 929 389 959 Erumpit metuendus iliceto
50 960 449 991 Magno cum viridis fragore ſyluæ
50 991 413 1020 Talem ſe Deus obtulit repente
54 1021 404 1050 Infelix, neq; ſuſtinet morari,
56 1052 487 1080 Vltro dum veniens ad alta Nymphæ
55 1080 470 1111 Imprudens nemora, in ſibi paratas
55 1109 446 1139 De: ſſe inſidias, iacenlq;, lomno
697 1143 734 1166 Sie
