872 1312
321 65 492 88 AVRAT.
709 71 748 93 a2
32 92 507 135 Ilam dum retrahunt, in amnis vndas
32 134 453 163 Abducunt ſociamque ſeq;, meq;.
33 162 495 193 Inſuetum indocilemq; me natandi,
33 193 493 222 Multo corpus & imbre degrauatum
33 221 449 248 Vaſtis fluctibus, obruiſſet amnis,
36 251 420 280 Apprenſo niſi fortiter vetuſtæ
66 281 439 311 Alni ſtipite, ſeminaufragus iam
33 311 435 341 Vix e gurgite vxq; prodiſſem;
33 341 429 370 Diſtantibus hinc & inde villis,
62 370 503 399 Et tantum reuomens ab ore lymphæ,
35 400 484 429 Quantum vix duo tres ve ſemicrudi
33 430 323 459 Sileni Mareotici Lyei.
34 458 359 487 Ex illo, ſolo cauere ripas
33 488 520 518 At nunc quid faciam? parata prædaeſt
28 518 401 547 Et tutus locus, & nihil pericli.
60 547 489 578 Huc vltro venit ecce nec videt me
33 577 460 608 Nympharum facie tenerrima vna.
59 606 488 635 Linquens & latebras ſuas & amnem
34 635 423 665 Sævâ lampade ſolis æſtuantem,
33 666 483 696 Et frigus nemoris petens propinqui.
34 696 429 724 En ipſa in laqueos cadit rapina.
31 725 544 757 Quid nunc heic moror, aut adire cunctor?
34 754 456 783 Ibo, quamq; mihi benignus offert
7 784 472 809 Prædam Mercurius, feram libenter.
35 813 492 843 Vix hæc;cum ſubito, nihilq; cunctans
36 842 405 871 Denſo proſilit acer e fruteto.
57 873 450 903 Vt Lucanus aper, vel Vmber vrſus
36 902 435 931 Cum latratibus exitus nigranti
36 930 389 959 Erumpit metuendus iliceto
35 961 449 991 Magno cum viridis fragore ſyluæ
37 991 413 1020 Talem ſe Deus obtulit repente
54 1021 404 1050 Infelix, neq; ſuſtinet morari,
56 1052 487 1080 Vltro dum veniens ad alta Nymphæ
55 1080 470 1111 Imprudens nemora, in ſibi paratas
55 1109 446 1139 De: ſſe inſidias, iacenlq;, lomno
697 1143 734 1166 Sie
