872 1312
348 55 600 89 IOANNIS
108 102 513 133 Sit procliuius hoſtibus trophæum.
109 130 545 161 Sic præceps amor eſt, & id quod optat
107 160 560 189 Dum vult præpropere, ſtudetq; apilci,
108 190 520 222 Spe plerumq; ſuâ exciditque voto.
107 222 510 248 Ergo trux tuit. & ruens pauentem
110 246 546 276 ultu territat impetuque Nympham.
110 278 471 305 Velocis ſibi conſcia illa plantæ,
112 307 478 336 Nativæque memor fugacitatis,
111 336 486 365 Extemplo volat ocyor procella;
116 365 522 394 Nec Pan ſegnius inſtat: atque vires
114 394 478 424 Diſpar pæne pares vtrique cauſa
116 422 547 452 Addit; præda Deo, ſaluſque Nymphæ.
117 453 507 482 Certamenq;, diu vigebat æquum,
117 482 485 512 Nec pernicior huic erat, nec illi
116 511 498 541 Curſus; donec amoris & pudoris
121 541 468 569 Iuncto fixus aculeo, moræque
122 569 481 597 Iam Pan impatiens, & a tenellâ
121 599 512 627 Vinci ſe prope virgine erubeſcens;
120 628 513 656 Non currit, ſed agreſtis alta capræ
121 656 512 686 Ritu crura leuis pedeſque tollens,
120 687 525 715 Nympham ſaltibus arduis fatigat.
120 716 526 746 Quæ cum iam fere iamque ſe teneri
123 745 496 774 Sentiret, neq; qua ſubiret vndas
121 775 493 804 Noti fluminis aut procul videret
121 804 560 835 Quando ſpes opis, inquit. eſt in amne
122 833 501 857 Aſueto mihi nulla; tu dehiſcens
122 862 558 892 Tellus, me, mod virginem, reconde.
123 892 519 919 Vix hæc; cum ſubito patens hiatu
123 922 527 950 Corpus ſupplicis hauſit ima tellus,
123 950 518 980 Mox rurſus coit, atque ſigna raptæ
122 981 504 1009 Dolet virginis, at Deus remotam
123 1009 503 1039 Ipſis manibus dolens rapinam
124 1039 518 1069 Inſuetum furit; vngulæque furcâ
124 1069 549 1091 Aut terram cauat, aut bidente corn
127 1098 484 1122 Glcbas eruit, os ſibi inuidentes
735 1131 797 1152 Caræ
