872 1312
319 59 518 82 AVRATI.
713 60 750 84 o
38 96 466 128 Caræ virginis, erutaque demens
79 128 405 156 Illam ſe reperire poſſe terra
80 157 474 187 Sperat: ſæpe timens, acuta lædant
80 185 561 215 Ne fors cornua vulnerentque Nympham,
80 216 491 244 Iram comprimit; atque lacrymoſas
82 246 462 276 Supplex ora reſoluit in querelas:
82 274 515 303 Cur ſic me miſerum verere Nymphæ?
81 304 531 335 Cur tanquam Libycum fugis leonem;
81 335 445 358 Non te dilacerare, non nocere,
81 363 462 392 Cur me ſic fugeres, tibi parabam
79 392 440 416 Geſto cornua, ſed cruore ſicca:
80 422 474 447 Sunt & flumina cornibus decora;
77 451 470 476 Nec vitas tamen illa, ſicut & me.
78 481 394 511 At villoſior eſt, piloſiorque
78 508 501 540 Pellis ſmma mihi: ſed antra muſco
79 539 501 567 Et vos denſa iuvant cutiſq; mollem
79 569 459 598 Vt læuis decet atq; glabra ſexum;
81 598 459 627 Sic promiſla mares per ora ſylua.
80 627 477 658 Quod ſi ponere dura corda velles,
80 657 468 687 Contactuſque meos pati, nec atrâ
81 686 487 715 Malles heic latitare ſub cauernâ,
82 713 528 745 Quam, dum me modo defugis, ſubi;
81 745 435 772 Fxim ne redamaſſe peniteret.
81 774 450 804 Sunt ſyluæ mihi floribuſq; texta
81 802 519 828 Sunt vmbracula: ſunt & antra vſtris
81 832 457 862 Non cedentia, & aptiora cunctis
80 861 490 893 Anni temporibus: calor per æſtum
83 892 444 922 Excluſus foliiſque frontibuſq;
80 919 533 952 Non lædit: grauis hic tepet Decembesr
83 950 470 980 Ventos hinc abigentibus peraltis
83 980 414 1010 Fagis, ilicibuſq; fraxiniſque.
82 1008 461 1039 At veſtræ laiebræ & lares aquoſi,
82 1040 464 1068 Feruent ſolibus, & gelantur acri
82 1068 542 1097 Brumæ frigore: nec puto natantum
39 1096 557 1128 Grex veſter grege pulchior ferarum eſt,
685 1124 746 1153 Qus
420 1129 480 1150 a
