872 1312
346 60 569 94 IOANNIS
122 98 480 129 Quas tu mille die videbis ame
118 128 539 155 Pictarum volucrum. tot adde poma,
119 157 551 186 Flores, noſtra quibus teguntur antra.
120 187 511 216 Nec me ruſticioris eſſe, ſemper
122 217 528 246 Quod ſyluis moror, ingenii putato.
121 246 488 274 Eſt ſeptem mihi diſpares cicutas
118 275 525 306 Iungens fiſtula, per ſuoſq; creſcens
120 306 492 334 Cliuos atq; gradus, & apta cerâ,
120 334 569 363 Quam percurrere mos hiante labro eſt
121 363 586 392 Per luſum mihi, nec pudet quod vncum
122 392 555 420 inc labrum gero turpiter ſupernum:
123 422 573 451 Aut buccas quod habere cernor ambas
117 451 472 474 Inflandis calamis tumentiores
119 480 543 504 Factas; totus amor mihi Camœnæ.
118 509 482 538 Ouod ſi tu ſocias amas choreas,
119 539 496 561 Veſtris ars mea conuenit choreis.
122 568 490 597 Grata commodus arte fiſtulator
117 596 494 624 Veſtris luſibus intereſſe poſſum,
119 626 524 656 Dum ne me fugias, ameſq; mecum
119 656 495 684 Syluarum placidas amœnitates:
118 685 522 715 Nec me dura tuum ſinas amantem
118 713 508 740 Heic tabeſcere rore lachrimarum,
120 742 502 773 Quas, donec miſerata me meosq;
117 773 507 800 Indignos gemitus, ab hac cauernâ
116 802 488 831 Emergas, ſine fine perpluiſcam.
114 831 493 861 Non audis? & adhuc latere pergis
115 860 480 888 Crudelis? neq; dimoues ab ore
117 889 494 918 Obſtantes caput exerens arenas?
114 919 537 948 Atvos, Dii quibus eſt minore noſtrâ
112 948 477 977 Dium gente capacior poteſtas,
113 977 466 1002 Huius Naidis obſtinati corda.
112 1005 462 1036 Inſinite aliquo perenne facto
112 1035 478 1065 Ne ſit Panis inultus acer ardor.
110 1065 562 1096 Vix hæc, cum tremefacta terra paulum
108 1095 490 1126 Dilceſſit, ſuperaſq; mox in autas
711 1136 786 1168 Fons
