872 1312
347 85 520 110 AVRATI.
89 120 471 150 Fons argenteus emicat, nec vllo
92 150 507 182 Limo turbidus, & videre per quem
92 179 518 207 Aſummo ac numerarefas ad vnum
92 211 457 235 Omnes vel tenuiſſimas arenas.
88 239 497 265 Pan miratur, & admouens recenti
92 267 447 299 Se fonti p copius, videt repente
92 298 453 329 Duros ſe lquidis aquis lapillos
93 327 427 358 Conſlari ſinbuſq; vorticoſis
90 356 449 388 Inteſtina velut ſimul globari.
89 386 514 417 Agnoſco; liquet eſſe, clamat illam
89 415 482 447 Ploratam mihi tam diu puellam,
88 444 454 477 Sed mutata, nefas docet, figura:
87 474 457 503 Qui puri fuit oris ante candor,
86 503 491 535 Inſplendentis aquæ nitore reſtat;
88 534 482 566 Et quos hæc habuit pedes fugaces
89 564 512 596 Seruat nunc fugitiuus humor: imas
84 592 495 625 Per valles trepidat. leuique plantâ
91 622 511 655 Tamquam me fugiens, abit citatus
85 652 458 681 Amnem ſicut amauit vda Nais,
84 681 440 716 Et notæ faciles in amneluſus
84 711 453 745 Ferri: nec puto poſſe dedecori
85 739 467 773 Illos illud iter morante, quamuis
85 768 478 799 Curſus obiice per viam iacentum
84 799 479 833 Decliuem lapidumq; frondiumq;
86 829 547 864 Sed quid ſaxa volunt oborta lymphis,
82 859 466 887 Atq; in viſcera torta conuoluta?
83 888 495 922 An ſunt hæc quoq;, quæ fuere viuæ
83 917 497 953 Nymphæ ſaxea viſcera? Ah miſella,
83 947 456 981 Ergo tu documenta ſempiterna
82 976 437 1007 Lentæ duritiæ datura nunc es:
83 1006 410 1039 Exemploq; tuo tuaq; pœnâ,
82 1034 495 1072 Prudens altera poſtmodum cauebit
83 1065 470 1095 Se præbere puella contumacem.
81 1093 463 1132 Hoc ſolatiolum tamen doloris
81 1123 540 1165 Te certum manet vt tum propinquus
