872 1312
1 33 61 60 r
342 88 570 111 IOANNIS
114 93 154 118 t
111 126 526 156 Seruet nomen ager, nitenſq; villa;
111 155 499 185 Et Brinonibus vſque ſub colonis
111 185 483 207 Vt felix maneas: ſed inter illos
112 215 451 243 Omnes exorietur Vnus olim
111 242 500 272 Vt ſyluis anus eſt mihi ſub altis
111 273 480 302 Nuper vaticinata qui priores
111 303 473 332 Vincens ingenio tuos colonos
110 332 486 361 Ingenti celebret ſubinde turbâ
111 361 492 391 Doctorum latices tuos virorum:
118 390 527 420 Quorum carminibuſque laudibuſq;
113 420 488 450 Sic & tu celebraberis, tuumque
112 449 508 474 Nomen nobile fiet inter omnes,
114 477 512 506 Vt fons Blanduſiæ inuidere poſſit.
115 506 557 536 Hæc Pan; & ſua ſe ſub antra mœſtum
113 536 484 563 Ac triſtem recipit: nec inſecuta
112 565 480 596 Sortem tardior eſt ſides anilem.
113 595 496 624 Ianus Brino colit, colatq; villam
115 624 511 651 Nternum precor; & viros diſertos
113 653 449 682 Illuc ducere ſæpe ruſticatum
114 683 539 711 Sueuit; cum quibus & vocatus olim
113 712 526 741 Auratus, breue nunc & iple carmen
113 741 553 772 Fontem deproperauit in ſtupendum;
115 770 568 801 Quo te Brino ſuum primum patronum
115 801 495 825 Anns nunc ineunte muneratur.
357 833 533 859 Ad l. Binetum.
112 857 650 891 Cum fora cum lites, Binete, ſequaris & aulas,
112 888 603 917 Nil quibus a Muſis alienius eſt, & amœnis
111 917 682 949 Nympharum choreis, & capripedum Faunorum.
111 947 718 981 Quis non miretur quod transfuga factus honoru,
110 976 618 1008 Atque forenſium opum, per Iuſtitialia feſta
111 1005 604 1040 Vrbanis procula rixis ad agros, & agreſtes
110 1034 632 1067 Deliciaſq; canum & venantum deficis vltro;
112 1065 531 1098 Et Palatinæ fis Palladis atque Dianæ
111 1093 617 1129 Alternus, quarum tractas certâ vice partes;
108 1121 728 1159 Pesfota nuns, nunc per nemora auia venahns
716 1159 805 1188 Sedu-
