872 1312
338 73 519 98 AVRATI.
721 78 759 100 te
97 112 600 143 Sedulus inq; feris captandus, inque rapinis
96 143 750 171 Altivolantum auium, ſquammatorumque natantum
98 172 592 203 Quas tu deſcribens ſolers venaticus artes
100 200 634 231 Gratius vt Latiuſq;, & Græcus vt Oppius ille,
97 233 641 262 Par vrique decus, parilemq; merere coronam.
239 260 605 292 Ad Renerendis. Epiſtopum Pariſi-
394 292 463 317 enſem.
98 318 617 349 Vinea parua quidem, ſed pauperis illa poetæ
126 349 546 376 Diuitiæ: mihi te Præſule contigerat.
37 378 675 406 Sed tribus ante annis, nouus in vineta Lyeurgus,
125 407 558 432 Vinitor in ſteriles verterat illa rubos.
96 437 622 467 Vititolas ego mox viſenda ad damna vocaui:
128 466 614 497 Contra cultorem iudiciumque datum eſt.
97 496 663 525 Damna ego dum repeto, iudcx agreſtis agrorum
37 525 492 556 Decernit rurſus viſere viſa prius.
100 554 629 584 O ius iniuſtum quis enim mea iudicet annis
128 584 595 613 Corrupta anre tribus, & reparata tribus,
98 613 630 636 Eſſe iterum viſenda: nec illo ius det ab anno,
119 643 530 673 Quo corrupta fuit vinea tota prius?
98 670 650 702 Quare te precor, o GoNDI iuſtiſſime iudex,
126 702 490 723 Vinea iudicio ne ſit inulta tuo.
98 731 601 760 Nam ſimul vt læſæ vites, læſi quoque vates;
126 760 543 791 Cum poſſint vates nil ſine vitis ope.
321 792 494 812 AdcCl. Binetum.
98 819 539 847 Binetus vineta mihi ſi præbita ſeruet;
97 848 565 880 Non iam Binetus ſed vinetus mihi fet:
97 879 596 911 Et quæ vina bibam poſt hac Binetia dicam.
247 908 637 931 Ad Ludouicum Duretum Medicm.
96 935 699 966 Accipe non duro, DVRETE, hæc carmina vults,
128 966 573 996 Si collega meus nuper, amicus adhuc.
102 995 602 1025 Necdubito quin ſis, & ſis ſine fine futurus:
128 1026 511 1056 Si modo Dureti durior ære fides.
100 1054 582 1083 Si mod Dureti durare perennia pars eſt
128 1084 630 1113 Singula quæque, libros, nomen, amicitiam.
105 1112 641 1144 Namque tuum Duretenihil durabile non eſt:
736 1142 842 1168 As
