872 1312
365 69 593 91 IOANNIS
161 104 621 134 Ars tuaq; vt durent corpora ſalua, facit.
129 134 608 163 Et ſaluæ ſaluo durant in corpore mentes,
162 164 647 194 Mentibus & ſaluis carmina mentis opus.
11 174 660 227 Asæee pes imu huius & huius Asollos
163 223 707 253 Quam tu iamdudum es quamq; profeſlus ego
10 228 46 254 I
132 252 624 282 Tu facis v docti valeant vigeantq; potæ
159 281 635 312 Qupd faciunt vates artis opiſque tuæ eſt.
129 311 666 340 Carmina quæ facio, debentur cuncta medenti,
159 341 633 370 Arsq; mea hæc omnis pendet ab arte tua.
129 370 610 400 Quod ſi noſtra ſuos te facundia neruos,
158 399 631 429 Robur in aſſiduos ſumit & vſque modos.
130 428 658 462 Quiq; tuus præſes, mes eſt & præſul Apollo,
159 458 571 486 Euſdemq; dei cultor vterq; ſumus.
9 480 651 518 t. Quis dubitet quin ſit fœdus commune poetis
156 516 590 546 Et medicis, vnus cum ſit vtriſq; deus?
73 544 643 575 Quæ ſi ita vera putas; ſocii da pignus amoris
157 576 686 608 Hoc ilii, vt Auratum quiſquis amabit, ames.
126 603 726 635 Huic faueat tua mens, mea cui mens cumq; fauebit,
152 635 666 663 Hunc ego quem cupio, cumq; iuuare iuves.
123 663 574 692 Vt certe cupio, qui noſtra Valetius ad te
150 693 623 720 Hæc tulit imparibus carmina luſa modis.
122 721 657 750 Qui tua nunc, per me, ſuffragia ſedulus ambit:
150 750 659 784 Muſaq; per quem nunc ambitioſa mea eſt.
120 780 579 811 Nam licet ambitio res eſt aliena poetæ;
147 811 548 836 Laus patriæ non eſt res aliena mihi.
832 818 869 844 u
109 837 598 866 Ille mihi patriæ. ſtudio tibi iunctus & arte:
831 850 870 869 l
142 867 592 898 Ille fauore meo eſt dignus, & ille tuo.
243 899 637 929 Ad Ducem Franciſcum Regi fratrem.
116 927 676 957 Maxima laus fratrum, par nobile ſemi Deorum,
146 957 616 988 Ouos concors pietas iunxerat atq; fides.
117 985 675 1020 Carorus auſpicium dans fratri bella ſecundum,
142 1015 619 1043 Henrico, Henricus, fratris in arma fidem.
95 1044 659 1076 Nunc quoq;, par fratrum parili pietate duorum
829 1051 870 1081 n
141 1074 570 1102 Quales Tyndaridæ fama fuiſſe refert.
103 1096 655 1139 Ninc patris Henticus nomen ſortitus & omen;
709 1139 828 1167 Illine
