872 1312
317 70 517 93 AVRH
108 108 536 133 Illinc Franciſcus nomen & omen aui
78 139 607 168 Qui quam maiorum virtus per ſecula famam
110 168 541 199 Quæſiuit, Gallis hanc periiſſe vetant:
80 199 629 227 Dum patriam Henricus felicibus aſſerit armis;
115 227 555 257 Franciſcus ſtatris dum vice bellagerit.
84 257 569 290 Q par & pietas & felisx gloria fratrum,
114 287 579 315 Carmine Muſarum digna perenne cani:
57 317 594 346 Ne pereat longi conſumpta â dentibus æui,
114 346 556 375 Sed magis inq; die floreat, inq; dies.
57 366 572 405 Tu Franciſce tua Muſis pro parte faueto;
111 405 562 434 Quique colunt illas ſemper egere veta.
57 434 598 465 Commendetq; tuus Regi fauor vſq; Poetas,
110 464 601 491 Qui dulcis & Regis nomen ad aſtra ferant.
80 493 641 523 Velpotius, referaut vos ſidus in aſtra gemellum,
107 522 542 552 Tyndaridas veteres vt retulere duos:
79 553 585 583 Non vice vt alternâ vobis ſit caſus & ortus;
108 582 539 612 Veſtra ſed aterno ſtella nitore micet.
57 610 535 639 i, Gloria namq; tui fratris, tua gloria ſiet;
108 640 496 665 Tu fratris viues, laudibus ille tuis.
259 670 578 700 De mirabili Rginæ matris viſi.
56 699 625 731 Viſa columna micans flammis de nocte parenti
105 730 513 759 Regis , materno cor micuitq; metu.
57 757 616 794 Quale quod Alcmenæ turbauit pectora viſum,
57 789 551 818 Cam tener eliſit monſtra gemella puer.
73 819 536 849 Mira quid iſta velit diuinæ noctis imago
104 848 583 876 Iam liquet, euentus iam dedit ipſe fidem.
73 877 585 909 Sed maiora inſtant, veracibus vt mihi ſignis
57 907 519 931 Monſtrat, diuinâ Delius arte Deus.
57 934 596 969 Nocturnæ quiſquis cognouit imaginis artem,
100 966 590 993 Filius huic patriæ firma columna domus.
57 995 549 1028 Ignis vt Aſcanii crines, Lauinia lambens
100 1026 547 1056 Siue tuos, ſolitus grande notare decus
71 1055 590 1081 Grande decus venit hoc viſis e talibus anno
97 1083 561 1113 Per geminos fratres, Gallica terra, tibi.
56 1112 577 1146 Ila columna ingens ardeſcere viſa parenti,
666 1147 737 1181 Grani
