872 1312
379 79 618 102 IOANNIS
167 114 695 144 Grande decus patriæ monſtrat adeſſe nouum.
137 145 609 174 Si tamen vlterior verbis audacia detur,
164 174 594 196 Tu diuine fidem teſtis Homere dabis.
134 204 741 233 Tu geminas memoras portare Athlanta columnast,
165 233 624 261 Mobile quæ cœli pondus vtriq; tenent.
134 261 675 291 Vertitur axis in his cœleſtis vtrinq; columnis,
165 291 585 319 Et cœli geminus dicitur inde polus.
135 320 679 348 æ ſunt quas Athlas fert cælifer ille columnas,
165 350 614 378 Pro feſſo Alcides quas & Atlante tulit.
133 378 622 407 Illa columna duplex, Reginæ viſa parenti
164 407 611 432 Vnica, fraternam monſtrat amicitiam.
134 436 687 466 Vel, quia con ſpicuus polus eſt mortalibus vnus,
162 466 588 494 Vnica pro duplici viſa columna poli.
133 494 729 523 Illa columna, micans ſtellis flammantibus Arctos,
162 525 650 553 Vnde nitor Gallis iam micat ecce duplex.
134 553 641 582 Splendor ab Arctoo iam Regi fulſerat axe,
164 583 576 611 Cæſareum coniux Eliſabeta genus.
133 612 700 640 Nunc vocat Henricum polus ecce Polonius vltro,
161 641 566 670 Vt micet Arctoi ſidus & ipſe poli.
132 670 630 700 Fallor, &â viſæ rutilo ſplendore columuæ,
161 699 669 728 Quæ viſa eſt ſimplex, cum foret illa duplex:
133 729 667 757 Carolus innuitur, nouus ipſe columnifer Atlas
164 757 598 781 Cui ſuus Alcides frater & alter adeſt?
131 787 616 816 Carolus eſt cæli qui Galli pondera portat,
162 816 584 844 Henricus gratâ quem leuat ipſe vice.
131 845 711 875 Res & in immenſum quia fert concordia paruas,
162 875 647 905 Terminus idem olim Galliæ & orbis erit.
132 904 633 935 Axis vterque polus fratri parebit vtrique;
160 934 585 962 Hie reget Arctoos; ille ſed Heſperios.
131 961 599 989 Cœlifer hic Athlas, Alcides cælifer alter,
161 992 678 1023 Qui vice concordi pondus vtrumque ferant.
235 1023 630 1050 Ad B,. virginem Mariam Claricam.
132 1050 629 1082 Virgo, piis votis miracula clara precantum
159 1080 675 1107 Quæ facis, & clarum Clarica nomen habes:
129 1109 762 1142 H ,, Is Sguonon Rex Fiancis atquePolonis
751 1139 796 1171 Cla
