<PcGts xmlns="http://schema.primaresearch.org/PAGE/gts/pagecontent/2017-07-15" xmlns:xsi="http://www.w3.org/2001/XMLSchema-instance" xsi:schemaLocation="http://schema.primaresearch.org/PAGE/gts/pagecontent/2017-07-15 http://schema.primaresearch.org/PAGE/gts/pagecontent/2017-07-15/pagecontent.xsd"><Metadata><Creator>User123</Creator><Created>2020-04-19T01:00:16</Created><LastChange>2020-04-19T01:00:16</LastChange></Metadata><Page imageFilename="0357.png" imageHeight="1312" imageWidth="872"><TextRegion id="r0" type="paragraph"><Coords points="1,1 870,1 870,1310 1,1310"/><TextLine id="r0_l001"><Coords points="63,60 63,34 1,34 1,61 38,61"/><TextEquiv index="1"><Unicode>m</Unicode></TextEquiv></TextLine><TextLine id="r0_l002"><Coords points="49,61 36,62 31,70 1,71 1,98 49,98"/><TextEquiv index="1"><Unicode></Unicode></TextEquiv></TextLine><TextLine id="r0_l003"><Coords points="379,79 379,102 618,102 618,79"/><TextEquiv index="1"><Unicode>IOANNIS</Unicode></TextEquiv></TextLine><TextLine id="r0_l004"><Coords points="134,88 134,108 171,108 171,88"/><TextEquiv index="1"><Unicode>o</Unicode></TextEquiv></TextLine><TextLine id="r0_l005"><Coords points="48,99 1,99 1,113 16,113 28,122 48,122"/><TextEquiv index="1"><Unicode>u</Unicode></TextEquiv></TextLine><TextLine id="r0_l006"><Coords points="27,129 27,122 16,114 1,114 1,135 17,135"/><TextEquiv index="1"><Unicode></Unicode></TextEquiv></TextLine><TextLine id="r0_l007"><Coords points="167,114 167,144 695,144 695,114"/><TextEquiv index="1"><Unicode>Grande decus patriæ monſtrat adeſſe nouum.</Unicode></TextEquiv></TextLine><TextLine id="r0_l008"><Coords points="838,121 838,144 870,144 870,121"/><TextEquiv index="1"><Unicode></Unicode></TextEquiv></TextLine><TextLine id="r0_l009"><Coords points="52,129 28,129 17,136 1,136 1,165 52,166"/><TextEquiv index="1"><Unicode></Unicode></TextEquiv></TextLine><TextLine id="r0_l010"><Coords points="609,145 137,145 137,172 183,172 208,174 391,172 609,174"/><TextEquiv index="1"><Unicode>Si tamen vlterior verbis audacia detur,</Unicode></TextEquiv></TextLine><TextLine id="r0_l011"><Coords points="838,152 838,178 869,178 869,152"/><TextEquiv index="1"><Unicode></Unicode></TextEquiv></TextLine><TextLine id="r0_l012"><Coords points="47,167 11,166 11,179 35,178 40,179 47,185"/><TextEquiv index="1"><Unicode>It</Unicode></TextEquiv></TextLine><TextLine id="r0_l013"><Coords points="594,175 164,174 164,196 594,196"/><TextEquiv index="1"><Unicode>Tu diuine fidem teſtis Homere dabis.</Unicode></TextEquiv></TextLine><TextLine id="r0_l014"><Coords points="839,178 839,192 870,192 870,178"/><TextEquiv index="1"><Unicode></Unicode></TextEquiv></TextLine><TextLine id="r0_l015"><Coords points="46,188 38,192 11,192 11,210 23,219 46,220"/><TextEquiv index="1"><Unicode></Unicode></TextEquiv></TextLine><TextLine id="r0_l016"><Coords points="838,192 838,207 870,207 870,192"/><TextEquiv index="1"><Unicode></Unicode></TextEquiv></TextLine><TextLine id="r0_l017"><Coords points="134,204 134,233 741,233 741,204"/><TextEquiv index="1"><Unicode>Tu geminas memoras portare Athlanta columnast,</Unicode></TextEquiv></TextLine><TextLine id="r0_l018"><Coords points="819,212 819,240 870,240 870,212"/><TextEquiv index="1"><Unicode>t</Unicode></TextEquiv></TextLine><TextLine id="r0_l019"><Coords points="45,252 39,251 38,227 32,221 21,221 17,225 10,227 10,284 45,284"/><TextEquiv index="1"><Unicode></Unicode></TextEquiv></TextLine><TextLine id="r0_l020"><Coords points="165,233 165,261 624,261 624,233"/><TextEquiv index="1"><Unicode>Mobile quæ cœli pondus vtriq; tenent.</Unicode></TextEquiv></TextLine><TextLine id="r0_l021"><Coords points="831,241 831,263 870,263 870,241"/><TextEquiv index="1"><Unicode></Unicode></TextEquiv></TextLine><TextLine id="r0_l022"><Coords points="675,261 134,261 134,289 167,289 188,291 675,291"/><TextEquiv index="1"><Unicode>Vertitur axis in his cœleſtis vtrinq; columnis,</Unicode></TextEquiv></TextLine><TextLine id="r0_l023"><Coords points="585,292 165,291 165,319 585,319"/><TextEquiv index="1"><Unicode>Et cœli geminus dicitur inde polus.</Unicode></TextEquiv></TextLine><TextLine id="r0_l024"><Coords points="837,300 837,320 870,320 870,300"/><TextEquiv index="1"><Unicode></Unicode></TextEquiv></TextLine><TextLine id="r0_l025"><Coords points="135,320 135,348 679,348 679,320"/><TextEquiv index="1"><Unicode>æ ſunt quas Athlas fert cælifer ille columnas,</Unicode></TextEquiv></TextLine><TextLine id="r0_l026"><Coords points="165,350 165,378 614,378 614,350"/><TextEquiv index="1"><Unicode>Pro feſſo Alcides quas &amp; Atlante tulit.</Unicode></TextEquiv></TextLine><TextLine id="r0_l027"><Coords points="8,345 8,388 45,388 45,345"/><TextEquiv index="1"><Unicode></Unicode></TextEquiv></TextLine><TextLine id="r0_l028"><Coords points="827,355 827,378 870,378 870,355"/><TextEquiv index="1"><Unicode></Unicode></TextEquiv></TextLine><TextLine id="r0_l029"><Coords points="133,378 133,407 622,407 622,378"/><TextEquiv index="1"><Unicode>Illa columna duplex, Reginæ viſa parenti</Unicode></TextEquiv></TextLine><TextLine id="r0_l030"><Coords points="164,407 164,432 611,432 611,407"/><TextEquiv index="1"><Unicode>Vnica, fraternam monſtrat amicitiam.</Unicode></TextEquiv></TextLine><TextLine id="r0_l031"><Coords points="687,436 660,436 656,438 417,437 186,438 166,436 134,436 134,465 687,466"/><TextEquiv index="1"><Unicode>Vel, quia con ſpicuus polus eſt mortalibus vnus,</Unicode></TextEquiv></TextLine><TextLine id="r0_l032"><Coords points="588,467 162,466 162,493 168,494 588,494"/><TextEquiv index="1"><Unicode>Vnica pro duplici viſa columna poli.</Unicode></TextEquiv></TextLine><TextLine id="r0_l033"><Coords points="7,460 7,510 65,510 65,460"/><TextEquiv index="1"><Unicode></Unicode></TextEquiv></TextLine><TextLine id="r0_l034"><Coords points="729,494 395,494 336,496 190,496 167,494 133,495 133,523 729,523"/><TextEquiv index="1"><Unicode>Illa columna, micans ſtellis flammantibus Arctos,</Unicode></TextEquiv></TextLine><TextLine id="r0_l035"><Coords points="650,526 162,525 162,552 178,553 650,553"/><TextEquiv index="1"><Unicode>Vnde nitor Gallis iam micat ecce duplex.</Unicode></TextEquiv></TextLine><TextLine id="r0_l036"><Coords points="641,556 479,553 134,553 134,582 641,582"/><TextEquiv index="1"><Unicode>Splendor ab Arctoo iam Regi fulſerat axe,</Unicode></TextEquiv></TextLine><TextLine id="r0_l037"><Coords points="164,583 164,611 576,611 576,583"/><TextEquiv index="1"><Unicode>Cæſareum coniux Eliſabeta genus.</Unicode></TextEquiv></TextLine><TextLine id="r0_l038"><Coords points="4,581 4,640 69,640 69,581"/><TextEquiv index="1"><Unicode></Unicode></TextEquiv></TextLine><TextLine id="r0_l039"><Coords points="133,612 133,640 700,640 700,612"/><TextEquiv index="1"><Unicode>Nunc vocat Henricum polus ecce Polonius vltro,</Unicode></TextEquiv></TextLine><TextLine id="r0_l040"><Coords points="161,641 161,670 566,670 566,641"/><TextEquiv index="1"><Unicode>Vt micet Arctoi ſidus &amp; ipſe poli.</Unicode></TextEquiv></TextLine><TextLine id="r0_l041"><Coords points="4,647 4,693 39,693 39,647"/><TextEquiv index="1"><Unicode></Unicode></TextEquiv></TextLine><TextLine id="r0_l042"><Coords points="630,670 132,670 132,698 214,700 630,700"/><TextEquiv index="1"><Unicode>Fallor, &amp;â viſæ rutilo ſplendore columuæ,</Unicode></TextEquiv></TextLine><TextLine id="r0_l043"><Coords points="3,693 3,725 40,725 40,693"/><TextEquiv index="1"><Unicode></Unicode></TextEquiv></TextLine><TextLine id="r0_l044"><Coords points="669,702 550,700 214,701 161,699 161,728 669,728"/><TextEquiv index="1"><Unicode>Quæ viſa eſt ſimplex, cum foret illa duplex:</Unicode></TextEquiv></TextLine><TextLine id="r0_l045"><Coords points="2,725 2,764 38,764 38,725"/><TextEquiv index="1"><Unicode></Unicode></TextEquiv></TextLine><TextLine id="r0_l046"><Coords points="133,729 133,757 667,757 667,729"/><TextEquiv index="1"><Unicode>Carolus innuitur, nouus ipſe columnifer Atlas</Unicode></TextEquiv></TextLine><TextLine id="r0_l047"><Coords points="164,757 164,781 598,781 598,757"/><TextEquiv index="1"><Unicode>Cui ſuus Alcides frater &amp; alter adeſt?</Unicode></TextEquiv></TextLine><TextLine id="r0_l048"><Coords points="616,788 516,789 398,787 131,787 131,815 616,816"/><TextEquiv index="1"><Unicode>Carolus eſt cæli qui Galli pondera portat,</Unicode></TextEquiv></TextLine><TextLine id="r0_l049"><Coords points="584,818 420,817 304,818 162,816 162,843 175,844 584,844"/><TextEquiv index="1"><Unicode>Henricus gratâ quem leuat ipſe vice.</Unicode></TextEquiv></TextLine><TextLine id="r0_l050"><Coords points="711,845 630,845 624,847 131,845 131,872 201,874 711,875"/><TextEquiv index="1"><Unicode>Res &amp; in immenſum quia fert concordia paruas,</Unicode></TextEquiv></TextLine><TextLine id="r0_l051"><Coords points="647,877 572,877 534,875 162,875 162,903 647,905"/><TextEquiv index="1"><Unicode>Terminus idem olim Galliæ &amp; orbis erit.</Unicode></TextEquiv></TextLine><TextLine id="r0_l052"><Coords points="1,892 1,957 34,957 34,892"/><TextEquiv index="1"><Unicode></Unicode></TextEquiv></TextLine><TextLine id="r0_l053"><Coords points="633,907 445,906 365,904 132,904 132,932 633,935"/><TextEquiv index="1"><Unicode>Axis vterque polus fratri parebit vtrique;</Unicode></TextEquiv></TextLine><TextLine id="r0_l054"><Coords points="830,916 830,943 870,943 870,916"/><TextEquiv index="1"><Unicode></Unicode></TextEquiv></TextLine><TextLine id="r0_l055"><Coords points="584,936 160,934 160,959 170,960 339,962 585,962"/><TextEquiv index="1"><Unicode>Hie reget Arctoos; ille ſed Heſperios.</Unicode></TextEquiv></TextLine><TextLine id="r0_l056"><Coords points="830,943 830,970 870,970 870,943"/><TextEquiv index="1"><Unicode>M</Unicode></TextEquiv></TextLine><TextLine id="r0_l057"><Coords points="599,965 131,961 131,989 599,989"/><TextEquiv index="1"><Unicode>Cœlifer hic Athlas, Alcides cælifer alter,</Unicode></TextEquiv></TextLine><TextLine id="r0_l058"><Coords points="831,972 831,994 865,994 865,972"/><TextEquiv index="1"><Unicode></Unicode></TextEquiv></TextLine><TextLine id="r0_l059"><Coords points="678,992 648,992 644,994 630,995 502,993 407,994 328,992 161,992 161,1023 251,1023 264,1019 320,1019 338,1022 678,1023"/><TextEquiv index="1"><Unicode>Qui vice concordi pondus vtrumque ferant.</Unicode></TextEquiv></TextLine><TextLine id="r0_l060"><Coords points="630,1026 617,1025 551,1025 493,1023 235,1024 235,1050 630,1050"/><TextEquiv index="1"><Unicode>Ad B,. virginem Mariam Claricam.</Unicode></TextEquiv></TextLine><TextLine id="r0_l061"><Coords points="869,1031 835,1031 830,1037 830,1053 869,1053"/><TextEquiv index="1"><Unicode></Unicode></TextEquiv></TextLine><TextLine id="r0_l062"><Coords points="629,1053 523,1054 478,1052 306,1051 290,1052 132,1050 132,1078 296,1078 368,1080 466,1080 518,1082 629,1082"/><TextEquiv index="1"><Unicode>Virgo, piis votis miracula clara precantum</Unicode></TextEquiv></TextLine><TextLine id="r0_l063"><Coords points="675,1082 518,1083 399,1080 159,1080 159,1107 675,1107"/><TextEquiv index="1"><Unicode>Quæ facis, &amp; clarum Clarica nomen habes:</Unicode></TextEquiv></TextLine><TextLine id="r0_l064"><Coords points="757,1140 795,1138 795,1109 719,1109 709,1112 340,1111 330,1109 299,1109 292,1114 137,1112 133,1109 129,1109 129,1142 754,1142"/><TextEquiv index="1"><Unicode>H ,, Is Sguonon Rex Fiancis atquePolonis</Unicode></TextEquiv></TextLine><TextLine id="r0_l065"><Coords points="751,1139 751,1171 796,1171 796,1139"/><TextEquiv index="1"><Unicode>Cla</Unicode></TextEquiv></TextLine><TextLine id="r0_l066"><Coords points="1,1184 1,1231 32,1231 32,1184"/><TextEquiv index="1"><Unicode></Unicode></TextEquiv></TextLine><TextLine id="r0_l067"><Coords points="1,1231 1,1261 28,1261 28,1231"/><TextEquiv index="1"><Unicode></Unicode></TextEquiv></TextLine></TextRegion></Page></PcGts>