872 1312
327 83 497 107 AVRATI
107 121 517 151 Clarior, exaudi quæ tibi vota facit.
62 150 549 180 Clarus ille tibi fractas per bella feneſtras
104 181 521 206 De claro reficit, Clarica diua, vitro.
63 207 560 237 Pro tantâ pietate fac impetrabile votum,
106 238 521 268 Claræ ſit ſobolis clarus vt ipſe pater.
221 268 568 297 Deobitu Phil. Strcæ contra Hiſp.
75 297 625 327 Strora ſuos cernens hoſtes horreſcere, prims
104 327 590 355 Concurram; exemplo forte ſequentur, ait.
75 356 571 385 Aſt his terga timor vertens, auertit & idem
104 385 559 414 Ex oculiſq; Duces, ex animiſque decus.
176 417 596 445 De militibus qu eodem Imperatore occu-
357 445 441 467 bueruns.
73 473 610 504 Felices animæ, quibus heic communia Stroæ
63 501 594 532 t Fortibus Omniporens fata, decuſq; dedit.
62 534 644 566 Cœlum pro tumulo, tumulipro carmine, laudes
63 562 535 593 Inſcriptas veſtro ſanguine ſideribus,
251 592 524 616 De Aulici victus miſeriis.
62 620 512 651 Aulæ transfuga, Momus Aulicorum,
71 651 461 672 Cum multis Amiotus eſſet annis
70 680 473 710 Spe paſſus vacuâ, vagiſque fumis:
70 710 587 739 Mutans propoſitum ad Scholæ cathedram,
71 739 464 768 Vnde venerat ante transvolauit:
70 768 572 798 Non primam, neq; tertiam, aut ſecundam,
71 798 484 827 Sed quartam, meritus licet priores;
69 827 442 855 Damno ſcilicet is ſuopte doctus
70 857 480 886 Magnis præferat vt minora rerum.
70 886 471 916 Illic dum graue munus auſpicatur
72 916 433 946 Suggeſtuq; grauq; ab altiore,
70 945 490 971 Sic inuectus in Aulicos & Aulam eſt,
71 975 468 998 Vt iam vel mihi tædium ſit Aulæ.
69 1003 588 1034 Nam quis inquit habens manus pdeſque
70 1034 409 1063 Et ſanos oculos, & ipſa crura,
71 1057 467 1092 Non aut paſcere malit, aut arare?
70 1092 467 1119 Vaccas paſcere, dico arare terram;
59 1120 469 1159 Qum paſci miſeras ad Aulicorum
659 1156 742 1179 Men-
