872 1312
375 75 619 99 IOANNIS
139 111 559 141 Menſas, ſemper hiantem & eſurire?
138 141 587 170 Ad quas qui ſedet vltimus ſedentum,
139 170 516 197 Nutus diuitis horret inſolentis,
138 200 562 229 Audens lumina nec magis minuſve
139 228 510 256 Vſquam tollere, libere nec eſcis
140 257 505 287 Veſci propoſitis: premit canino
139 287 519 319 Panem dente diu; velutq; ſacris,
139 317 556 346 Cunctis abſtinet, viq; donec imis
138 345 487 376 Lanx ſemeſa feratur & gelata.
138 375 520 402 Nec, quamuis nimiâ ſiti fatiſcat,
138 403 461 432 Auſit poſcere vina delicatos
139 433 550 463 Ni Rx præbiberit ſuus miniſtros:
136 463 525 490 Quæ vel queliacunq; miſceantur,
137 490 574 520 Seu ſit vappa, merumve fæculentum,
138 521 544 550 Seu de relliquiis ſchypho refuſum,
136 549 463 579 Eſt potare neceſſe, vel perire
136 579 511 607 Triſti guttare de ſiti peruſtum.
137 607 505 638 Quin ne fas, niſi ter, dari petenti
136 638 516 666 Vinum, nec niſi parte de relictâ,
135 667 533 696 Stanti reddere poculum miniſtro,
134 697 482 725 Lances interea recolliguntur
134 725 527 754 Perdicum, altilium, lepuſculorum,
135 753 504 784 Libatæve parum, vel integellæ:
137 784 517 813 Quarum paſceris aut odore ſolo,
134 812 507 842 Aut ſpectaculo, vt ille, cuius ori
132 842 513 872 Præpendent refugo dapes volatu.
133 872 564 903 Nec mutire, nec hiſcere, eſt vt auſis:
132 900 520 934 Nec vel dicere , niſi rogatum.
131 935 490 966 Nec ſi diues ineptius loquatur
131 965 540 998 Quicquam moris vt eſt ineruditis
131 994 570 1027 Contra dicere fas: ſed approbantem,
130 1024 483 1057 Mirari, folium velut Sibyllæ.
129 1053 463 1088 Et, nolis niſi ruſticus videri,
130 1080 488 1112 Suſpectuſve malæ procacitatis,
128 1110 521 1150 Plauſu ſingula verba proſequeris
