872 1312
267 67 460 92 AVRATI.
57 94 563 135 Qui mos, Aula quibus ſcatet, Gnatonum
68 135 467 167 Hæc opprobria contumelias que
57 161 444 195 Has ſordesq; famelicasq; cœtas,
68 191 455 224 Hoc ſeruile iugum quoridianum,
57 223 444 255 Si quis ferre negat recedat Aulâ.
245 257 491 284 In Nuptias CaolIX.
68 280 645 319 Forte queri audierat Martem cum matre Cupido,
67 310 585 341 Dicentem ſua contemni iam numina Gallis,
70 340 561 368 Gallis ante omnes Mattis cultoribus olim:
68 369 506 403 At nunc ſcuta ſitu carpi, rubigine tela,
57 399 533 436 Et pateras galeis mutari, falcibus enſes;
57 428 554 463 Ex quo firma nouæ ſanxiſſet fœdera pacis,
67 460 730 493 CAROLVS,armorum quamuis decus; attamen armis
67 488 548 520 Otia qui populi, & lauris præponat oliuas.
57 517 610 548 Talia dum queitur Mauors, Amor incitus irâ,
57 547 660 582 Non impune feret, dixit: nam me quoq; matrem
64 578 626 608 Contemnensq; meam, ſolam colit ille Dianam
63 607 519 638 Venator, totumq; in ſiluis exigit æuum;
56 633 594 668 Hippolyti ſimilis ſua quem fuga læſit amoris:
62 665 571 700 Quinetiam, victis dum ſæpius hoſtibus vltro
57 695 526 726 Parceret, a nullo ſe vinci poſſe, niſi â ſe
57 723 605 758 Dixit, & his veniam dedit, vt ſe vinceret ipſum:
59 754 637 789 Regis opus magni quantum putat ipſe. ſed eccee
60 783 554 820 Vincetur iam non ſe, mea ſi mihi nota
60 813 616 848 Tela, quibus vici Superos ego ſæpe Iouemque
49 843 559 876 Dixerat, & celeri labens per inane volatu
60 872 573 905 Gallica rura petit, denſas quâ Neuſtria ſiluas,
50 901 552 936 Silueſtresq; greges nutrit venatibus aptos,
57 932 605 965 In quibus & ſilua eſt, quæ dicitur cſſe Leonum,
57 961 589 991 Rege nemus cultore ſacrum, & cultrice Dianâ.
58 990 647 1027 Hic dum forte videt ſocio procul agmine Regem
57 1020 579 1054 Serâ iam ſub nocte viam fuſcantibus vmbris,
55 1050 503 1080 Errantem cerui veſtigia nota fecutum:
54 1079 586 1113 Impauidum mirans, contem ptoremq; pericli,
55 1108 531 1141 Non iam non pueri forma ſeſe obiicit illi,
665 1147 723 1169 No
