872 1312
324 70 530 94 IOANNIS
122 105 783 138 Non hominis neq; enim pue umve hominmve putaret
123 135 661 167 Rex dignum eſſe ſuo congreſſ ſed ſibi ſumit
123 166 687 197 Maiorem humanâ ſpeciem, cum lampadis igne
123 196 592 225 Ardentis; ſeſeq; illi talem obuius offert.
124 224 697 254 Iam Rex vaſta pauens mirum ſimulacra, citato
123 253 703 284 It contra violentus equo, ferrumq; per vmbram
124 284 621 314 Ventilat, & tenues fruſtra diuerberat auras.
123 312 729 343 Vmbra fugit premit ille magis, ſequiturq; fugacem:
126 343 609 371 Totis dumq; ſuis & equi ſe viribus infert,
126 369 691 400 Trans. abit, & nebulas quærit poſt terga relictas,
128 401 646 428 Sic iterum, ſic ſæpe ruit: donec ſua ventum
128 430 656 459 Vuln era ferre videns, eluſum ſe dolet; & ſe
132 459 669 487 Enſe putat vinci non vincere: nec graue ſentit
129 488 591 518 Interea cœcæ tantus fuit impetus iræ
134 517 665 546 Prodigus, incautusq, ſui, ſibi vulnus inuſtum
130 547 627 576 Pectore in aduerſo, quâ læua parte mamillæ
132 576 639 605 Cordis fibra micat, donec nota certa vaporis
133 604 625 634 Deprenſa ſociis nam fida ſuperuenit illo
133 632 731 663 Congrediente cohors tunicâ & monſtrata peruſtâ.
132 664 653 693 Hoc ſigno vix tandem animum collegit abiâ
133 694 703 722 Admonitus Superis iam cædere, qui loca ſeruent:
136 722 709 751 Indigenas nam ſæpe & ibi ſimulachra per vmbras
135 751 616 774 His viſas oculis narraſſe: nec omine certo
136 781 601 811 Hæc oſtenta carere ſuo facta obuia Regi,
135 811 569 839 Et nullo terrore viriliter enſe repulſa:
136 838 721 869 Ergo opus eſſ: aliquo, cui mens ſit conſcia Diuum,
134 869 609 897 Mirandi caſus interprete nec mora, miſſi,
136 898 645 928 Qui ſcitarentur Vatum reſponſa: ſed omnes
136 928 619 949 Hactenus incerti tentarunt omnia fruſtra.
136 957 712 986 At nunc interpres tibi non ego plurima quondam
139 985 632 1015 Qui diuina notis tibi ſolui ænigmata certis
138 1015 558 1041 Euentus ſortita ſuos ſed tu tibi ſoli,
138 1043 613 1073 Tu tibi conſcius es, diuinâ lampade facta,
138 1072 694 1103 Quid ſibi plaga velit, cui mox rapidiſſimus ardor
137 1102 616 1134 Alerit in mediis circum præcordia venis.
