<PcGts xmlns="http://schema.primaresearch.org/PAGE/gts/pagecontent/2017-07-15" xmlns:xsi="http://www.w3.org/2001/XMLSchema-instance" xsi:schemaLocation="http://schema.primaresearch.org/PAGE/gts/pagecontent/2017-07-15 http://schema.primaresearch.org/PAGE/gts/pagecontent/2017-07-15/pagecontent.xsd"><Metadata><Creator>User123</Creator><Created>2020-04-19T01:00:17</Created><LastChange>2020-04-19T01:00:17</LastChange></Metadata><Page imageFilename="0362.png" imageHeight="1312" imageWidth="872"><TextRegion id="r0" type="paragraph"><Coords points="1,1 870,1 870,1310 1,1310"/><TextLine id="r0_l001"><Coords points="262,61 262,86 453,86 453,61"/><TextEquiv index="1"><Unicode>AVRATI</Unicode></TextEquiv></TextLine><TextLine id="r0_l002"><Coords points="854,98 869,98 869,51 837,51 837,105 845,105"/><TextEquiv index="1"><Unicode></Unicode></TextEquiv></TextLine><TextLine id="r0_l003"><Coords points="698,72 698,91 735,91 735,72"/><TextEquiv index="1"><Unicode>2?s</Unicode></TextEquiv></TextLine><TextLine id="r0_l004"><Coords points="559,94 499,94 489,97 208,95 201,92 88,92 82,88 71,86 42,84 1,84 1,127 4,127 9,124 37,125 40,127 45,127 48,125 105,125 147,127 559,127"/><TextEquiv index="1"><Unicode>u Eeeolor indicium fecit qui ſemper in ore</Unicode></TextEquiv></TextLine><TextLine id="r0_l005"><Coords points="567,131 351,128 147,128 63,126 63,156 412,157 480,158 511,160 567,160"/><TextEquiv index="1"><Unicode>Pallidior ſolito, quam lento torridus igne</Unicode></TextEquiv></TextLine><TextLine id="r0_l006"><Coords points="534,161 412,158 63,157 63,184 534,185"/><TextEquiv index="1"><Unicode>Arderes; penitus imis ſuccenſa medullis</Unicode></TextEquiv></TextLine><TextLine id="r0_l007"><Coords points="1,158 1,173 38,173 38,158"/><TextEquiv index="1"><Unicode></Unicode></TextEquiv></TextLine><TextLine id="r0_l008"><Coords points="61,186 61,216 542,216 542,186"/><TextEquiv index="1"><Unicode>Res ſatis in facie poterat deprenſa notari.</Unicode></TextEquiv></TextLine><TextLine id="r0_l009"><Coords points="2,216 2,244 38,244 38,216"/><TextEquiv index="1"><Unicode></Unicode></TextEquiv></TextLine><TextLine id="r0_l010"><Coords points="63,217 63,245 634,245 634,217"/><TextEquiv index="1"><Unicode>Nec mora, nec requies medicis luctantibus arte</Unicode></TextEquiv></TextLine><TextLine id="r0_l011"><Coords points="64,246 64,274 593,274 593,246"/><TextEquiv index="1"><Unicode>xcutere immites cœco de pectore flammas;</Unicode></TextEquiv></TextLine><TextLine id="r0_l012"><Coords points="1,251 1,270 37,270 37,251"/><TextEquiv index="1"><Unicode></Unicode></TextEquiv></TextLine><TextLine id="r0_l013"><Coords points="711,274 646,274 635,279 500,278 442,276 65,274 65,301 72,302 178,304 711,304"/><TextEquiv index="1"><Unicode>Ne quicquam: nec enim is flammæ nec vulneris auctor</Unicode></TextEquiv></TextLine><TextLine id="r0_l014"><Coords points="556,308 377,305 65,304 65,331 231,332 278,334 437,334 505,337 556,337"/><TextEquiv index="1"><Unicode>Humanâ cuius medicabile vulnus abarte:</Unicode></TextEquiv></TextLine><TextLine id="r0_l015"><Coords points="556,338 505,338 437,335 66,333 66,360 129,362 192,361 383,364 498,364 556,366"/><TextEquiv index="1"><Unicode>Sed Deus ille, Deus vindex Martisq; ſuiq:</Unicode></TextEquiv></TextLine><TextLine id="r0_l016"><Coords points="606,363 589,363 580,367 308,363 66,363 66,389 606,390"/><TextEquiv index="1"><Unicode>Contemptus: ne fas tela immortalia Diuûm</Unicode></TextEquiv></TextLine><TextLine id="r0_l017"><Coords points="502,395 66,391 66,418 78,419 213,422 502,422"/><TextEquiv index="1"><Unicode>Mortali auxilio, mortaliq; arte leuari.</Unicode></TextEquiv></TextLine><TextLine id="r0_l018"><Coords points="535,427 527,426 350,423 65,422 65,449 535,454"/><TextEquiv index="1"><Unicode>Ergo diuinæ qui poſſet cuſpidis ictum</Unicode></TextEquiv></TextLine><TextLine id="r0_l019"><Coords points="642,451 578,451 573,454 566,455 64,451 64,478 432,482 642,482"/><TextEquiv index="1"><Unicode>Diuinæ, ars quærenda manus, medicinaq; Diuum.</Unicode></TextEquiv></TextLine><TextLine id="r0_l020"><Coords points="670,486 517,485 431,482 67,480 67,507 123,509 314,509 364,511 522,512 562,514 670,514"/><TextEquiv index="1"><Unicode>Quod dum fida notat quid enim non mente ſagaci</Unicode></TextEquiv></TextLine><TextLine id="r0_l021"><Coords points="840,459 840,539 870,539 870,459"/><TextEquiv index="1"><Unicode></Unicode></TextEquiv></TextLine><TextLine id="r0_l022"><Coords points="565,515 561,514 364,512 314,510 65,510 65,536 166,538 195,540 286,539 390,541 565,541"/><TextEquiv index="1"><Unicode>Illa notet genitrix Mediceæ gloria gentis:</Unicode></TextEquiv></TextLine><TextLine id="r0_l023"><Coords points="592,544 286,540 65,540 65,567 259,568 329,570 592,570"/><TextEquiv index="1"><Unicode>Vt nato medicans nomen non fallat auitum;</Unicode></TextEquiv></TextLine><TextLine id="r0_l024"><Coords points="493,572 65,568 65,594 76,595 99,595 112,597 493,600"/><TextEquiv index="1"><Unicode>Anxia de nati noctesq; diesq; ſalute,</Unicode></TextEquiv></TextLine><TextLine id="r0_l025"><Coords points="566,597 553,597 545,601 64,597 64,624 76,625 267,626 311,628 431,629 566,629"/><TextEquiv index="1"><Unicode>Poſcit opem Superûm, Superi venere vocati</Unicode></TextEquiv></TextLine><TextLine id="r0_l026"><Coords points="679,627 623,627 617,630 598,631 311,629 267,627 64,627 64,655 278,656 425,659 679,659"/><TextEquiv index="1"><Unicode>Maternum ad thalamum, rurſusq; antiqua dederunt</Unicode></TextEquiv></TextLine><TextLine id="r0_l027"><Coords points="624,662 613,661 337,659 278,657 66,657 66,685 206,685 394,688 624,688"/><TextEquiv index="1"><Unicode>Somnia clara oculis iterumq; iterumq; videnda,</Unicode></TextEquiv></TextLine><TextLine id="r0_l028"><Coords points="563,690 487,689 478,690 438,688 394,689 271,687 66,687 66,713 160,715 273,715 381,717 433,716 474,718 563,718"/><TextEquiv index="1"><Unicode>Annos ante octo quæ iam præuiderat olim</Unicode></TextEquiv></TextLine><TextLine id="r0_l029"><Coords points="869,703 839,703 839,746 869,746"/><TextEquiv index="1"><Unicode></Unicode></TextEquiv></TextLine><TextLine id="r0_l030"><Coords points="536,719 65,714 65,743 536,747"/><TextEquiv index="1"><Unicode>Ttes vrſos intrare auſos palatia Regis,</Unicode></TextEquiv></TextLine><TextLine id="r0_l031"><Coords points="863,747 833,747 829,756 827,755 826,745 805,745 801,748 801,757 804,762 804,781 807,788 863,789"/><TextEquiv index="1"><Unicode></Unicode></TextEquiv></TextLine><TextLine id="r0_l032"><Coords points="577,745 562,745 553,748 447,748 273,745 65,745 65,772 79,773 577,776"/><TextEquiv index="1"><Unicode>Regis &amp; in matrem procu:rere, mota periclo</Unicode></TextEquiv></TextLine><TextLine id="r0_l033"><Coords points="848,816 863,816 863,790 809,790 806,788 803,781 803,767 800,767 800,820 841,820"/><TextEquiv index="1"><Unicode></Unicode></TextEquiv></TextLine><TextLine id="r0_l034"><Coords points="501,778 320,775 65,774 65,801 501,801"/><TextEquiv index="1"><Unicode>Ipſa, videbatur cuſtodes voce vocare,</Unicode></TextEquiv></TextLine><TextLine id="r0_l035"><Coords points="537,807 65,804 65,830 128,833 537,834"/><TextEquiv index="1"><Unicode>Multa per eluſas exclamans irrita fauces.</Unicode></TextEquiv></TextLine><TextLine id="r0_l036"><Coords points="511,836 65,833 65,860 98,860 129,862 511,862"/><TextEquiv index="1"><Unicode>Illi accurrentes geminos ibi cædere viſi</Unicode></TextEquiv></TextLine><TextLine id="r0_l037"><Coords points="594,861 572,861 564,865 447,865 368,863 222,864 66,861 66,889 82,889 86,891 594,894"/><TextEquiv index="1"><Unicode>Vrſos; tertius euadit: ſed turma ſequentem</Unicode></TextEquiv></TextLine><TextLine id="r0_l038"><Coords points="544,895 285,894 220,892 127,893 86,892 82,890 66,890 66,919 142,922 544,922"/><TextEquiv index="1"><Unicode>Aſſequitur, ferroq; ſecat de parte ſiniſtrâ</Unicode></TextEquiv></TextLine><TextLine id="r0_l039"><Coords points="632,921 602,921 594,924 502,925 254,922 142,923 107,921 66,921 66,949 135,951 340,951 416,953 632,953"/><TextEquiv index="1"><Unicode>Vrſinum cum crure pedem, matriq; reportat</Unicode></TextEquiv></TextLine><TextLine id="r0_l040"><Coords points="635,953 416,954 340,952 66,951 66,977 76,978 105,978 113,980 635,982"/><TextEquiv index="1"><Unicode>Reginæ.illa memor iam ſomnia talia quondami</Unicode></TextEquiv></TextLine><TextLine id="r0_l041"><Coords points="587,984 424,983 359,981 66,980 66,1007 78,1008 166,1010 587,1011"/><TextEquiv index="1"><Unicode>Viſa ſibi, A fidoq; illorum interprete dictum</Unicode></TextEquiv></TextLine><TextLine id="r0_l042"><Coords points="513,1013 409,1013 374,1011 68,1010 68,1033 513,1033"/><TextEquiv index="1"><Unicode>Portendi viſis certum felicibus omen:</Unicode></TextEquiv></TextLine><TextLine id="r0_l043"><Coords points="544,1042 383,1042 337,1040 68,1040 68,1066 126,1068 544,1068"/><TextEquiv index="1"><Unicode>Regis coniugium Arctoæ regionis ab oris</Unicode></TextEquiv></TextLine><TextLine id="r0_l044"><Coords points="643,1067 604,1067 597,1070 584,1071 435,1072 361,1070 178,1070 67,1067 67,1095 141,1097 643,1100"/><TextEquiv index="1"><Unicode>Tres fore qui peterent; extremum ſed fore voti</Unicode></TextEquiv></TextLine><TextLine id="r0_l045"><Coords points="735,1097 733,1096 681,1095 675,1099 667,1101 587,1101 467,1099 141,1098 65,1096 56,1092 1,1092 1,1122 12,1122 16,1128 22,1131 735,1131"/><TextEquiv index="1"><Unicode>Compotem; &amp; inde nurum Calliſto, ceu Ioue dignami</Unicode></TextEquiv></TextLine><TextLine id="r0_l046"><Coords points="659,1132 659,1160 736,1160 736,1132"/><TextEquiv index="1"><Unicode>Nam</Unicode></TextEquiv></TextLine></TextRegion></Page></PcGts>