<?xml version="1.0" encoding="UTF-8" standalone="no"?><PcGts xmlns="http://schema.primaresearch.org/PAGE/gts/pagecontent/2019-07-15" xmlns:xsi="http://www.w3.org/2001/XMLSchema-instance" xsi:schemaLocation="http://schema.primaresearch.org/PAGE/gts/pagecontent/2019-07-15 http://schema.primaresearch.org/PAGE/gts/pagecontent/2019-07-15/pagecontent.xsd"><Metadata><Creator/><Created>2022-04-08T10:30:38</Created><LastChange>1970-01-01T00:00:00</LastChange><Comments/></Metadata><Page imageFilename="0362.png" imageHeight="1312" imageWidth="872"><TextRegion id="r1" orientation="0.0" type="paragraph"><Coords points="1,1 870,1 870,1310 1,1310"/><TextLine id="l1"><Coords points="262,61 262,86 453,86 453,61"/><TextEquiv><Unicode/></TextEquiv><TextEquiv index="1"><Unicode>AVRATI</Unicode></TextEquiv></TextLine><TextLine id="l2"><Coords points="559,94 499,94 489,97 208,95 201,92 88,92 82,88 71,86 57,85 57,125 105,125 147,127 559,127"/><TextEquiv><Unicode/></TextEquiv><TextEquiv index="1"><Unicode>u Eeeolor indicium fecit qui ſemper in ore</Unicode></TextEquiv></TextLine><TextLine id="l3"><Coords points="567,131 351,128 147,128 63,126 63,156 412,157 480,158 511,160 567,160"/><TextEquiv><Unicode/></TextEquiv><TextEquiv index="1"><Unicode>Pallidior ſolito, quam lento torridus igne</Unicode></TextEquiv></TextLine><TextLine id="l4"><Coords points="534,161 412,158 63,157 63,184 534,185"/><TextEquiv><Unicode/></TextEquiv><TextEquiv index="1"><Unicode>Arderes; penitus imis ſuccenſa medullis</Unicode></TextEquiv></TextLine><TextLine id="l5"><Coords points="61,186 61,216 542,216 542,186"/><TextEquiv><Unicode/></TextEquiv><TextEquiv index="1"><Unicode>Res ſatis in facie poterat deprenſa notari.</Unicode></TextEquiv></TextLine><TextLine id="l6"><Coords points="63,217 63,245 634,245 634,217"/><TextEquiv><Unicode/></TextEquiv><TextEquiv index="1"><Unicode>Nec mora, nec requies medicis luctantibus arte</Unicode></TextEquiv></TextLine><TextLine id="l7"><Coords points="64,246 64,274 593,274 593,246"/><TextEquiv><Unicode/></TextEquiv><TextEquiv index="1"><Unicode>xcutere immites cœco de pectore flammas;</Unicode></TextEquiv></TextLine><TextLine id="l8"><Coords points="711,274 646,274 635,279 500,278 442,276 65,274 65,301 72,302 178,304 711,304"/><TextEquiv><Unicode/></TextEquiv><TextEquiv index="1"><Unicode>Ne quicquam: nec enim is flammæ nec vulneris auctor</Unicode></TextEquiv></TextLine><TextLine id="l9"><Coords points="556,308 377,305 65,304 65,331 231,332 278,334 437,334 505,337 556,337"/><TextEquiv><Unicode/></TextEquiv><TextEquiv index="1"><Unicode>Humanâ cuius medicabile vulnus abarte:</Unicode></TextEquiv></TextLine><TextLine id="l10"><Coords points="556,338 505,338 437,335 66,333 66,360 129,362 192,361 383,364 498,364 556,366"/><TextEquiv><Unicode/></TextEquiv><TextEquiv index="1"><Unicode>Sed Deus ille, Deus vindex Martisq; ſuiq:</Unicode></TextEquiv></TextLine><TextLine id="l11"><Coords points="606,363 589,363 580,367 308,363 66,363 66,389 606,390"/><TextEquiv><Unicode/></TextEquiv><TextEquiv index="1"><Unicode>Contemptus: ne fas tela immortalia Diuûm</Unicode></TextEquiv></TextLine><TextLine id="l12"><Coords points="502,395 66,391 66,418 78,419 213,422 502,422"/><TextEquiv><Unicode/></TextEquiv><TextEquiv index="1"><Unicode>Mortali auxilio, mortaliq; arte leuari.</Unicode></TextEquiv></TextLine><TextLine id="l13"><Coords points="535,427 527,426 350,423 65,422 65,449 535,454"/><TextEquiv><Unicode/></TextEquiv><TextEquiv index="1"><Unicode>Ergo diuinæ qui poſſet cuſpidis ictum</Unicode></TextEquiv></TextLine><TextLine id="l14"><Coords points="642,451 578,451 573,454 566,455 64,451 64,478 432,482 642,482"/><TextEquiv><Unicode/></TextEquiv><TextEquiv index="1"><Unicode>Diuinæ, ars quærenda manus, medicinaq; Diuum.</Unicode></TextEquiv></TextLine><TextLine id="l15"><Coords points="670,486 517,485 431,482 67,480 67,507 123,509 314,509 364,511 522,512 562,514 670,514"/><TextEquiv><Unicode/></TextEquiv><TextEquiv index="1"><Unicode>Quod dum fida notat quid enim non mente ſagaci</Unicode></TextEquiv></TextLine><TextLine id="l16"><Coords points="565,515 561,514 364,512 314,510 65,510 65,536 166,538 195,540 286,539 390,541 565,541"/><TextEquiv><Unicode/></TextEquiv><TextEquiv index="1"><Unicode>Illa notet genitrix Mediceæ gloria gentis:</Unicode></TextEquiv></TextLine><TextLine id="l17"><Coords points="592,544 286,540 65,540 65,567 259,568 329,570 592,570"/><TextEquiv><Unicode/></TextEquiv><TextEquiv index="1"><Unicode>Vt nato medicans nomen non fallat auitum;</Unicode></TextEquiv></TextLine><TextLine id="l18"><Coords points="493,572 65,568 65,594 76,595 99,595 112,597 493,600"/><TextEquiv><Unicode/></TextEquiv><TextEquiv index="1"><Unicode>Anxia de nati noctesq; diesq; ſalute,</Unicode></TextEquiv></TextLine><TextLine id="l19"><Coords points="566,597 553,597 545,601 64,597 64,624 76,625 267,626 311,628 431,629 566,629"/><TextEquiv><Unicode/></TextEquiv><TextEquiv index="1"><Unicode>Poſcit opem Superûm, Superi venere vocati</Unicode></TextEquiv></TextLine><TextLine id="l20"><Coords points="679,627 623,627 617,630 598,631 311,629 267,627 64,627 64,655 278,656 425,659 679,659"/><TextEquiv><Unicode/></TextEquiv><TextEquiv index="1"><Unicode>Maternum ad thalamum, rurſusq; antiqua dederunt</Unicode></TextEquiv></TextLine><TextLine id="l21"><Coords points="624,662 613,661 337,659 278,657 66,657 66,685 206,685 394,688 624,688"/><TextEquiv><Unicode/></TextEquiv><TextEquiv index="1"><Unicode>Somnia clara oculis iterumq; iterumq; videnda,</Unicode></TextEquiv></TextLine><TextLine id="l22"><Coords points="563,690 487,689 478,690 438,688 394,689 271,687 66,687 66,713 160,715 273,715 381,717 433,716 474,718 563,718"/><TextEquiv><Unicode/></TextEquiv><TextEquiv index="1"><Unicode>Annos ante octo quæ iam præuiderat olim</Unicode></TextEquiv></TextLine><TextLine id="l23"><Coords points="536,719 65,714 65,743 536,747"/><TextEquiv><Unicode/></TextEquiv><TextEquiv index="1"><Unicode>Ttes vrſos intrare auſos palatia Regis,</Unicode></TextEquiv></TextLine><TextLine id="l24"><Coords points="577,745 562,745 553,748 447,748 273,745 65,745 65,772 79,773 577,776"/><TextEquiv><Unicode/></TextEquiv><TextEquiv index="1"><Unicode>Regis &amp; in matrem procu:rere, mota periclo</Unicode></TextEquiv></TextLine><TextLine id="l25"><Coords points="501,778 320,775 65,774 65,801 501,801"/><TextEquiv><Unicode/></TextEquiv><TextEquiv index="1"><Unicode>Ipſa, videbatur cuſtodes voce vocare,</Unicode></TextEquiv></TextLine><TextLine id="l26"><Coords points="537,807 65,804 65,830 128,833 537,834"/><TextEquiv><Unicode/></TextEquiv><TextEquiv index="1"><Unicode>Multa per eluſas exclamans irrita fauces.</Unicode></TextEquiv></TextLine><TextLine id="l27"><Coords points="511,836 65,833 65,860 98,860 129,862 511,862"/><TextEquiv><Unicode/></TextEquiv><TextEquiv index="1"><Unicode>Illi accurrentes geminos ibi cædere viſi</Unicode></TextEquiv></TextLine><TextLine id="l28"><Coords points="594,861 572,861 564,865 447,865 368,863 222,864 66,861 66,889 82,889 86,891 594,894"/><TextEquiv><Unicode/></TextEquiv><TextEquiv index="1"><Unicode>Vrſos; tertius euadit: ſed turma ſequentem</Unicode></TextEquiv></TextLine><TextLine id="l29"><Coords points="544,895 285,894 220,892 127,893 86,892 82,890 66,890 66,919 142,922 544,922"/><TextEquiv><Unicode/></TextEquiv><TextEquiv index="1"><Unicode>Aſſequitur, ferroq; ſecat de parte ſiniſtrâ</Unicode></TextEquiv></TextLine><TextLine id="l30"><Coords points="632,921 602,921 594,924 502,925 254,922 142,923 107,921 66,921 66,949 135,951 340,951 416,953 632,953"/><TextEquiv><Unicode/></TextEquiv><TextEquiv index="1"><Unicode>Vrſinum cum crure pedem, matriq; reportat</Unicode></TextEquiv></TextLine><TextLine id="l31"><Coords points="635,953 416,954 340,952 66,951 66,977 76,978 105,978 113,980 635,982"/><TextEquiv><Unicode/></TextEquiv><TextEquiv index="1"><Unicode>Reginæ.illa memor iam ſomnia talia quondami</Unicode></TextEquiv></TextLine><TextLine id="l32"><Coords points="587,984 424,983 359,981 66,980 66,1007 78,1008 166,1010 587,1011"/><TextEquiv><Unicode/></TextEquiv><TextEquiv index="1"><Unicode>Viſa ſibi, A fidoq; illorum interprete dictum</Unicode></TextEquiv></TextLine><TextLine id="l33"><Coords points="513,1013 409,1013 374,1011 68,1010 68,1033 513,1033"/><TextEquiv><Unicode/></TextEquiv><TextEquiv index="1"><Unicode>Portendi viſis certum felicibus omen:</Unicode></TextEquiv></TextLine><TextLine id="l34"><Coords points="544,1042 383,1042 337,1040 68,1040 68,1066 126,1068 544,1068"/><TextEquiv><Unicode/></TextEquiv><TextEquiv index="1"><Unicode>Regis coniugium Arctoæ regionis ab oris</Unicode></TextEquiv></TextLine><TextLine id="l35"><Coords points="643,1067 604,1067 597,1070 584,1071 435,1072 361,1070 178,1070 67,1067 67,1095 141,1097 643,1100"/><TextEquiv><Unicode/></TextEquiv><TextEquiv index="1"><Unicode>Tres fore qui peterent; extremum ſed fore voti</Unicode></TextEquiv></TextLine><TextLine id="l36"><Coords points="735,1097 733,1096 681,1095 675,1099 667,1101 587,1101 467,1099 141,1098 65,1096 57,1092 57,1131 735,1131"/><TextEquiv><Unicode/></TextEquiv><TextEquiv index="1"><Unicode>Compotem; &amp; inde nurum Calliſto, ceu Ioue dignami</Unicode></TextEquiv></TextLine><TextLine id="l37"><Coords points="659,1132 659,1160 736,1160 736,1132"/><TextEquiv><Unicode/></TextEquiv><TextEquiv index="1"><Unicode>Nam</Unicode></TextEquiv></TextLine><TextEquiv><Unicode/></TextEquiv></TextRegion></Page></PcGts>