872 1312
297 71 486 94 AVRA I
706 78 752 103 as
1 106 624 144 Mille trahens comites claros clariſſimus ipſe.
82 139 622 171 Nec latet in medio Rex agmine, Regis in ore
1 160 642 199 Vnius omne latet decus, & decor agminis omnis.
41 199 633 227 Tantus honor regalis ineſt. tantum Iouis inſtar.
41 228 533 257 Tunc vbi ſiderei cum Maleſtate decoris
41 255 588 287 Iunoni occurrit cum mille Deum comitatu,
82 287 558 316 Semideûmq, choris cœli genialis in aulâ.
81 317 545 347 Sed nos mortales vates mortalia plectra
78 347 546 375 Sortitos, cantare nefas conuiuia Diuûm,
79 376 500 405 Regalis q; thori ritus & gaudia ſacra.
80 405 531 435 Diuinis diuina fuerunt carmina menſis
79 433 624 465 Muſarum, Phœbiq, ſatis: quibus iſta videre
78 465 605 493 Fas fuit: aſt ad nos tenuis vix murmuris aura,
74 493 550 523 Famæ allapſa ſonis, dilati quæ mihi cauſa
81 524 633 554 Carminis ante fuit: At nunc venit apta canendi
75 553 602 583 Hora mihi poſtquam licuit cognoſcere Diuos
1 586 52 610 m
78 583 667 615 Præſentes oculis præſentibus : haud tamen auſim
79 611 602 642 Muſa, modis leuibus geniales dicere pompas:
1 616 41 640 u
81 644 621 672 Quatum tota capax vix magna Lutetia viſa eſt.
80 671 674 704 Sat, mea Muſa, modis quanta eſt tua copia pauci
79 701 555 731 Sequanidesq; ſuas Regi cantare ſorores:
1 729 563 764 .Iſtriades q; ſuas eginæ iterare ſequentes:
1 760 530 792 Carolus oter Hymen lſymene ter Eliſabetha.
2 793 70 815 i
216 811 527 840 Ad Henricum Regem Poloniæ.
35 847 598 880 Regia Pariſiam ctm traducenda per vrbem
108 880 640 909 Rex H ENRICE foret pompa Polone tibi:
2 909 592 944 Anxia nunc pluuiis, nunc contra læta ſerenis
108 939 522 966 Tota dies currus eſt remorata tuos.
79 966 581 997 Scilicet affectus, varium quem Gallia ſenſit,
109 998 492 1028 Aëris in varias tranſiit vſq; vices:
82 1026 573 1056 Gallia læta tuis tunc cum ſucceſſibus ibat;
109 1055 487 1085 Vſa fauens Gallis lætior ire dies.
35 1073 585 1115 Gallia diſceſſu cum mœſta gemebat euntis:
108 1115 520 1143 De populi lachrimis acris imber iit:
702 1155 749 1175 Hos
