872 1312
324 75 529 97 O ANNIS
129 77 165 103 us
134 111 631 142 Hos inter dubios plauſus Iuctusq; peracta
831 106 870 142 æ
160 142 571 170 Lux tenebris triſtis, lætitiâq, nitens.
133 170 627 199 Diſtulit in ſeram ſpectacula Regia noctem,
163 200 573 229 Sed nox ſpectaclis nil nocitura fuit.
131 228 869 264 Lux, HENNICE, tuo quæ tunc veniebat ab ore
158 258 553 288 Ipſa tuis pompis Sol tuit, ipſa dies.
318 289 507 310 E Gallico Marni.
130 317 482 347 Dulces faſcinulæ, coaggeratæ
132 347 501 375 Epellucidulis ſimul lapillis,
133 375 522 400 Circum laora curallina, ah, beatus
129 405 570 433 Per quas factus heri oſculo ipſe lento:
133 434 531 463 Quod compreſſa diulabella noſtra
134 464 509 491 Tam dulcistenuit ſapore mellis.
194 491 543 520 Dulces faſcinulæ, mei lepores,
132 521 476 551 Ne quæſo redeatis ad labella,
133 551 496 579 Dulcis ebria mellis atq; amoris,
133 580 505 608 Si qua eſt gratia amantis vſtulati
132 608 414 637 Edeſiderio reguſtulandi
134 637 519 667 Guſtatos mihi iam ſemel lepores.
195 668 593 699 Quin vos ne vlterius redite quæſo,
133 697 549 726 Tormentum meu namq; tale rurſus
134 725 538 755 Mens ſentiret, eam quod effugeret.
194 755 614 784 Quin vos quin potius precor redite:
132 784 534 812 Nec morbo, neq; morte dulciore
829 792 869 813 lu
132 813 463 842 Poſſit, ſi peritura ſit, perire-
292 853 619 884 Ad arolum Lotharingum Car.
133 889 723 926 Poſt longas tenebras, quibus obruta noſtra fuerunt
165 921 617 950 Tempora, ab Henrici, Carole, morte tui
133 948 574 979 Sic deſperarat, veluti iam luce timeret,
165 979 621 1007 Omnis in antiquum Gallia itura chaos.
133 1007 706 1046 Vt cum primi homines vt adhuc rationis egeni
143 1039 582 1067 Cernentes primum ſolis obire iubar.
128 1066 653 1096 Plotabant miſere, metuentes cuncta tenebras
162 1096 604 1124 urlu in itforms ne rcditua forent.
719 1132 792 1156 Donet
