872 1312
289 70 477 102 AVRA
707 89 746 109 a
77 115 622 144 Doneeab occaſu reuocans ſe rurſus ad ortum
109 146 500 177 Inſperata iterum ſurgere viſa dies.
78 176 516 207 Sic iam tota diu plorabat Gallia, ſolem
107 207 513 237 ternis tenebris occubuiſſe ſum.
1 223 652 267 Quum ſubito erumpens tenuis per nubila fulgor,
110 265 491 287 Vt Sol Oceani fluctibus exoriens.
75 294 625 322 Dum nec adhuc nox eſt, nec dum lux clara diei:
109 325 504 352 Talis Rex nuper Carolus emicuit:
76 352 580 383 Deſperata refert populis qui lumina Gallis,
108 383 521 413 tatis quantum ſit tener ille vigor.
74 412 582 441 Huius ad exortum Solis, qui obſcura ſerenat
104 441 505 472 Regna, ſuis Muſis reſtituitq; decus.
72 471 599 500 Lux vtinam accedat tua, Carole, Lucifer alter,
102 499 531 529 Heſperus Henrici qui morientis eras:
72 528 547 557 Heſperus vt patris, ſic natiLucifer idem
103 559 574 588 Caroli ad auroram Carolus ante micans,
266 591 501 616 De reſtituta valetudine.
74 617 560 648 Exoptata diu, multumq; ad vota precantis
101 648 522 672 Surda, Valetudo, mater Amoris ades.
70 677 540 705 Tu gelidæ vindex mortis, ſolatia confers,
100 706 470 736 Et deſperatis rebus adeſſe ſoles.
35 735 615 768 Nam mihi cum triſti morbo defeſſa iacerent
98 765 631 795 Membra, exporrcxti candida ſponte manum.
67 794 535 826 Acceſſaq; tuo quæ me vexabat Erinnys;
99 824 560 856 Infremuit mirum ſedddit inq, pedes.
67 852 550 883 Sic deuicta fugit tnebrarum denla caligo,
97 882 525 910 Incipis vt radios, Phœbe, nouare tuos.
1 912 617 939 Sic monſtroſa iacet memorandâ clade Climæra
96 941 541 972 Iſthmiaci Heroâa Bellerophontis ope
65 970 554 1001 At nunc, diua potens, quâ non felicior vlla,
94 998 549 1027 Quâ ſine diuitiæ nil niſi nomen habunt:
1 1029 599 1061 iQua ſine nil faciet, quantumuis rara voluptas;
95 1058 532 1089 Quâ ſinc lux nobis nulla ſerena micau:
62 1088 587 1120 Quo pretio nobis donabere? ſatca quotannis
93 1117 560 1149 Catmina Pegasëis fotibus hauſtaferes.
669 1157 723 1175 m
