872 1312
325 65 590 92 IOANNIS
134 79 179 100 ,AO
136 103 728 138 Tum pia thura dabo fundam quoq; roſcida mella,
837 103 870 136 u
166 140 673 169 Et tua,qua potero, nomina voce canam.
136 167 603 197 Concordesq, prius tipâ labentur eadem
166 196 626 228 Tigtis Achæmenius, populiferq; Padus,
137 226 681 259 Quam laudes reticebo tuas. quas ſi quis ab ouo
159 255 644 284 Narret, Alantis onus quis ſubiiſſe neget?
141 285 696 318 Qis numeraturum facile non dicat ad vnguem
1 287 39 306 I
1 307 40 326 i
171 313 632 346 Qum varios ignes ſtellifer orbis habet:
142 342 701 376 Belcia quot ſegetes, Libycum quot littus arenas?
170 372 668 406 Vernaq, quam multo flore vireſcat humus?
138 402 656 431 Atmodo ne temer noſtro maiora cothurno
169 431 600 464 Aggreſſus videar; iam voluiſſe ſat eſt.
140 462 672 489 Et voluiſle ſat eſt, Superis placet vna voiuntas,
170 489 658 521 Solaq, perpetuum cm Ioue fœdus habet.
138 520 655 551 O mihi tam longos liceat tua facta per annos
166 550 547 579 Dicere, ſacratos & renouare dies;
137 579 678 606 Dum tua laus nobis totum diftuſa per orbems
166 608 532 636 Nota ſit Eois, nota ſit Heſperiis.
139 637 623 669 Audiet hoc cœlum, tellusq, & Regia ditis,
170 668 649 698 Neptunus q, pater, ſquamigerumq; pecus.
139 698 593 727 Interea, dum fata ſinunt, per deuia vitæ
167 726 587 757 Si comes afueris, te duce ſoſpes ero.
294 777 574 802 Muſarum encomia durant.
355 807 519 827 In Mercurium.
133 841 629 872 Atlas cœliferens generauit Pliada Maiam;
166 872 575 895 Illa ſed e cœlo traxit amata Iouem.
133 901 701 931 Iuppiter vmbroſo Nymphæ concumbit in antro,
166 931 594 962 Obſequio noctis furta tegente Iouis.
135 960 636 987 Sæpius hoc faciente Deo, Deus inde creatur
164 991 642 1020 Mercurius, Superûm qui decus vnus erat.
138 1020 673 1048 Quoq; die tener eſt, ſed callidus editus infans,
164 1049 544 1073 Auersâ Phœbi ſuſtulit ille boues.
130 1077 658 1105 Hoc menſis facer hic, matris denomine Maiæ
162 1108 642 1142 Dictu qui colitur fronde Tpographicâ.
769 1138 848 1163 t
