872 1312
281 71 471 96 AVRATI.
709 74 749 95 at
1 90 584 141 Et merit: patiens nam vir fuit ille laboris
107 141 543 169 Atlas aſtrorum conſcius, aſtra ferens.
34 170 547 200 Aſtris inuentis mare nota per aſtra ſecari
111 199 626 229 Cœpit, & hinc cum Diis orta Sophia cubans.
37 229 583 258 Plias enim nandi nomen tenet, ipſaq; Maia
109 258 590 288 Eſt ſtudium, & ſepiens naſcitur inde Deus.
37 288 617 319 Ille Deus ſapiens genitus Ioue dictus & olim
109 318 532 347 Hermes, artis qui repperit eſſe genus.
2 332 593 377 Inde Deum furem dixere. Deumq; doloſum:
109 376 538 406 Artifices, fures: tunc dolus arsq; fuit.
79 406 523 435 Hic nupet natus, furatus Apollinis aſtu
107 436 536 466 Dicitur eſſe boues: fata fuere boues:
38 465 607 494 Quæ Deus obliquis cum cantibus obſcuraret;
107 495 576 524 Scripta boum coriis, tergora dicta boum.
41 514 638 552 Mercurius rapit has, Phœbæa ænigmata ſoluens,
112 554 519 583 Qui docet amotis hæc aperire dolis.
1 584 573 612 Nunc docti Diuo, doctis qui præſidet vnus,
106 612 493 641 Dant fdores, ars vt floreat vſq; ſua
255 643 523 671 DAſii vulnere.
77 671 629 701 Ludicra Guiſiadem cum Mars ſpectaret in arma
106 702 506 727 Ante annos, tantis viribus ire, ſuos:
39 720 587 759 Dum contra multos ludis ſponſalibus vnus
109 759 547 782 Suſtinuit toties conſeruiſſe manum.
78 789 625 819 Si iuuenis ludens facit hæc Dux Guiſius, inquit,
111 819 534 847 Quid faciet, cum vir ſeria bella geret?
76 848 611 871 Dixerat: indoluit dictis laudantis alumnum
110 878 592 908 Martis, ab inuidiâ quæ Dea nomen habet.
1 907 716 939 Nec mora, cum tantum nebulas conttaxit in imbrem,
111 937 520 966 Vt tellus ſubitis tota maderet aquis.
43 965 585 997 Sic lapſante gradu.madidi per ludicra campi
107 996 605 1027 Fuſus equus, domini crusq;, genuq, premit.
42 1019 538 1055 At Mars, indigno iuuenis turbatus amici
108 1054 538 1084 Caſu, illum dextrâ mox leuat ipſe ſu.
78 1084 572 1114 Dumq; leuat, tacitas inſpirat pectore vires:
105 1114 564 1147 Acrior in pugnas, quâm prius, ille redit,
681 1146 746 1171 Con.
