872 1312
351 67 557 89 IOANNIS
141 104 654 133 Continuatq; vices, donec nox bella diremit,
172 134 606 164 Venit & ad partes pronuba Diua ſuas.
141 164 728 193 Tunc dolor inuaſit, tunc crus tumet omne dolore
172 193 661 224 Deq; ſuo queritur plurima Marte Venus.
141 222 709 251 Mars animo iubet eſſe bono, quod læuis & olim
172 251 648 280 Ipſe, aliiq; Deûm, nec minus ipſa monens.
144 281 670 308 Sic ſolans, Medicum accerſiuit Pæona Diuûm,
173 311 587 340 Pæoniâ læſum qui leuet arte ducem.
142 340 674 368 Felix dux felix cui Mars fauet æquus in armis,
173 369 623 394 In morbis Pæon, & Venus in thalamis
142 398 695 428 Quid iam, quid poterit contra tres vna Deorum,
174 428 633 456 Seu Nemeſis, ſeu quis deterior Nemeſi?
243 459 651 487 In tumulum patru D. Philippi Huraldi,
360 487 558 516 Regi.
143 516 591 547 Vt cum trophæis, & ſuo grauis Quercus
142 545 550 575 Senio fatiſcit; dein repullulat cæſa,
141 574 557 603 Nouasq; priſcis latius comas fundit:
143 604 587 631 Sic cum per annos floruiſſet immenſos
144 633 630 663 Chæuerniorum ſtirps potens Huraltorum,
142 663 546 691 Rebus domi, forisq; fortiter geſtis;
143 693 643 722 Ducibus Britannis, Regibusq; dum Francis
144 722 671 750 Operam dat acrem; ad Rodolphe te tandem,
143 750 590 780 Vnum relapſa eſt quo fidele Lautrecus
142 780 573 809 Achate ſemper rebus vſus in magnis.
142 810 586 837 At in Italis tu, proh dolor cadens oris
144 838 616 868 Septem relinquis heic ſuperſtites natos;
142 868 548 898 Tuæq; Capuæ pignus oſla virtutis.
143 897 535 928 Sic tibi, tuisque, req; patriâ, & vitâ
140 927 632 956 Patriæ ſaluti impensâ, ad exteros patrum
143 957 675 987 Dominos domus iam venerat Chæuernorum:
143 985 621 1020 Cuim minimus æuo, maximusq; virtute
142 1015 607 1045 Reſtituit hanc Philippus, auxit, ornauit:
144 1045 607 1074 emplumq; ſumptu cum fuorefeciſſet,
144 1075 550 1104 Curauit oſſa patris hue reportanda,
141 1103 609 1137 c Inſigne patriæ chatitatis exemplum
763 1133 803 1161 vi
