872 1312
321 67 503 88 AVRA
84 103 517 135 hic paterno conderentur in buſto
84 133 518 167 uod ſibi ſuiſq; poſteriſq; conſtrnxit.
281 163 541 193 Ad Regem cCarolum I.
206 191 616 216 De olomonis inter duas mulieres Iudcis.
84 223 637 253 Cm puer cſſet adhuc Solomon, ſolioq; paterno
84 251 574 279 Ate annos reſidens medio ius ipſe ſenatu
84 281 549 311 Direret. ecce duæ magno matres vlulatu
83 311 574 342 Acedunt, puero contendentes ſuper vno;
84 340 599 372 Eſſeſuam veram cum diceret vtraq; prolem
84 370 562 400 Vindiciaſq; dari ſibi poſceret. egit vtrinq;
84 397 669 430 Cauſam quæ que ſuam, ſed erat dubitabile verums
83 428 635 458 Tanta ſides verbis lachrimiſq; in verba profuſis
84 458 622 485 Hinc illinc; nec rex tantum, ſed & ipſe ſenatus
84 488 548 516 Hærebat dubiâ confulus imagine rerum.
84 516 634 545 Cum Rex. ecce, animum diuino percitus œſtro:
84 547 631 576 Membra ſecentur ait, pueri, ſed partibus æquis;
84 576 633 606 Partem vt quæq; ſuam capiat: ſic lite diremptâ,
84 606 575 634 Riſerunt proceres, Regis puerile putantes
83 635 668 664 De puero arbitrium: Rex propoſitum tamen vrget
84 664 575 695 Proferriq; iubet cultrum, ſed forte ſub ictu
84 693 551 722 Cum ſtaret, fertiq; acie plorabilis infans
84 723 624 750 O bonus, o iuſtus RexI clamat ſubdola mater:
84 752 652 782 Ne precorl exclamat mox altera, ne precor, o Rex
84 782 634 810 Membra ſeces pueril potius ferat altera totum,
86 813 605 841 Quam natum ſecto lacerari corpore cernam.
84 841 532 869 Sic Rex deprenſâ re, vero indice, matre,
84 870 618 900 Per veras lachrimas, verum matriſq; dolorem;
83 900 585 925 Conuentu Procerum mirante, adiudicat illi
84 931 580 959 Infantem totum, pœnas alii irrogat æquas.
144 959 584 988 Talis mira fuit pueri ſapientia Regis
85 988 612 1018 Hebræis celebrata viris, quam vt viſeret, olim
85 1018 545 1046 Ad Solym a terris venit Regina Sabæis.
68 1047 659 1077 Te quoq; magna manet noſtro, Rex, gloria ſeclo
86 1077 555 1106 Qui Solomoniaco veniſti ad Gallica fato
86 1106 620 1137 Sceptra; ætate puer, folidæ ſed mentis & acris
673 1135 762 1170 Iudſ
