872 1312
350 71 556 93 IOANNIS
120 72 162 94 4
118 106 697 137 Sangaridumq; choro Nympharum tradis, in antis
832 112 870 140 i
1 117 39 138 i
119 136 584 163 Nyſeis vt alant illum: ſibi vendicat inde
831 140 869 169 M
119 166 574 195 Natalem Bacchi mendacis fabula Nyſæ.
178 195 584 222 Exaſit ſubitas Iuno furialis in iras,
118 225 681 253 Mater erat factus quod vir ſibi: nec mora, mittit
119 252 651 282 Noctis auem, vacuas liquidi ſccat ætheris oras
118 281 643 311 Illa; Deæque cito perager s mandata volatu,
119 312 599 341 Vagitus pueri e Nyſe procul accidit antro,
120 341 595 370 Sicut erat velox rapidis per inania pennis
118 370 623 399 Iunonem reperit, puerumq, ibi nunciat eſſe,
118 399 658 429 Longum erat exectare, ſuas pauone quadiigas
119 428 650 451 Scanderat vt iuncto, fulicæ committitur inſtar
118 457 635 487 Flatibus; his ſubuecta nigris allabitur Indis.
21 489 73 507 e
176 487 648 515 At canis eius hians veſtigia pone legebat,
118 514 629 543 Quem ſecum comitem tales ducebat in vſus,
118 543 585 574 Vt ſeſe vlciſcens tanta eſt inſania Diuæ
117 574 629 605 Acane membra nothi pueri curaret edenda.
117 601 538 634 Facta ſed auguriis Ino fallacia ſenſit,
118 633 620 660 Dumq; Deæ fraudes eludere fraude laborat,
117 662 657 693 Mox Ahamanta vocat, lunonia furtaq; narrat,
116 691 595 718 Vt parer infantem morſu lacerare canino.
115 718 578 750 Ille ſolo pueri pariter cunabula & ipſum
116 749 678 781 Applicat, atq; hederis raptim tegit vndiq; circum,
114 778 637 809 Illum ne quærens Iuno deprehendere poſſet,
119 808 678 837 Mandendumq; cani viuum præberet alumnum;
115 837 554 861 Aut aliâ certe violaret fraude nouerca.
115 866 581 895 Ex illo Bacchus, quia ſit ceruatus ab illis,
114 894 620 927 Hirſutas hederas ſtirpem ſibi legit amicam;
115 926 651 955 Hac nec in arboribus Baccho iucundior arbor.
114 953 588 983 Irrita ſed Iuno ſua cum conamina cernit,
114 982 592 1012 Terribiles furias Inoni immitit; & inſtat
114 1011 677 1041 Sic miſeræ v ſeopuli moribundam culmen ad alti
113 1041 716 1073 Duxerit: hinc amens natum amplectens Melicertam
114 1070 568 1101 In mare ſe miſit, ſi pellere corde furores
114 1099 633 1134 ic queatindomitos; Euoe pater, Euie, Euan.
727 1138 830 1168 Eius
