872 1312
825 40 870 72 m
337 78 522 101 AVRATI.
723 77 766 99 â
840 72 870 102 I
93 115 560 146 Eus poſt obitum non te nutricis in vlnis
93 144 572 169 Fama fuiſſe diu :ſubito ſed factus adultus
95 176 600 205 Oſtendis, quanti ſis numinis incrementum:
95 203 617 228 Ac res mira nimis, mihi nec credenda videtur,
96 233 630 264 Quod pictura vetus talem te ſinxit ephebum,
97 261 678 292 Impubem. tenerum, leuemque parumque virilem,
99 292 621 321 Nec tibi barba genas iucundo flore coronat:
99 319 667 351 Nam te crediderim potius babamque, comaſque
98 351 566 381 Protinus emiſiſſe, atque euaſiſſe repente
99 380 623 410 De tenero puero, iuuenis florentis in annos
99 409 623 438 Sed magis admiranda capri ſine crimine colla
99 439 572 469 Quæ tibi luce tuâ maculant altaria tabo:
101 469 644 495 Nam tua nulla forent etiam nunc clara reperta
841 483 869 515 I
101 497 550 527 Vitigeni laticis, cuius tmortalibus vſum
102 524 683 556 Te primum monſtraſſe ferunt; niſi corniger ipſam
841 525 869 557 I
101 555 667 585 Monſtraſſet vitem caper & tibi. namque notaſti,
102 586 623 614 Dum caper in ſaltu labruſcam arrodit opaco,
102 614 711 644 Vitis agreſte genus: quam cim bene dente proteruo
104 644 534 672 Carpſiſſet, titubans nutabat vt vnum
103 672 614 702 In latus: extemplo tibi cum ſuccurrit in illa
103 702 626 731 Eſſe aliquod plantâ diuinum nnmen agreſti
102 732 638 760 Ergo adhibes tenere cultum radiculæ,. & anno
102 761 634 789 Altero in optima vina racemos vertis acerbos.
104 788 671 819 Dein, mortale genus noſtrum miſeratus, habebat
104 819 634 848 Humoris quod adhuc fontani ſimplicis vſum,
104 847 686 876 Terrarum immenſum circumuagus ire per orbem
106 878 636 907 Pergis, vt humanos tua vina bibenda doceres.
106 907 672 938 Scandis & in currum quem colla ferocia lyncum
106 935 714 964 Bina trahunt: ſpumat manſum ſub dentibus aurum,
106 966 629 996 Igne micant oculi,per noctem qualiter atram
100 996 586 1018 Lumina ſcintillant nimio feruentia vino.
107 1024 602 1055 Demiſſa ex humeris Tyriæ velamina pallæ
106 1055 586 1083 Per tua terga fluunt; capiti genialia ſerta
107 1083 602 1107 Lilia mixta roſis ſunt mitibus , inter & illas
106 1114 679 1147 Rampinus inuolitans hederæque licentius errant,
707 1141 775 1173 Tem-
