872 1312
341 74 526 98 A VRATI
96 113 654 143 At ephyri illarum cupidi contingere mammas
87 144 579 173 Atq; ſinus, blandis interſpirantibus auris
86 173 629 203 Leniter inſinuantur amictibus: omne iocoſæ
96 203 624 231 Vocis imaginibus cœlum reſpendet ouantum
96 233 591 257 Ad raucos fremitus, & acutiſonos vlulatus.
97 261 681 292 Euoe lacche, Euoe ſed quamuis tu quoq; gaudens
98 292 637 315 Verſibus. ad manes deſcenderis, Herculis olim
98 321 653 350 Os habitumq; gerens, ibi protraheretur vt inde
87 350 629 380 ſchylus, Euripideſue, tamen tua ſacra poetæ
97 380 593 409 Numina vexarunt falſis ingratius hymnis
95 410 624 439 Fingentes te, terrigenæ contra aſtia Gigantes
87 438 678 468 Cum montes ſtruerent fugientem e turbine belli,
96 469 669 498 Viuum membratim diſcerptum; ipſamq; ſororem
97 497 749 529 Pallada cor, quod humo trepidum tremulumq; iacebat-
97 526 616 557 Collegiſſe tuum. ſed mendax fabula Vatum
86 556 570 583 Arguitur virtute tuâ: nam tuſimul armis
95 586 620 615 Vidiſti proferre gradum ſuper aſtra Gigantas,
87 615 579 644 Dentibus ingentis te mox atmare Leonis
87 641 707 675 Feſtinas, mutatus in hutc: medium inter & agmen
87 673 594 705 Illius horrendâ renouans fera prælia malâ
97 704 680 734 Vno codemq; Gygen pariterq; Mimanta repulſos,
96 734 638 762 Impete præcipites deuoluis ab æthere ſummo:
95 762 642 792 Sanguineq; infectos thoracas ab hoſtibus ipſis
95 792 582 821 Detractos cœli tua ponis in arce trophæa.
154 821 719 850 Multa pater tibi lunt cognomina tu pater audit
95 850 635 878 Nyſius, Indus ab his: Thebanus, Baſſarus illis.
96 880 666 912 Sunt quibus & Trietes atq; Erraphiota, Phaneſq;
94 910 596 940 Diceris. extant mille locis tibi deniq; mille
98 939 574 962 Olim rite dicata vocabula, ſed mihi certe
95 967 627 998 Vindocinus tu Bacchus eris: ſua cauſaq; iuſta
96 997 707 1028 Nominis eſt huius, quod dum vagus ipſe per orbem
95 1026 529 1054 Ires, ad Lyddi vada concediſſe ſiniſtra
95 1055 695 1089 Te perhibent noſtri, qui nondum e colle propinquo
95 1084 589 1112 Transfulgere ſuas in flumine viderat vuas.
96 1114 580 1148 Sed tua fixa ſolum ſimul ac veſtigia ſenſit
712 1150 772 1172 Sacra
