<PcGts xmlns="http://schema.primaresearch.org/PAGE/gts/pagecontent/2017-07-15" xmlns:xsi="http://www.w3.org/2001/XMLSchema-instance" xsi:schemaLocation="http://schema.primaresearch.org/PAGE/gts/pagecontent/2017-07-15 http://schema.primaresearch.org/PAGE/gts/pagecontent/2017-07-15/pagecontent.xsd"><Metadata><Creator>User123</Creator><Created>2020-04-19T01:00:20</Created><LastChange>2020-04-19T01:00:20</LastChange></Metadata><Page imageFilename="0376.png" imageHeight="1312" imageWidth="872"><TextRegion id="r0" type="paragraph"><Coords points="1,1 870,1 870,1310 1,1310"/><TextLine id="r0_l001"><Coords points="341,74 341,98 526,98 526,74"/><TextEquiv index="1"><Unicode>A VRATI</Unicode></TextEquiv></TextLine><TextLine id="r0_l002"><Coords points="724,81 724,104 772,104 772,81"/><TextEquiv index="1"><Unicode>A</Unicode></TextEquiv></TextLine><TextLine id="r0_l003"><Coords points="654,113 96,113 96,143 654,143"/><TextEquiv index="1"><Unicode>At ephyri illarum cupidi contingere mammas</Unicode></TextEquiv></TextLine><TextLine id="r0_l004"><Coords points="844,123 844,188 870,188 870,123"/><TextEquiv index="1"><Unicode></Unicode></TextEquiv></TextLine><TextLine id="r0_l005"><Coords points="579,145 195,144 52,145 37,146 35,149 35,170 37,173 579,173"/><TextEquiv index="1"><Unicode>Atq; ſinus, blandis interſpirantibus auris</Unicode></TextEquiv></TextLine><TextLine id="r0_l006"><Coords points="629,173 579,175 161,174 84,175 79,178 43,178 39,181 37,185 37,200 39,203 48,203 51,201 117,203 629,203"/><TextEquiv index="1"><Unicode>Leniter inſinuantur amictibus: omne iocoſæ</Unicode></TextEquiv></TextLine><TextLine id="r0_l007"><Coords points="624,205 96,203 96,231 624,231"/><TextEquiv index="1"><Unicode>Vocis imaginibus cœlum reſpendet ouantum</Unicode></TextEquiv></TextLine><TextLine id="r0_l008"><Coords points="1,230 1,258 36,258 36,230"/><TextEquiv index="1"><Unicode></Unicode></TextEquiv></TextLine><TextLine id="r0_l009"><Coords points="96,233 96,257 591,257 591,233"/><TextEquiv index="1"><Unicode>Ad raucos fremitus, &amp; acutiſonos vlulatus.</Unicode></TextEquiv></TextLine><TextLine id="r0_l010"><Coords points="681,261 624,261 603,263 549,264 306,263 255,261 150,263 97,261 97,289 134,289 149,291 256,290 398,292 681,292"/><TextEquiv index="1"><Unicode>Euoe lacche, Euoe ſed quamuis tu quoq; gaudens</Unicode></TextEquiv></TextLine><TextLine id="r0_l011"><Coords points="637,294 525,294 468,292 98,292 98,315 637,315"/><TextEquiv index="1"><Unicode>Verſibus. ad manes deſcenderis, Herculis olim</Unicode></TextEquiv></TextLine><TextLine id="r0_l012"><Coords points="653,324 98,321 98,348 166,350 653,350"/><TextEquiv index="1"><Unicode>Os habitumq; gerens, ibi protraheretur vt inde</Unicode></TextEquiv></TextLine><TextLine id="r0_l013"><Coords points="629,353 365,351 250,352 219,350 71,350 71,377 162,379 345,380 629,380"/><TextEquiv index="1"><Unicode>ſchylus, Euripideſue, tamen tua ſacra poetæ</Unicode></TextEquiv></TextLine><TextLine id="r0_l014"><Coords points="593,383 344,380 97,380 97,406 102,407 195,409 593,409"/><TextEquiv index="1"><Unicode>Numina vexarunt falſis ingratius hymnis</Unicode></TextEquiv></TextLine><TextLine id="r0_l015"><Coords points="624,412 95,410 95,436 122,438 624,439"/><TextEquiv index="1"><Unicode>Fingentes te, terrigenæ contra aſtia Gigantes</Unicode></TextEquiv></TextLine><TextLine id="r0_l016"><Coords points="678,439 664,441 632,442 569,442 38,438 38,462 40,466 107,465 135,467 271,468 678,468"/><TextEquiv index="1"><Unicode>Cum montes ſtruerent fugientem e turbine belli,</Unicode></TextEquiv></TextLine><TextLine id="r0_l017"><Coords points="844,366 844,485 870,485 870,366"/><TextEquiv index="1"><Unicode></Unicode></TextEquiv></TextLine><TextLine id="r0_l018"><Coords points="669,472 374,469 96,469 96,494 142,494 178,497 669,498"/><TextEquiv index="1"><Unicode>Viuum membratim diſcerptum; ipſamq; ſororem</Unicode></TextEquiv></TextLine><TextLine id="r0_l019"><Coords points="749,497 724,497 718,500 702,501 97,497 97,524 148,524 165,526 205,527 310,526 347,528 378,527 749,529"/><TextEquiv index="1"><Unicode>Pallada cor, quod humo trepidum tremulumq; iacebat-</Unicode></TextEquiv></TextLine><TextLine id="r0_l020"><Coords points="616,530 378,528 347,529 310,527 205,528 164,526 97,526 97,556 106,555 316,557 616,557"/><TextEquiv index="1"><Unicode>Collegiſſe tuum. ſed mendax fabula Vatum</Unicode></TextEquiv></TextLine><TextLine id="r0_l021"><Coords points="570,559 315,557 54,557 50,559 41,557 36,562 36,583 570,583"/><TextEquiv index="1"><Unicode>Arguitur virtute tuâ: nam tuſimul armis</Unicode></TextEquiv></TextLine><TextLine id="r0_l022"><Coords points="620,588 95,586 95,612 145,614 257,615 620,615"/><TextEquiv index="1"><Unicode>Vidiſti proferre gradum ſuper aſtra Gigantas,</Unicode></TextEquiv></TextLine><TextLine id="r0_l023"><Coords points="579,618 522,618 482,616 73,615 70,618 43,617 39,619 36,623 36,641 107,641 119,643 144,644 579,644"/><TextEquiv index="1"><Unicode>Dentibus ingentis te mox atmare Leonis</Unicode></TextEquiv></TextLine><TextLine id="r0_l024"><Coords points="707,642 636,642 634,644 626,646 557,647 144,645 119,644 107,642 36,642 36,671 37,673 42,675 82,675 88,671 114,671 132,673 247,673 337,675 707,675"/><TextEquiv index="1"><Unicode>Feſtinas, mutatus in hutc: medium inter &amp; agmen</Unicode></TextEquiv></TextLine><TextLine id="r0_l025"><Coords points="68,705 74,702 594,705 594,677 439,675 337,676 247,674 84,674 80,678 73,678 45,677 39,674 3,674 3,706 57,706"/><TextEquiv index="1"><Unicode>Illius horrendâ renouans fera prælia malâ</Unicode></TextEquiv></TextLine><TextLine id="r0_l026"><Coords points="840,691 840,730 870,730 870,691"/><TextEquiv index="1"><Unicode></Unicode></TextEquiv></TextLine><TextLine id="r0_l027"><Coords points="97,704 97,734 680,734 680,704"/><TextEquiv index="1"><Unicode>Vno codemq; Gygen pariterq; Mimanta repulſos,</Unicode></TextEquiv></TextLine><TextLine id="r0_l028"><Coords points="638,735 96,734 96,761 638,762"/><TextEquiv index="1"><Unicode>Impete præcipites deuoluis ab æthere ſummo:</Unicode></TextEquiv></TextLine><TextLine id="r0_l029"><Coords points="861,775 844,775 837,773 808,773 808,810 861,810"/><TextEquiv index="1"><Unicode>I</Unicode></TextEquiv></TextLine><TextLine id="r0_l030"><Coords points="642,764 95,762 95,789 114,791 144,790 298,792 642,792"/><TextEquiv index="1"><Unicode>Sanguineq; infectos thoracas ab hoſtibus ipſis</Unicode></TextEquiv></TextLine><TextLine id="r0_l031"><Coords points="582,794 95,792 95,821 109,821 121,819 204,819 244,821 582,821"/><TextEquiv index="1"><Unicode>Detractos cœli tua ponis in arce trophæa.</Unicode></TextEquiv></TextLine><TextLine id="r0_l032"><Coords points="719,821 629,821 623,823 154,821 154,848 173,849 308,850 326,848 355,848 386,850 719,850"/><TextEquiv index="1"><Unicode>Multa pater tibi lunt cognomina tu pater audit</Unicode></TextEquiv></TextLine><TextLine id="r0_l033"><Coords points="635,853 630,852 480,851 410,852 385,850 95,850 95,878 635,878"/><TextEquiv index="1"><Unicode>Nyſius, Indus ab his: Thebanus, Baſſarus illis.</Unicode></TextEquiv></TextLine><TextLine id="r0_l034"><Coords points="666,882 96,880 96,907 163,909 234,908 418,911 594,910 612,912 666,912"/><TextEquiv index="1"><Unicode>Sunt quibus &amp; Trietes atq; Erraphiota, Phaneſq;</Unicode></TextEquiv></TextLine><TextLine id="r0_l035"><Coords points="596,912 594,911 418,912 344,910 94,910 94,937 596,940"/><TextEquiv index="1"><Unicode>Diceris. extant mille locis tibi deniq; mille</Unicode></TextEquiv></TextLine><TextLine id="r0_l036"><Coords points="574,941 98,939 98,962 574,962"/><TextEquiv index="1"><Unicode>Olim rite dicata vocabula, ſed mihi certe</Unicode></TextEquiv></TextLine><TextLine id="r0_l037"><Coords points="627,967 614,970 377,970 316,968 95,967 95,994 109,995 248,996 287,998 627,998"/><TextEquiv index="1"><Unicode>Vindocinus tu Bacchus eris: ſua cauſaq; iuſta</Unicode></TextEquiv></TextLine><TextLine id="r0_l038"><Coords points="734,997 683,997 674,1000 454,1000 287,999 248,997 96,997 96,1025 227,1025 302,1028 734,1028"/><TextEquiv index="1"><Unicode>Nominis eſt huius, quod dum vagus ipſe per orbem</Unicode></TextEquiv></TextLine><TextLine id="r0_l039"><Coords points="529,1030 302,1029 227,1026 95,1026 95,1053 100,1054 529,1054"/><TextEquiv index="1"><Unicode>Ires, ad Lyddi vada concediſſe ſiniſtra</Unicode></TextEquiv></TextLine><TextLine id="r0_l040"><Coords points="695,1055 581,1055 579,1057 571,1059 431,1059 95,1055 95,1082 246,1084 286,1086 695,1089"/><TextEquiv index="1"><Unicode>Te perhibent noſtri, qui nondum e colle propinquo</Unicode></TextEquiv></TextLine><TextLine id="r0_l041"><Coords points="589,1090 580,1089 286,1087 188,1084 95,1084 95,1112 589,1112"/><TextEquiv index="1"><Unicode>Transfulgere ſuas in flumine viderat vuas.</Unicode></TextEquiv></TextLine><TextLine id="r0_l042"><Coords points="96,1114 96,1148 580,1148 580,1114"/><TextEquiv index="1"><Unicode>Sed tua fixa ſolum ſimul ac veſtigia ſenſit</Unicode></TextEquiv></TextLine><TextLine id="r0_l043"><Coords points="712,1150 712,1172 772,1172 772,1150"/><TextEquiv index="1"><Unicode>Sacra</Unicode></TextEquiv></TextLine></TextRegion></Page></PcGts>