872 1312
342 71 552 95 IOANNIS
116 107 642 139 Sacra pater, ſubit viſu mitabile monſtrum
116 136 591 168 Vinea læta ſuis emerſit onuſta racemis:
117 167 644 197 Colle propagauit tua quam gratiſſima dextra
116 197 608 228 Perpetuo, collique tuum Dionyſie nomen
116 226 753 259 Nunc Dionyia manet. Quo me rapis o pater? aut quid
116 253 637 283 Vlterius tibi dulce mei? non carmine noſtro
117 284 645 314 Laus tua iam celebrata ſatis? Euoepater Euan
121 313 696 344 Corda furor quati ah flagris magis acribus error
120 342 634 370 Me ſacer exagitat nuper tuus o bone Bacche
115 371 660 402 Te video, atq, tuos oculos velut igne rubentes,
116 401 653 431 Atq; comas flauas. tua quæ per colla vagantur
117 429 658 464 Coxigena lah fugitiua mihi mens aufugit, & te
115 458 625 491 Ac tua ſubſequitur leuis orgial capta furenti
115 487 613 512 Bacche, tua rabie mea corda trementia ſent
115 515 617 546 Infremuiſſe, tuis ſtimulis ita pulſa laborant
174 546 691 577 Ocius hinc aliquis da cornua, cymbala & iſts
115 575 636 607 Tinnula. daq; illinc crepitacula, & illa fragoſa
114 605 650 633 Tympana. quid ceſlas capiti redimicula mitræ
112 633 579 664 Ferre colubrinæ, nectendis apta capillis,
113 661 657 694 Nodiſq; intertexta, hederiſq; horrentia denſis?
113 692 663 723 Dein ita compoſitos vexent mihi flamina crines
112 720 672 753 olia, vt quondam iuga cum nutant Erymanthi
112 749 605 781 Frondibus arboreis, foliis & ſparſa caducis.
111 779 633 811 Fallor? an aſpicio pede iam titubante moueri,
111 809 666 848 Nec numero. nec ab arte vllâ manuumq; micae
113 835 559 870 Geſtibus inſanas Edonidas Ebride ripâ
110 866 582 898 Saltantes per amicta gelu deſerta niuali;
110 896 631 927 Horrida clangenteſq;, & acuta cauis vlulantes
111 925 643 957 Gutturibus? ſua ſubq; iugum petulantia colla
109 953 655 988 Vi dare cuſpidibus Thyrſorum tacta virentum?
166 983 684 1020 Aſt ego menti inops & anhelo laſſa fatigans
108 1012 556 1045 Ilia proflaru, viniq; erore regeniis
107 1042 619 1076 Ductus, eo per plana vagus: certe ire per illa
107 1072 669 1106 Mens e noſtra putat. vien v præco ipſe ſacrata
105 1101 656 1138 Ogia ltus ouans mea pone lequntia terga?
687 1141 769 1169 Admi-
