872 1312
339 69 531 92 AVRATI
86 165 591 197 Tu magni choreas animalis dux regis ipſe,
86 195 585 229 Præſultorq; chori: per te pater alme, tuæq;
69 284 533 315 Atq; tuâ mortale nefas aſpergine loti,
69 314 589 341 Audemus cœlo nos tollere. nee Iouis alti,
69 341 617 369 Hotremus ſacræ cum Diis accumbere menſæ.
144 374 698 405 Salue mire hominem Lycnita, & mire Deorum
69 399 588 436 Salue iterum, me vate tuo te rite vocante;
68 433 636 465 Silenumq; ſenem pariter Semelenq; parentems
69 460 624 493 Cum paterâ,cum flore meri ſpumantis in auro.
157 494 650 526 Ad Henricum IIl. alliæ & Poloniæ Regem
68 513 613 554 Virtutis, Rex, fama tuæ, quæ ſparſa per orbem
69 552 598 583 ABoreâ Atlantis peruenit ad vſq; columnas,
68 579 596 610 Mittit in occurſum ſyluas tibi poma ferentes
78 611 615 640 Aurea, quæ domito carpas impune Dracones
69 638 567 668 Pandit & ipſe ſuas vltro tibi Cælifer arces,
69 669 594 697 Vnde ſacræ redeunt terris virtutis amores,
69 699 551 731 Per quos expulſis vitiis, odiiſq; profanis,
69 728 650 769 Ferrea ſecla vetus tibi, Rex, referantur in aurum,
311 761 468 784 Ad undem,
69 783 591 820 Cauit Alexander ne quis ſe præter Apellem
69 819 640 847 Pingat, Alexandio Rex non minor, eius & vxor,
77 847 630 877 Ora vetant ſua ne niſi Curtius vllus adumbret,
77 878 595 907 Tam bene qui vultus & ſenſus exprimit arte,
75 907 561 938 Vt præſens coram videatur vterq; videri;
75 937 603 966 Rex, Diuum ſimilis; ſimilis Regina Dearum.
330 970 465 998 Ad cundem.
69 996 593 1026 Heu quantis vicibus verſat terreſtria cœlum
102 1028 580 1058 Reges, atq; Duces, quiq; ſequuntur eos?
69 1052 644 1081 Dux erat Henticus, necdum Rex, cum mihi victor
103 1086 645 1114 Sponte triumphantem dum cano, dona dedit.
69 1115 629 1146 Gloria mox creuit vixdum craſcentibus annis,
721 1150 750 1172 Et
