872 1312
330 67 536 91 IOANNIS
101 83 141 103 4
80 106 564 140 Et iam de Duce cx ille Polonus erat.
104 132 656 167 Auſpicc te rurſus dedit vltro dona Philippus
835 132 868 159 u
135 162 627 199 Rex. mihi creuerunt cum Duce dona ſuo.
104 189 674 224 Et creuete tui, dum Rex quoque creuit, honores,
797 192 870 215 i
136 221 622 254 Cteuit & in Regem qua tuus vſque fauor.
107 250 613 281 Sed vice diuerlâ, decrelcere qd mihi dona
138 283 578 314 Regia tu pateris miror, & inde queror.
109 306 719 344 Principe digna canens, tune Principe digna ferebam
138 341 665 373 Ante preces: mea nunc pondere vota carent.
349 372 539 393 Ad D. inceum.
113 397 653 429 Conſilium mihi das multum, Pincee, ſalubre;
143 429 596 457 Aurea vt articulos dinumerata leuent.
1 457 682 496 CSed mihi quis dabit hoc ſi quæſtor ipſe chiragram
144 486 623 521 Vel patiur, ſimulat vel magis vſque pati?
54 517 725 558 Nam numerare negat mihi quæ debentur in annum.
145 546 632 576 Conſilium dederas; quis dabit auxilium.
377 579 521 599 Ad D. Cailu.
118 603 669 638 Theſeos in ſocium laudetur amorque fideſque;
148 634 642 668 Quem repetiſſe ferunt A Styge Pirithoum.
118 666 637 699 Et tua par pietas, Cailu, fuit in Mogeronem,
149 695 605 721 Cui comes ad Lethes auſus es ire lacus.
119 721 648 754 Viuus enim extincto poteras ſupereſſe ſodali;
150 752 641 788 Cum, ſimul hunc audis iam periiſſe, peris:
121 783 592 818 Si fore infernis poſſes reuocare tenebris
151 814 563 846 Illum qui pro te lumine caſſus erat.
123 839 693 875 Ambos ſed pariter tenuit Rhadamanthus, vt eſſes
154 872 607 906 Tuq; nouus Theſeus, illeque Pirithous.
122 901 629 934 Forſan & hæc pietas alterna merebitur olim
152 933 594 964 A Styge vt Alcides vos nouus eripiat.
264 963 693 990 Ad D. A. Seiguierum Propratorem.
125 990 693 1023 Gloria magna domus, quæ tot tulit vna Catones,
156 1022 610 1053 Sanctaque tot ſolitos dicere iura viros.
125 1051 673 1082 Magnorum ſed non fœcundior vſque virorum
156 1081 673 1112 Ante fuit, quam nunc eſt Segniera domus.
129 1110 676 1143 Tempore namque vno pater & tres ordine nati
720 1138 870 1166 Diere
