872 1312
312 60 501 82 AVRATI
72 93 533 127 Dixere in magnis maxima iura foris.
72 125 610 160 Atque patri functo natus pro Præſide Præſes,
107 157 505 187 Pro prætore illo frater & ipſe ſuus.
72 185 666 218 Cui iam tum iuuenis cum tam graue munus obire
72 214 559 244 Cœperit, eſt viſus pondus habere ſenis.
72 242 625 278 Tanta oris grauitas, tam præſens rebus agendis
107 275 547 306 Ingenium, tantum iuris & artis ineſt.
72 301 647 335 ANon igitur fortes mod fortibus vſque crantur,
72 335 648 364 Flaccus ait, nec equis viſque vigorque patrum
72 362 510 394 Sed doctis doctos iuſtos, iuſtiq; cteai
103 394 535 426 Patribus, Antcni tu Seguiere, probas.
206 425 608 457 Ad Margaretam Nauarræ Reoiam.
72 445 559 483 Cœleſtis quibus eſt mentis natura batæ.
109 483 562 510 Nil cœlum, cœli præter & aſtra volunt.
72 509 602 542 Quod tibi cœleſtis ſit, Margari mentis origo,
108 544 604 571 Mens tua, quæ cœli tendit ad aſtra ptobar.
72 569 689 604 Non tamen ad cœlum gradus cſt, vt imore Gintum
110 599 557 630 Pelion oſſa ſuper, Oſian Olympus eat.
72 631 638 661 Sed via per numeroſa paratur ad aſſra:
110 660 602 690 Hac iter ad cœlum eſt, hac leuis aſtra petis.
72 690 597 724 Et quia totus in his animus cœleſt a captans,
108 719 531 748 Verſatur numeris, Margari dia tuns:
72 746 632 780 une Goſſelinus numerorum de arte libellum,
109 779 559 803 Votiuam vt tabulam, ſacrat in æde tuâ.
267 809 556 837 In Andr æ Theaii ſigiem.
72 837 618 867 Poſtqam luſlraſti terrarum qua patet orbem.
111 867 546 896 Andrea, Aquitano nate Theuete ſolo.
72 897 557 930 Illuſtras homines illuſtres, arte vel armis,
112 927 522 956 Seu tabulas pictas ſiueper hiſtorias.
72 952 637 986 Dignus es e:go aliis quod das decus ipſe referre,
110 987 520 1011 Inter vt illuſtres annumerere viros.
232 1016 598 1043 n rſtoriam eius, de viluſtribus,
72 1043 528 1075 IIlutres Theuete, vitos illuſtribus arte
109 1075 548 1101 Inſeris, in cœlo das & habere loum:
72 1103 561 1137 Qualis & antiquis datus eſt heroibus illis,
664 1133 752 1165 -
