872 1312
312 60 501 82 AVRATI
25 93 533 127 Dixere in magnis maxima iura foris.
24 125 610 160 Atque patri functo natus pro Præſide Præſes,
107 157 505 187 Pro prætore illo frater & ipſe ſuus.
29 185 756 217 Cui iam tum iuuenis cum tam graue munus obire
27 202 559 244 Cœperit, eſt viſus pondus habere ſenis.
27 233 625 278 Tanta oris grauitas, tam præſens rebus agendis
107 275 547 306 Ingenium, tantum iuris & artis ineſt.
1 288 647 336 ANon igitur fortes mod fortibus vſque crantur,
28 335 648 364 Flaccus ait, nec equis viſque vigorque patrum
31 362 510 397 Sed doctis doctos iuſtos, iuſtiq; cteai
103 394 535 426 Patribus, Antcni tu Seguiere, probas.
206 425 608 452 Ad Margaretam Nauarræ Reoiam.
29 445 559 485 Cœleſtis quibus eſt mentis natura batæ.
109 483 562 510 Nil cœlum, cœli præter & aſtra volunt.
3 501 602 542 Quod tibi cœleſtis ſit, Margari mentis origo,
108 544 604 571 Mens tua, quæ cœli tendit ad aſtra ptobar.
27 562 689 604 Non tamen ad cœlum gradus cſt, vt imore Gintum
110 599 557 630 Pelion oſſa ſuper, Oſian Olympus eat.
28 631 638 670 Sed via per numeroſa paratur ad aſſra:
110 660 602 690 Hac iter ad cœlum eſt, hac leuis aſtra petis.
29 691 597 745 Et quia totus in his animus cœleſt a captans,
108 719 531 748 Verſatur numeris, Margari dia tuns:
30 746 632 780 une Goſſelinus numerorum de arte libellum,
109 779 559 803 Votiuam vt tabulam, ſacrat in æde tuâ.
267 809 556 837 In Andr æ Theaii ſigiem.
1 837 618 867 Poſtqam luſlraſti terrarum qua patet orbem.
111 867 546 896 Andrea, Aquitano nate Theuete ſolo.
32 897 557 931 Illuſtras homines illuſtres, arte vel armis,
112 927 522 956 Seu tabulas pictas ſiueper hiſtorias.
32 951 637 986 Dignus es e:go aliis quod das decus ipſe referre,
110 987 520 1011 Inter vt illuſtres annumerere viros.
232 1016 598 1043 n rſtoriam eius, de viluſtribus,
31 1044 528 1075 IIlutres Theuete, vitos illuſtribus arte
109 1075 548 1101 Inſeris, in cœlo das & habere loum:
26 1104 561 1137 Qualis & antiquis datus eſt heroibus illis,
664 1133 752 1165 -
