872 1312
352 79 556 103 IOANNIS
149 117 622 153 Quorum nominibus ſydera dicta micant.
122 145 730 181 Sed quia vix veterum vetus omnia nomina cœli
124 175 699 210 Sphæra capit, noua nunc ſphæra paranda nouis.
112 205 713 239 Ergo nouum cœlum, nouus & polus, & nouus axis
154 236 594 266 Heroum efligies mittat in aſtra nouas.
124 263 645 298 Tuq; nouus iam, ſed Gallorum, cælifer Atlas,
153 293 616 335 Qui portas humeris tot noua ſigna tuis.
211 322 703 355 n lacobi capentari Rgæ hhloſophi q
389 355 515 380 ſori obitum.
128 381 651 413 O facinus capitale quod Atropos impia nuper
157 412 580 443 Fecit, Gymnaſirdum caput abripuitl
128 439 704 475 Ars tua nam reliquas caput inter cum foret artes,
160 470 604 503 Inq; tuâ ſummum tu caput arte fores:
126 496 664 528 Dulce ſuum te noſtra caput ſchola iure putabat
161 529 609 561 Carpentai, omnis qui caput artis eras.
128 557 664 591 Ergo multa vno cum membra amiſerit anno;
157 588 632 618 Ttunca quibus, viuum pene cadauer erat:
129 615 692 646 Salua tamen ſaluo nuper te vtcumque manebat:
158 647 555 677 At nunc amiſſo quid faciet capite?
300 677 627 700 In Theodori Ferrerii Tumulum.
130 705 651 737 Hac Theodorus humo Ferrerius ille ſepultus,
162 736 606 765 Mechanicâ quo non alter in arte prior.
132 764 621 792 Omnia Vulcanus ſua cui commiſerat ignis
160 794 630 824 Inuenta, & quicquid Dædala dextra facit.
130 822 676 852 Bellica cui varios varia extat machina in hoſtes,
160 853 597 883 Temporibus belli facta per ingenium.
130 882 628 913 Tempore ſed pacis non hoc ſolertior vllus,
159 912 638 941 Conflaret florum qui genus omne faber.
131 942 600 972 Et qui vix credenda ſuo miracla camino
162 971 580 1000 Naturam ſimulans artibus efficeret.
131 1001 580 1030 Sed naturales qui vicerat artibus artes,
160 1030 638 1058 Naturæ heic tandemvictus ab arte iacet.
252 1061 675 1086 Pn tumulum crdis Anuæ Memorarantii.
131 1089 569 1118 Adſta viator: grandis eſt paruæ moræ
127 1119 657 1148 Metces, Cor eſ heic Regis Hentici ſitum eſt;
729 1148 789 1173 Ducis
