872 1312
353 76 540 101 AVRATI.
97 111 672 146 Ducis heic cor Annæ, vtrumq; vtriq; proximum:
96 142 564 172 Mandante Rege, promerente ſed Duce.
95 171 540 205 Qui iuſſa Regis cum fide exequens ſui,
92 202 538 229 Dum vixit hoc in morte teſtimonium
94 230 444 261 Fidelitatis cepit in regem ſuæ,
94 261 503 295 Vt vita quos inuitâ & ante iunxerat
93 290 533 324 Inuidiâ, eorum corda mors ne ſeparet.
267 324 581 354 In obitum Chriſtophori Thuani.
91 349 601 381 Francia tota gemens, & prima Lutecia ſedes
89 379 632 415 Francorum, lachrymas de Præſide ſiſtite primo.
90 407 645 441 Chriſtophorus non ille perit, non ille Thuanus
89 437 616 475 Vir tam ſanctus obit, ſed abit ſolennia nuper
72 464 587 501 Inuitante Deo ſanctorum ad feſta vocatus,
72 493 586 531 Præm ia vt accipiat diuturni digna laboris;
72 526 657 561 Sanctorum aucturus numerum per ſecla beatum.
72 553 614 592 Nec longe quærenda fides: probat exitus ipſe
88 588 638 619 Tam celer & placidus, & qualis non niſi ſanctis
85 614 549 647 Dilectiſq; Deo contingere diciturolim.
86 645 674 681 Nam ctm quinq; decemq; ſenex iam conderet æui
84 673 606 713 Luſtra ſui, primis ad ſummos integer annos
72 704 562 734 Corporis, vt mentis, ius inuiolable dantis
72 733 635 765 Cuiq; ſuum. placida iſt ſine ſenſu morte ſolutus
84 762 567 798 Sic veluti leni poſ longa negocia ſomno.
143 794 723 827 Græcia nunc Cleobin, nunc iactet & illa Bionem,
84 824 621 855 Quos non difficilis, placidoq; ſimillima ſomno
82 852 662 887 Mors Superm ante aras vectæ pro matre reſoluit,
72 882 609 916 Maternæ vt ferrent meritos pietatis honores.
82 912 621 945 Tu quoq; mater habes, quod iactes Gallia nati
80 941 621 977 In te Chriſtophori pia facta, tuamq; ſalutem.
81 970 620 1005 Temporibus namq; ille malis per cæca viarum
78 998 638 1037 Ille ſuis te matrem humeris ſine compare vexit,
78 1030 626 1070 Incolumemq; ſuo poſtquam Regiq; Deoq;
77 1059 651 1097 Reddidit, heic demum tranquilla morte quieuit:
72 1085 636 1125 Non tamen ante ſuus quâm feſſi pondus, vt Alas
72 1118 620 1157 Herculis, erciperet generoſæ mentis turaltus,
692 1163 798 1185 Prima
