872 1312
312 86 506 111 AVR
72 121 493 158 Seutu nomen habes arcubus, A tuis;
72 157 494 188 Quorum relliquiæ, ſemirutæ patent
72 184 573 224 Moles, quæ geminis nunc quoq; cornibus,
136 217 441 244 Incumbunt geminæ tibi:
71 237 480 275 Magni forſan opus regis apoſtatæ,
77 275 462 306 Qui miſſus Latii finibus, aduena
80 305 472 334 Sedes heic poſuis, iugera Gallici
137 335 447 363 Princeps multa tenens ſoli.
71 363 472 392 Seu fors grata tibi cauſa vetuſtior
72 393 474 422 Huius nominis eſt, atq; libentius
72 423 485 458 Audis Herculei fons; & ouans tui,
107 453 440 474 Creſcis laudibus Herculis.
71 472 542 512 Nam fama eſt & in hæc clauigerum loca
71 512 484 539 Adueniſſe patrem, ſiue tricorporis
72 540 542 571 Cum monſtri domitor gente ab Ibericâ
141 572 433 600 Victorem retulit pedem:
82 599 574 630 Seu tunc Heſperidum cum decus auferens
82 630 442 658 Syluis ad pretium, ditibus aurei
72 660 484 696 Mali ponderibus tardus, Atlanticis
141 689 411 717 Vix vndis caput extulit.
82 718 512 741 Hinc Graiis etiam Gallicus Hercules
83 748 472 772 Notus cuius erat forma, catenulâ
71 776 472 808 Aures quæ traheret penſilis aureâ
144 809 441 836 Vulgi orator, & eloquens.
83 836 552 865 Forſan cultus & heic Herculeus pater
72 864 573 894 Quondam non minus ac Gadibus in ſuis,
83 896 513 926 Quâ fons Herculeo par tibi nomine,
143 926 465 954 Templum dicitur Herculis
84 953 457 982 Perfudiſle ſacris rite liquoribus:
85 982 575 1011 Oi mirum mare cum creſceret æſtuans,
71 1012 443 1049 Decreſceat. voi deficeret, ſuo
147 1043 417 1072 Exndahat ab alueo.
72 1072 475 1100 Huius etis fontis imaginem
71 1099 561 1132 Sccoiamque duplex imminet arx tibi
709 1162 757 1187 Lfias
