872 1312
305 78 505 100 AVRATI.
103 129 718 152 o AB ENVRICO
266 163 569 198 II. hirr rs.
344 220 449 247 Alegoria.
78 255 458 282 Audacis iuuenis cum temeraria.
85 286 474 315 Virtus, patris equi vſa. poteruius
84 315 568 344 Flammaſſet ſuperum templa, nouos ſacris
145 346 418 373 Ignes ignibus inſerens.
78 363 466 403 Caſus ſollcitus ſuppiter ætheris,
78 404 582 434 Compeſcit prius ignem atq; Deûm metus
77 434 547 464 Fum circumſpiciens cuncta perambulat
145 463 366 491 Regni læſa ſui loca.
85 491 566 523 Poſtquam intacta rogis cætera & integra
84 522 455 552 Deprendit, ſolito more perennia
87 552 538 583 Stare, & perpetuis nexa adamantibus,
144 582 439 610 Præter ſi qua vorax vapor
85 609 569 641 Iam conſumpta auidis carpſerat ignibus:
85 641 492 667 In partem vacuam labe Deos vocat
77 669 524 699 Omnes, ſemideoſque, & ſimul infimæ
144 699 435 730 Plebis præcipuos duces.
86 729 492 759 Communiſq; ſuper clade periculi,
86 759 518 786 In commune iubens ſubſidium dare
86 788 459 817 Sic ipſe in mediisora reſoluere,
148 819 434 841 Sacris vocibus orſus eſt:
78 847 565 877 Res magna o Proceres, nunc agitur; ſalus
78 876 465 907 Omnis veſtra meis nixa palatiis,
78 906 472 937 Quæ læſa â ſubitâ conſpicitis face:
141 942 458 971 Nam quæ veſtra, Dei, ſalus,
78 964 476 993 Si ſeruantia vos tecta Iouis ruant?
83 1000 549 1029 Vos ergo in medium conſulite, & meis
78 1030 461 1062 Veſtriſq; exitium pellite ſedibus
141 1064 411 1093 Pro ſe quiſque fideliter.
78 1087 469 1123 Certe ſumma fides ac pietas mea
78 1122 514 1158 In vos ſemper erit: huius & obſidem
720 1156 751 1187 s
