872 1312
338 69 565 93 IOANNIS
104 104 547 135 Si fas dicere, ſed fas mihifilium
164 135 514 164 Do communiter omnibus.
104 163 527 194 Dixit; nec mora Dii verba Iouis ſuis
104 194 495 223 Excepre ſonis: prima Iouis fides
106 224 547 251 ermes, purpureis cinctus honoribus
167 252 457 280 His Regem reſecutus eſt.
108 280 589 311 Quis non de ſuperis tam placido & bono
107 311 546 340 Regi præſtiterit, quam meruit, fidem
108 341 460 368 Tot tantiſq; ſuis ille laboribus
183 371 473 399 In communis opes boni?
110 399 547 428 Cuius primus honor, quod reuerentia
110 428 604 457 Diis templiſque Diim ſalua ſua eſt adhue
111 459 578 488 Contra barbara tot monſtra Gigantium
172 487 456 510 Cælo bella minantium.
112 517 564 545 Alter proximus illi hic Iouis eſt honor,
114 546 449 569 Non ſiuiſſe rudi ſecla ſilentio
114 577 506 604 Torpere, & variis artibus ac ſonis
173 604 506 636 Inſtruxiſſe hominum genus.
114 635 525 662 Et nunc quantâ animi ſollicitudine
115 664 651 697 Coniunctum ſuperumqs atq; hominum decus
113 693 524 724 Incumbit reparare, ignibus impiis
174 722 477 755 Tentatas ſuperas domos?
117 751 596 784 Sed quo iam vlterius, quo ruis o procax
114 780 527 808 Muſa auguſta Deum conſiliantium
115 811 522 842 Paruis dicta modis attenuare? age
176 839 431 871 Adduc interius rotas
117 869 570 903 Hæc Hermes ſuperm digna fauoribus
117 899 539 929 Diuina, ambroſio gutture, fuderat
117 929 583 958 Verba, & quicquid opum diuitibus latet
177 958 492 989 Templorum penetralibus,
120 985 494 1018 Offert ad reparanda vſta palatia:
120 1017 531 1049 Pubis robora Mars, gnauaq; brachia
120 1047 603 1074 Fabrorum: alma catas artificum Themis
180 1077 468 1107 Mentes: æquoreus Deus
122 1107 582 1136 Largam muteriam, marmor,ebur, rubro
716 1142 792 1172 Epo-
