872 1312
315 67 498 91 AVRA
121 107 711 137 Ales adempta tiiplex; ter aues, ter planite pennis.
91 137 706 163 DOR. Fallor, non volucris ſimilis fuit ille volucrum.
93 167 635 196 Quid refert volucris fuerit ſimilis ve volucrum
92 196 628 225 Terna per ora trium? modo ſi mutatus in illas,
94 226 633 255 Tres volucres potuit volucris queſi vera videri.
115 254 714 284 Ales adempta triplex; ter aues, ter plangite pennis,
95 284 685 312 CAR. Cum puereſſet, apis auæ de more volabat,
94 315 602 345 Et mel ore legetr pedibus portabat, & alis,
95 343 622 372 Mel flanum ore legens, ſauis portabat in alts,
95 372 602 402 Stipabatq; cauam ſlauenti nectare cellam..
125 401 707 430 Ales adempa ttiplex, ter aues, ter plangite pennis.
94 431 662 460 DOR. An non poſſet apis mellis fœcunda videi,
97 460 561 488 Cui puero paſtor mellis ſtudioſus & ipſe,
97 489 582 518 Sæpe examen apum nutricis more ſolebat
97 520 623 548 Ingerere, vt dulcem ſtillaret in ora liquorem?
125 549 716 578 Ales adempta triplex; ter aues, ter plangite pennis,
99 578 708 607 CAR. Melleus ipſe liquor manauit ab ore per artus:
98 607 552 632 ellea colla viro, flauo de melle lacerti,
97 636 693 665 Flauo humeri de melle, & mellea crura pedesque,
98 666 670 696 Mellea & ipſa manus, quodcumq; & tangeret illa.
130 695 713 722 Ales adempta triplex; ter aues, ter plangite pennis.
98 721 757 754 DOR. Plectra monus dum tangit eburnea, mellea fiunt;
98 754 640 781 Pollice dum chordas, chordas de melle putares.
99 783 610 813 Melleus eſt pecten, lyra mellea, mellea & illa
100 813 621 842 Omnia quæ caneret m ellitis carmine chordis.
128 842 714 872 Ales adempta triplex; ter aues, ter plangite pennis.
101 869 761 900 CAR. Nonaliter perhibent tactu Phryga cuncta potenti
100 901 605 930 Vertere conſuetum fului ſplendoris in auri.
102 931 550 956 S ed fuit ille ſuo diues miſerabilis auro,
101 959 604 989 Et pro auro auriculas habuit rudentis aſelli.
130 989 713 1020 Ales adempta triplex; ter aues, ter plangite pennis.
101 1020 727 1053 DOR. Quod licuit, cecinit; tamen vt ne vita canentis
101 1049 578 1077 Vlla vnquam fuerit tenui vel labe notata.
101 1077 568 1106 Et cur non liceat? licuit ſemperq; licebit
102 1106 545 1137 Ad caſtos ignes caſtas adiungere tædas.
715 1137 769 1162 Ales
