<?xml version="1.0" encoding="UTF-8" standalone="no"?><PcGts xmlns="http://schema.primaresearch.org/PAGE/gts/pagecontent/2019-07-15" xmlns:xsi="http://www.w3.org/2001/XMLSchema-instance" xsi:schemaLocation="http://schema.primaresearch.org/PAGE/gts/pagecontent/2019-07-15 http://schema.primaresearch.org/PAGE/gts/pagecontent/2019-07-15/pagecontent.xsd"><Metadata><Creator/><Created>2022-04-08T10:54:49</Created><LastChange>1970-01-01T00:00:00</LastChange><Comments/></Metadata><Page imageFilename="0409.png" imageHeight="1312" imageWidth="872"><TextRegion id="r1" orientation="0.0" type="paragraph"><Coords points="1,1 870,1 870,1310 1,1310"/><TextLine id="l1"><Coords points="332,95 332,118 536,118 536,95"/><TextEquiv><Unicode/></TextEquiv><TextEquiv index="1"><Unicode>IOANIS</Unicode></TextEquiv></TextLine><TextLine id="l2"><Coords points="741,132 148,132 148,162 741,162"/><TextEquiv><Unicode/></TextEquiv><TextEquiv index="1"><Unicode>Ales adempta triplex; ter aues, ter plangite penms,</Unicode></TextEquiv></TextLine><TextLine id="l3"><Coords points="664,163 275,164 214,165 210,167 154,168 150,167 143,162 120,162 120,192 664,192"/><TextEquiv><Unicode/></TextEquiv><TextEquiv index="1"><Unicode>CAR. Hic in Acidalij fallns candore columbi</Unicode></TextEquiv></TextLine><TextLine id="l4"><Coords points="637,221 637,193 218,193 182,195 118,193 118,221 537,222"/><TextEquiv><Unicode/></TextEquiv><TextEquiv index="1"><Unicode>Viſus auis Veneris, Veneris cntabat amores;</Unicode></TextEquiv></TextLine><TextLine id="l5"><Coords points="671,223 538,222 387,224 184,223 171,224 118,222 118,250 671,250"/><TextEquiv><Unicode/></TextEquiv><TextEquiv index="1"><Unicode>Vt nihil omne nemus, nili reſponderet amores,</Unicode></TextEquiv></TextLine><TextLine id="l6"><Coords points="681,278 681,251 121,251 121,280 525,280"/><TextEquiv><Unicode/></TextEquiv><TextEquiv index="1"><Unicode>Quos caneret Venerigratusq, columbus Amori.</Unicode></TextEquiv></TextLine><TextLine id="l7"><Coords points="749,280 526,280 469,282 370,282 323,280 166,282 166,308 749,308"/><TextEquiv><Unicode/></TextEquiv><TextEquiv index="1"><Unicode>Ales adempta iriplex, ter aues, ter plangite pennis.</Unicode></TextEquiv></TextLine><TextLine id="l8"><Coords points="776,310 762,309 284,311 120,308 120,337 776,337"/><TextEquiv><Unicode/></TextEquiv><TextEquiv index="1"><Unicode>DOR. Semper in læc inhians, &amp; in his ſua lumina ſigens,</Unicode></TextEquiv></TextLine><TextLine id="l9"><Coords points="120,340 120,367 649,367 649,340"/><TextEquiv><Unicode/></TextEquiv><TextEquiv index="1"><Unicode>Iam terreſtee volens nihil, &amp; cœleſtia captans,</Unicode></TextEquiv></TextLine><TextLine id="l10"><Coords points="587,397 587,368 220,368 158,369 155,371 120,372 120,396 232,398"/><TextEquiv><Unicode/></TextEquiv><TextEquiv index="1"><Unicode>Delicuit; dumq; æthereo tabeſcit amore,</Unicode></TextEquiv></TextLine><TextLine id="l11"><Coords points="655,397 232,399 122,397 122,425 655,425"/><TextEquiv><Unicode/></TextEquiv><TextEquiv index="1"><Unicode>Corporis de tenui tenuatur in æheris auram.</Unicode></TextEquiv></TextLine><TextLine id="l12"><Coords points="634,454 729,455 729,426 549,426 500,428 382,427 150,428 150,453 200,454 215,456 553,456"/><TextEquiv><Unicode/></TextEquiv><TextEquiv index="1"><Unicode>Ales adempta triplex; ter aues, ter plangite pennis.</Unicode></TextEquiv></TextLine><TextLine id="l13"><Coords points="694,456 123,456 123,482 694,483"/><TextEquiv><Unicode/></TextEquiv><TextEquiv index="1"><Unicode>CAR. Iam non ſit corpus de corpore, dt q, volucri</Unicode></TextEquiv></TextLine><TextLine id="l14"><Coords points="124,484 124,513 627,513 627,484"/><TextEquiv><Unicode/></TextEquiv><TextEquiv index="1"><Unicode>Vlla volucris amans terras: puiſſimus ignis</Unicode></TextEquiv></TextLine><TextLine id="l15"><Coords points="122,513 122,543 581,543 581,513"/><TextEquiv><Unicode/></TextEquiv><TextEquiv index="1"><Unicode>micat, &amp; ſeſe cœleſtibus ignibus addit,</Unicode></TextEquiv></TextLine><TextLine id="l16"><Coords points="123,544 123,572 747,572 747,544"/><TextEquiv><Unicode/></TextEquiv><TextEquiv index="1"><Unicode>Stellatum numerum, quem iam bene nouerat, augens.</Unicode></TextEquiv></TextLine><TextLine id="l17"><Coords points="689,599 738,599 738,573 152,574 152,598 160,599 192,599 216,601 339,602 643,602"/><TextEquiv><Unicode/></TextEquiv><TextEquiv index="1"><Unicode>Ales adempta triplex; ter aues, ter plangite pennis.</Unicode></TextEquiv></TextLine><TextLine id="l18"><Coords points="788,600 689,600 643,603 495,602 339,603 121,600 121,628 141,628 152,630 333,630 433,632 644,631 650,633 684,634 788,633"/><TextEquiv><Unicode/></TextEquiv><TextEquiv index="1"><Unicode>DOR. Nunc illas memorans, neq; ſe memor inter &amp; illas</Unicode></TextEquiv></TextLine><TextLine id="l19"><Coords points="638,632 433,633 333,631 122,631 122,659 139,660 638,660"/><TextEquiv><Unicode/></TextEquiv><TextEquiv index="1"><Unicode>Eſſe, quid acciderit, mis atur, quod ſi earum-</Unicode></TextEquiv></TextLine><TextLine id="l20"><Coords points="584,689 687,690 687,660 560,662 199,661 183,662 123,660 123,688 187,690 532,691"/><TextEquiv><Unicode/></TextEquiv><TextEquiv index="1"><Unicode>Nunc numerus maior. nam maior quod ſit &amp; illis</Unicode></TextEquiv></TextLine><TextLine id="l21"><Coords points="667,718 667,691 584,690 532,692 467,691 387,692 122,690 122,718 652,719"/><TextEquiv><Unicode/></TextEquiv><TextEquiv index="1"><Unicode>Er modus, admoto ſibi nouit ab æthere factum.</Unicode></TextEquiv></TextLine><TextLine id="l22"><Coords points="727,719 150,719 150,746 727,747"/><TextEquiv><Unicode/></TextEquiv><TextEquiv index="1"><Unicode>Ales adempta triplex; ter aues, ter plangite pennis.</Unicode></TextEquiv></TextLine><TextLine id="l23"><Coords points="756,749 122,749 122,778 756,778"/><TextEquiv><Unicode/></TextEquiv><TextEquiv index="1"><Unicode>CAR. Quas didicit terras puncti inſtar habere minuti;</Unicode></TextEquiv></TextLine><TextLine id="l24"><Coords points="678,778 124,779 124,806 678,806"/><TextEquiv><Unicode/></TextEquiv><TextEquiv index="1"><Unicode>Summotus terris punctum videt eſſe minutum;</Unicode></TextEquiv></TextLine><TextLine id="l25"><Coords points="122,808 122,836 663,836 663,808"/><TextEquiv><Unicode/></TextEquiv><TextEquiv index="1"><Unicode>Miraturq; homines vt bella mouere per orbem</Unicode></TextEquiv></TextLine><TextLine id="l26"><Coords points="709,865 709,837 391,838 122,836 122,866 652,866"/><TextEquiv><Unicode/></TextEquiv><TextEquiv index="1"><Unicode>Tantuli ob imperium puncti, quod terra videtur.</Unicode></TextEquiv></TextLine><TextLine id="l27"><Coords points="730,866 478,868 339,866 151,866 151,893 228,893 247,895 351,896 730,897"/><TextEquiv><Unicode/></TextEquiv><TextEquiv index="1"><Unicode>Ales adempta triplex; ter aues, ter plangite pennis.</Unicode></TextEquiv></TextLine><TextLine id="l28"><Coords points="669,897 554,898 123,895 123,924 669,924"/><TextEquiv><Unicode/></TextEquiv><TextEquiv index="1"><Unicode>DOR. Illic intra ſe grandes vider ætheris orbes,</Unicode></TextEquiv></TextLine><TextLine id="l29"><Coords points="122,925 122,953 670,953 670,925"/><TextEquiv><Unicode/></TextEquiv><TextEquiv index="1"><Unicode>Multaq; miratur rerum portenta nouarums</Unicode></TextEquiv></TextLine><TextLine id="l30"><Coords points="123,954 123,984 610,984 610,954"/><TextEquiv><Unicode/></TextEquiv><TextEquiv index="1"><Unicode>Quod tam parui ignes viſi tellure moranti,</Unicode></TextEquiv></TextLine><TextLine id="l31"><Coords points="123,984 123,1013 658,1013 658,984"/><TextEquiv><Unicode/></TextEquiv><TextEquiv index="1"><Unicode>Tam grandes iam ſint, tontoq mtore micantes.</Unicode></TextEquiv></TextLine><TextLine id="l32"><Coords points="728,1013 670,1013 640,1015 152,1013 152,1039 230,1039 245,1041 301,1041 351,1043 728,1043"/><TextEquiv><Unicode/></TextEquiv><TextEquiv index="1"><Unicode>Ales adempta triplex; ter aues, ter plangite pennis</Unicode></TextEquiv></TextLine><TextLine id="l33"><Coords points="720,1044 603,1045 555,1043 123,1043 123,1068 130,1069 289,1069 328,1072 424,1072 461,1074 557,1072 601,1075 720,1075"/><TextEquiv><Unicode/></TextEquiv><TextEquiv index="1"><Unicode>CAR. Mitatu, quod tam tardas viſas ſib quondam</Unicode></TextEquiv></TextLine><TextLine id="l34"><Coords points="657,1076 601,1076 557,1073 461,1075 424,1073 328,1073 312,1071 121,1071 121,1098 130,1099 255,1099 261,1098 267,1094 268,1096 277,1100 657,1100"/><TextEquiv><Unicode/></TextEquiv><TextEquiv index="1"><Unicode>Fix ieeer:m lnc tantus apit imp etus ilio,</Unicode></TextEquiv></TextLine><TextLine id="l35"><Coords points="612,1103 608,1102 459,1103 442,1105 405,1105 399,1102 391,1101 277,1101 273,1099 218,1099 156,1101 122,1099 122,1132 275,1133 323,1132 340,1129 359,1128 365,1133 378,1135 452,1135 471,1133 505,1133 612,1136"/><TextEquiv><Unicode/></TextEquiv><TextEquiv index="1"><Unicode>Vuull cucr valc quare quaiggæ</Unicode></TextEquiv></TextLine><TextLine id="l36"><Coords points="622,1136 578,1137 486,1135 124,1132 122,1159 622,1162"/><TextEquiv><Unicode/></TextEquiv><TextEquiv index="1"><Unicode>tV. lCal.</Unicode></TextEquiv></TextLine><TextLine id="l37"><Coords points="727,1156 727,1193 804,1193 804,1156"/><TextEquiv><Unicode/></TextEquiv><TextEquiv index="1"><Unicode>Ale</Unicode></TextEquiv></TextLine><TextEquiv><Unicode/></TextEquiv></TextRegion></Page></PcGts>