872 1312
332 95 536 118 IOANIS
117 103 155 122 S2
827 118 870 144 l
148 132 741 162 Ales adempta triplex; ter aues, ter plangite penms,
120 162 664 192 CAR. Hic in Acidalij fallns candore columbi
118 193 637 222 Viſus auis Veneris, Veneris cntabat amores;
118 222 671 250 Vt nihil omne nemus, nili reſponderet amores,
121 251 681 280 Quos caneret Venerigratusq, columbus Amori.
166 280 749 308 Ales adempta iriplex, ter aues, ter plangite pennis.
120 308 776 337 DOR. Semper in læc inhians, & in his ſua lumina ſigens,
120 340 649 367 Iam terreſtee volens nihil, & cœleſtia captans,
120 368 587 398 Delicuit; dumq; æthereo tabeſcit amore,
122 397 655 425 Corporis de tenui tenuatur in æheris auram.
150 426 729 456 Ales adempta triplex; ter aues, ter plangite pennis.
123 456 694 483 CAR. Iam non ſit corpus de corpore, dt q, volucri
826 469 870 500 u
124 484 627 513 Vlla volucris amans terras: puiſſimus ignis
846 502 870 520 u
122 513 581 543 micat, & ſeſe cœleſtibus ignibus addit,
123 544 747 572 Stellatum numerum, quem iam bene nouerat, augens.
152 573 738 602 Ales adempta triplex; ter aues, ter plangite pennis.
1 586 39 602 .
121 600 824 644 DOR. Nunc illas memorans, neq; ſe memor inter & illas
122 631 638 660 Eſſe, quid acciderit, mis atur, quod ſi earum-
123 660 687 691 Nunc numerus maior. nam maior quod ſit & illis
122 690 667 719 Er modus, admoto ſibi nouit ab æthere factum.
150 719 727 747 Ales adempta triplex; ter aues, ter plangite pennis.
122 749 756 778 CAR. Quas didicit terras puncti inſtar habere minuti;
124 778 678 806 Summotus terris punctum videt eſſe minutum;
122 808 663 836 Miraturq; homines vt bella mouere per orbem
122 836 709 866 Tantuli ob imperium puncti, quod terra videtur.
151 866 730 897 Ales adempta triplex; ter aues, ter plangite pennis.
123 895 669 924 DOR. Illic intra ſe grandes vider ætheris orbes,
122 925 670 953 Multaq; miratur rerum portenta nouarums
123 954 610 984 Quod tam parui ignes viſi tellure moranti,
123 984 658 1013 Tam grandes iam ſint, tontoq mtore micantes.
152 1013 728 1043 Ales adempta triplex; ter aues, ter plangite pennis
123 1043 720 1075 CAR. Mitatu, quod tam tardas viſas ſib quondam
121 1071 657 1100 Fix ieeer:m lnc tantus apit imp etus ilio,
122 1099 612 1136 Vuull cucr valc quare quaiggæ
215 1135 622 1162 tV. lCal.
123 1133 179 1154 u.
727 1156 826 1193 Ale
