872 1312
290 85 476 109 AVRATI.
719 86 761 116 V
119 120 705 154 Ales adempta triplex; ter aues, ter plangite pennis.
1 116 38 146 u
89 154 755 184 OR. Miratur tamen hæc ſuper omnia, Solis & ignem
92 184 587 215 Non exureutem, ſed amic luce micanteim,
90 212 562 243 Vtneq; deficiat Lunâ ſubeunte, nec vllos
91 241 578 265 Sentiat a terrâ ſii Lunâ obſtante labores.
119 270 706 302 Ales adempta triplex, ter aues, ter plangite pennis.
89 300 652 328 CAR. Felix hæc ſpectans cœlo nos ridet ab alto,
89 328 633 360 Relliquias tenues ſuper, & ſuper oſla ſepulchri.
88 356 598 390 Fruſtra plorantes, & inania nxulta querentes.
87 387 584 417 Ergo iam triſtes, Doryle, iam deſine cantus.
117 415 656 450 Ales adempta beata: nefas hanc flere volucres,
88 445 664 476 DOI, Deſino & ipſe vltro iam deſiuere volucress
87 475 636 506 Ter tarmen ante locum luſtrantes, quo iacet ille;
86 504 617 534 Lætos terq; ſonos, pro mœſto carmine dantes,
86 534 692 566 Nunc quaſi Mellinum, quem flebant nuper, adorent.
3 547 41 575 s
115 563 578 591 Ales adempta beata beatæ dicite laudes.
1 575 40 603 tui
104 592 731 627 In obitum Ferdinandi I. Rom. Imp ad tinnum eeræuicm.
3 604 643 653 Quid me Beraæuice, rogas ſine Apolline vatem
114 651 566 682 In Ferdinandum carmina pauea tuum ?
84 681 634 714 Multa etiam vellem, quia multis dignus & ille;
114 711 565 742 Et quicumq; potens iusq; piumq; colit.
1 727 43 757 e
84 739 652 772 Sed dare quæ vellem, vel multa merentibus vltro,
1 757 44 788 ui
113 770 560 798 Hæc ipſi prohibent munera noſtra ſibi:
82 798 625 830 Ex bellis dumbella ſerunt, ex ignibus ignes,
112 827 521 861 Et turbant turbis otia noſtra ſuis:
83 857 598 891 Quod non ille tuus cœleſti pectore princeps,
1 878 49 908 ui
112 887 513 921 Nec ſoliti reges. qui periere, mei;
81 915 620 947 Arma ſed a patria patrios conuertere in hoſtes,
110 944 559 973 Et quiſquis patrio non ſacra more facit.
81 974 600 1008 Sic decus, & veſtis & noſtris Regibus, ingens
111 1004 624 1038 Oreuit, & his rerum eſt tradita Roma caput.
80 1033 692 1066 Cuius ad Ottomanos iam pars bona tranſiit; & nune
1 1028 33 1053 u
2 1061 49 1083 d
110 1063 526 1097 Altera vx veſtio ſalua lace net.
43 1091 585 1120 Vos nunc Roanis ar cct rcibus orcus.
107 1122 532 1152 ſrcatu, unu Tananiqi .ti,
672 1158 741 1183 os
