872 1312
279 69 595 94 IOAN.AVRATI.
133 106 697 139 Vos animis quorum, vos quorum viribus olim
164 138 613 163 Dux Ferdinandus fretus in arma ruens.
134 167 621 197 Nmula Vayuodæ deuicit ſigna ducesque;
164 196 600 229 Hungariam ſeruans, quæ peritura fuit.
134 226 654 252 Sed non hac tantum Turcas his reppulit arte:
163 255 573 286 Maius opus, populos paciſicare ſuos.
136 286 623 316 Semper ciuilis peperit bella extera motus:
164 314 551 339 Sic creuit noſtris Thracia diſſidiis.
136 342 641 371 Græcia ſic olim eſt Turcis oppreſſa profanis,
167 372 572 403 Dum flagrat bellis Græcia tota ſuis.
136 402 613 427 Sic Oriens cecidit, ſic eſt caſurus & olim
167 431 548 459 Occaſus, fœdæ ſub iuga barbariæ.
135 460 709 492 Augut ego atq; vtinam ſim noſtris irritus augur:
167 490 603 519 Vltima ſed primis conuenienter eunt.
136 518 708 552 Qud reſtamus adhuc, quod nondum colla catena
165 549 589 576 Libera ſeruili vis Solymanna premit;
138 575 670 603 Concors effecit Germania: dum noua ſemper
166 607 597 635 Mens Ferdinandi prouida bella vetat.
135 635 699 669 Pro quibus, vt meritos pietas ſibi ferret honores,
166 666 591 697 A Superis; nato miſſa corona triplex.
137 695 583 727 Felix qui genitor ſexagenarius ipſe,
166 723 599 748 In ſummo natum vidit honore ſuuml
136 752 676 785 Felix qui dedit exemplum memorabile cunctis
168 783 631 815 Regibus, & regum ſtirpe ſatis pueris;
138 811 679 845 Quod non ſolum armis patriis a finibus hoſtes,
170 842 600 872 Sed magis arcentur pace, Deiq; metu.
343 883 542 905 FINIS.
380 1001 557 1032 B AIFII.
274 1049 585 1077 Gineto de Ronſardi morte.
132 1074 684 1132 D Onſardi interitus tot denſat corde dolores,
187 1104 709 1135 ITot graue nunc deſiderium, damniq; recentis
720 1132 808 1169 Vulnus
