872 1312
208 68 617 93 IANIANToNIIBAIFII.
738 75 774 99 ss
42 104 639 137 Vulnus acerba mouet, tot curas pectore voluit,
43 135 614 167 Vt tacitum mœror me ſollicitumq; moleſtus
91 167 691 196 Præpediat, tam crebra animi depromere ſenſa.
150 198 584 227 OtotoBinete, ciens Helicone poëtas,
44 223 577 256 Officio qui lecta pio noua carmina quæris
90 256 665 285 Vndique, quæ tumulo Ronſardi inſcribere tentas,
90 285 595 316 Nil tale a nobis expoſcito, quos dolor vrget
45 315 586 344 Iuſtior & grauior, qui ſerius emicet olim.
146 346 644 375 Iac nutricis idem Muſæ nos hauſimus vn,
43 363 738 405 Tempore quam facilemq; æquamq; vocamus eodem
43 404 560 433 Idq; pari voto: vatiis ſed moribus ambo,
43 433 556 462 Diuerſisq; acti fatis. nam viuere vitam
1 461 626 494 Nos fortuna iubet dubiam, quos liuor iniquus
42 492 666 521 Exagit at, modo depreſſos, modo lorte tumentes:
1 520 561 550 ui Dum ratio lenis rapido ceſſura furori eſt.
276 553 506 579 In iceronem Lambini.
85 581 643 611 Qui mod mendoſis maculata volumina næuis,
143 611 522 641 Librariorum incuriâ, æui iniuriâ.
2 641 636 670 u Nomine quæq; tuo paſſim præſcripta, dolenter,
144 670 584 698 Tulli, dabas terenda doctorum manu;
49 701 647 729 Omnia iam proprio agnoſcas rediuiuus bonore-
142 729 565 758 Lætusq; lucem prodiens petas licet:
1 758 573 792 Ceupoſita,verno nitidus ſub Sole, ſenectâ,
142 789 588 817 Serpens iuuentæ munere elatus nouæ.
1 818 591 845 s Tetibi nunc doctâ Lambinus reddidit arte,
139 848 578 871 Dum te indecoro liberat fœdum ſitu.
81 877 616 908 Næuorum maculæ ceſſarunt protinus omnes:
142 908 564 931 Natiuus ille manſit intactus cicer.
179 938 655 965 In Amadiſii librum X. l.coletoreſtitutum.
48 965 681 996 Suppoſitum dederat tibi Flandrus, Gallia, partum,
112 996 543 1026 Quem pia fouiſti, credita vera parens.
47 1026 629 1057 Mox vbi conuicit, quod detegit omnia, tempus,
110 1055 553 1086 Eſſe nothum; curas tot peri ſſe puder.
1 1083 583 1124 Cum iam iamq; malo Coletius exſternatæ,
106 1114 561 1146 Pro tibi ſuppoſito dat tibi legitimum.
2 1125 49 1151 us
576 1146 614 1170 Bb
728 1149 758 1172 S
