872 1312
297 199 569 227 In ſuos lirrssdd Nbilitate.
95 227 638 286 Vi nihil ignorat, libri ſibi vendicet huius
193 256 638 285 Iudicium; inſcius hoe nobilitatus erit.
108 286 598 317 Diſcet enim tandem, perſpecto ſine libelli,
139 317 572 347 Vnde merum manet nobilitatis opus.
212 346 635 377 Idem in libros InſtirtinummCoommen:ariis
344 377 485 405 aſeiluſratoc.
110 405 688 434 Hic ergo meus eſt labor: impune alter honorem
140 434 582 464 Et fructum capiat: cui placuiſſe ſat eſt.
351 540 542 569 ANDINI.
209 581 645 609 A D. Margarerham Henrici II. ſororem.
106 607 675 656 Rincipibus placuiſſe viris non vltima laus et,
183 640 576 669 Vt cecinit Latiæ gloria prima lyræ.
112 668 604 699 Aſt ego, qui patriis nuper digreſſuas ab oris,
143 699 605 725 Auſonium tento non bene certus iter;
97 728 632 758 æc tibi ſi placeant incultæ, Diua, Camœnæ,
144 758 591 790 Crediderim ſummis me placuiſſe Deis.
233 789 606 818 ur intermiisLatin ſoribat.
117 817 680 849 Gallica quod noſtri nunc linquant æquora remi
124 844 544 873 Et Latij tentent alta fluenta maris:
115 875 681 908 Haud ſponte huc noſtra eſt ventis adlapſa carina,
146 907 553 936 ODiua, ingenij portus & aura mei.
109 934 622 964 Sed tua ſidereas imitantia lumina flammas,
145 966 547 996 Lumina Amyclæa lucidiora face.
115 995 632 1028 Dum regerent curſus patrij per crla nonti,
146 1027 647 1058 Nec quateret noſtram dira procella ratem;
117 1055 584 1082 Tunc licuit plenis ſecurum currere velis.
148 1085 687 1119 Tunc mihi nee Seylla, aut nota Charybdis erat.
118 1113 664 1149 Sed pater Oceanus, Tethys, Nymphæq; ſorores,
148 1145 625 1183 Ceteraq; immenſi numina magna maris.
709 1176 796 1210 Cr-
