872 1312
1 39 43 65 u
102 90 622 127 po A ANON.
143 154 318 171 V
141 158 737 186 I I
297 199 569 227 In ſuos lirrssdd Nbilitate.
111 227 638 260 Vi nihil ignorat, libri ſibi vendicet huius
138 255 638 285 Iudicium; inſcius hoe nobilitatus erit.
108 286 598 317 Diſcet enim tandem, perſpecto ſine libelli,
139 317 572 347 Vnde merum manet nobilitatis opus.
212 346 635 377 Idem in libros InſtirtinummCoommen:ariis
344 377 485 405 aſeiluſratoc.
110 405 688 434 Hic ergo meus eſt labor: impune alter honorem
140 434 582 464 Et fructum capiat: cui placuiſſe ſat eſt.
1 473 42 503 i
1 504 70 529 t
291 495 433 511 orA,
676 496 712 510 t
179 503 712 525 AAV A-I
351 540 542 569 ANDINI.
209 581 645 609 A D. Margarerham Henrici II. ſororem.
115 608 675 640 Rincipibus placuiſſe viris non vltima laus et,
114 640 576 669 Vt cecinit Latiæ gloria prima lyræ.
112 668 604 699 Aſt ego, qui patriis nuper digreſſuas ab oris,
143 699 605 725 Auſonium tento non bene certus iter;
97 728 632 758 æc tibi ſi placeant incultæ, Diua, Camœnæ,
144 758 591 790 Crediderim ſummis me placuiſſe Deis.
233 789 606 818 ur intermiisLatin ſoribat.
117 817 680 849 Gallica quod noſtri nunc linquant æquora remi
124 844 544 873 Et Latij tentent alta fluenta maris:
115 875 681 908 Haud ſponte huc noſtra eſt ventis adlapſa carina,
108 907 553 936 ODiua, ingenij portus & aura mei.
109 933 622 964 Sed tua ſidereas imitantia lumina flammas,
145 966 547 996 Lumina Amyclæa lucidiora face.
115 995 632 1028 Dum regerent curſus patrij per crla nonti,
146 1027 647 1058 Nec quateret noſtram dira procella ratem;
117 1055 584 1082 Tunc licuit plenis ſecurum currere velis.
148 1085 687 1119 Tunc mihi nee Seylla, aut nota Charybdis erat.
118 1113 664 1149 Sed pater Oceanus, Tethys, Nymphæq; ſorores,
148 1145 625 1183 Ceteraq; immenſi numina magna maris.
709 1176 822 1210 Cr-
