<PcGts xmlns="http://schema.primaresearch.org/PAGE/gts/pagecontent/2017-07-15" xmlns:xsi="http://www.w3.org/2001/XMLSchema-instance" xsi:schemaLocation="http://schema.primaresearch.org/PAGE/gts/pagecontent/2017-07-15 http://schema.primaresearch.org/PAGE/gts/pagecontent/2017-07-15/pagecontent.xsd"><Metadata><Creator>User123</Creator><Created>2020-04-19T01:00:19</Created><LastChange>2020-04-19T01:00:19</LastChange></Metadata><Page imageFilename="0418.png" imageHeight="1312" imageWidth="872"><TextRegion id="r0" type="paragraph"><Coords points="1,1 870,1 870,1310 1,1310"/><TextLine id="r0_l001"><Coords points="832,38 832,68 870,68 870,38"/><TextEquiv index="1"><Unicode></Unicode></TextEquiv></TextLine><TextLine id="r0_l002"><Coords points="845,70 845,99 870,99 870,70"/><TextEquiv index="1"><Unicode></Unicode></TextEquiv></TextLine><TextLine id="r0_l003"><Coords points="732,84 732,104 769,104 769,84"/><TextEquiv index="1"><Unicode>st</Unicode></TextEquiv></TextLine><TextLine id="r0_l004"><Coords points="585,86 513,86 513,95 507,98 397,101 314,100 309,98 303,92 300,86 232,86 232,111 585,111"/><TextEquiv index="1"><Unicode>IOACI AII.</Unicode></TextEquiv></TextLine><TextLine id="r0_l005"><Coords points="496,97 496,79 318,79 318,99 397,100"/><TextEquiv index="1"><Unicode></Unicode></TextEquiv></TextLine><TextLine id="r0_l006"><Coords points="1,109 1,128 44,128 44,109"/><TextEquiv index="1"><Unicode></Unicode></TextEquiv></TextLine><TextLine id="r0_l007"><Coords points="464,153 549,153 549,123 271,123 205,125 154,123 101,123 101,157 340,157"/><TextEquiv index="1"><Unicode>Cæruleo curru ſtratis æqualiter vndis,</Unicode></TextEquiv></TextLine><TextLine id="r0_l008"><Coords points="1,145 1,167 26,167 26,145"/><TextEquiv index="1"><Unicode></Unicode></TextEquiv></TextLine><TextLine id="r0_l009"><Coords points="582,182 582,154 464,154 340,158 130,159 130,185 448,185"/><TextEquiv index="1"><Unicode>Præbebant facileis per feta longa vias.</Unicode></TextEquiv></TextLine><TextLine id="r0_l010"><Coords points="48,165 42,165 39,167 1,167 1,184 48,184"/><TextEquiv index="1"><Unicode></Unicode></TextEquiv></TextLine><TextLine id="r0_l011"><Coords points="445,215 470,213 541,214 541,184 213,189 92,188 87,189 76,186 71,188 46,189 46,216 350,216"/><TextEquiv index="1"><Unicode>Aſt vbi me rapidis alieno ſidere ventis</Unicode></TextEquiv></TextLine><TextLine id="r0_l012"><Coords points="535,242 535,216 351,216 315,218 131,219 131,244 487,244"/><TextEquiv index="1"><Unicode>Externo puppis detulit in pelagus;</Unicode></TextEquiv></TextLine><TextLine id="r0_l013"><Coords points="461,274 565,270 647,270 654,273 714,273 714,240 585,240 578,243 487,245 431,244 302,247 245,246 172,249 104,247 104,276 280,276"/><TextEquiv index="1"><Unicode>Hunc ego Tyrrhenum præceps ſum raptus in æquor,</Unicode></TextEquiv></TextLine><TextLine id="r0_l014"><Coords points="611,272 526,272 497,274 385,276 281,276 188,279 134,277 134,302 611,302"/><TextEquiv index="1"><Unicode>Tunc metriſtis hiems in vada cœca tulit.</Unicode></TextEquiv></TextLine><TextLine id="r0_l015"><Coords points="627,304 589,305 566,302 550,302 316,307 107,308 107,336 319,336 455,334 517,331 611,331 620,336 627,336"/><TextEquiv index="1"><Unicode>Himc ſcopuli ingentes, ſubterq; larentia laxa,</Unicode></TextEquiv></TextLine><TextLine id="r0_l016"><Coords points="278,364 378,364 420,362 569,361 569,334 456,334 159,339 135,338 135,366 241,366"/><TextEquiv index="1"><Unicode>Hine terret vaſti gurgitis vndaratem.</Unicode></TextEquiv></TextLine><TextLine id="r0_l017"><Coords points="519,390 680,388 680,358 615,358 607,361 580,362 278,365 241,367 94,366 83,362 79,358 59,358 59,394 383,394"/><TextEquiv index="1"><Unicode>Nunc mihi pro Nymphis, immania corpora ponti</Unicode></TextEquiv></TextLine><TextLine id="r0_l018"><Coords points="623,419 661,420 661,390 519,391 483,393 319,396 138,397 138,421 546,421"/><TextEquiv index="1"><Unicode>Oecurrunt; tumidis nunc furitAuſter aquis.</Unicode></TextEquiv></TextLine><TextLine id="r0_l019"><Coords points="1,401 1,427 46,427 46,401"/><TextEquiv index="1"><Unicode></Unicode></TextEquiv></TextLine><TextLine id="r0_l020"><Coords points="570,450 588,450 597,455 601,455 608,454 608,421 460,422 387,425 109,427 109,457 166,457"/><TextEquiv index="1"><Unicode>Quod ſi iterum liceat cœlo ſpectare ſereno</Unicode></TextEquiv></TextLine><TextLine id="r0_l021"><Coords points="372,481 548,480 548,452 139,458 139,484 287,484"/><TextEquiv index="1"><Unicode>Sidera, quæ velis detra fuere meis.</Unicode></TextEquiv></TextLine><TextLine id="r0_l022"><Coords points="724,479 586,479 566,481 372,482 209,486 111,485 111,510 724,510"/><TextEquiv index="1"><Unicode>Tum demum Auſonios fluctus ventosq; relinquam,</Unicode></TextEquiv></TextLine><TextLine id="r0_l023"><Coords points="384,541 456,541 519,539 523,537 530,537 530,511 367,512 299,515 140,515 140,544 299,544"/><TextEquiv index="1"><Unicode>Et patrij repetam littora nota lali.</Unicode></TextEquiv></TextLine><TextLine id="r0_l024"><Coords points="2,498 2,529 51,529 51,498"/><TextEquiv index="1"><Unicode>ſ</Unicode></TextEquiv></TextLine><TextLine id="r0_l025"><Coords points="330,573 379,570 449,571 463,569 558,569 558,540 384,542 299,545 112,545 112,573 277,574"/><TextEquiv index="1"><Unicode>Votaq; ſeruatus ſaciâ ſuſpenſa tabellâ.</Unicode></TextEquiv></TextLine><TextLine id="r0_l026"><Coords points="587,570 463,570 449,572 379,571 330,574 215,576 142,575 142,601 301,601 305,599 338,598 409,601 500,599 557,599 561,601 587,601"/><TextEquiv index="1"><Unicode>Perſoluam templis. Marri Diua, tuis.</Unicode></TextEquiv></TextLine><TextLine id="r0_l027"><Coords points="513,627 513,601 344,601 344,629 460,630"/><TextEquiv index="1"><Unicode>Romædſſriptio.</Unicode></TextEquiv></TextLine><TextLine id="r0_l028"><Coords points="630,630 115,630 115,658 630,658"/><TextEquiv index="1"><Unicode>Non mea ſollicitet ſæuus præcordia Mauors,</Unicode></TextEquiv></TextLine><TextLine id="r0_l029"><Coords points="146,660 146,687 555,687 555,660"/><TextEquiv index="1"><Unicode>Nec rabies litis, dirave iactet hiem.</Unicode></TextEquiv></TextLine><TextLine id="r0_l030"><Coords points="354,718 574,716 623,717 623,688 533,688 494,690 248,693 206,695 153,695 117,693 117,721 282,721"/><TextEquiv index="1"><Unicode>Nec cupiam inſanos Aulæ perferre labores;</Unicode></TextEquiv></TextLine><TextLine id="r0_l031"><Coords points="826,689 826,722 869,722 869,689"/><TextEquiv index="1"><Unicode></Unicode></TextEquiv></TextLine><TextLine id="r0_l032"><Coords points="501,746 591,746 597,749 597,718 354,719 245,723 146,724 146,750 340,750"/><TextEquiv index="1"><Unicode>Sed cingant noſtras laurea ſerta comas.</Unicode></TextEquiv></TextLine><TextLine id="r0_l033"><Coords points="505,775 572,776 572,747 341,750 208,754 117,752 117,777 485,777"/><TextEquiv index="1"><Unicode>Nunc iuuat aërij ſacro de vertice Pindi;</Unicode></TextEquiv></TextLine><TextLine id="r0_l034"><Coords points="809,736 809,802 834,802 834,736"/><TextEquiv index="1"><Unicode></Unicode></TextEquiv></TextLine><TextLine id="r0_l035"><Coords points="493,807 582,807 588,804 598,804 598,778 486,777 469,779 401,779 247,783 145,783 145,809 440,809"/><TextEquiv index="1"><Unicode>Ducere virgineos per iuga celſa choros.</Unicode></TextEquiv></TextLine><TextLine id="r0_l036"><Coords points="834,781 834,814 868,814 868,781"/><TextEquiv index="1"><Unicode></Unicode></TextEquiv></TextLine><TextLine id="r0_l037"><Coords points="676,805 588,805 582,808 282,811 202,814 117,813 117,836 676,836"/><TextEquiv index="1"><Unicode>Nunc iuuat vmbroſis lentum iacuiſſ lub antris,</Unicode></TextEquiv></TextLine><TextLine id="r0_l038"><Coords points="364,869 394,867 479,867 495,865 536,864 594,865 594,836 473,837 438,839 333,839 255,842 148,841 148,870 275,870"/><TextEquiv index="1"><Unicode>Et longum plectro concinuiſſe melos.</Unicode></TextEquiv></TextLine><TextLine id="r0_l039"><Coords points="580,866 495,866 479,868 394,868 364,870 276,870 203,873 122,873 122,895 580,895"/><TextEquiv index="1"><Unicode>Seu libuit flammas molles felicis Olinæ</Unicode></TextEquiv></TextLine><TextLine id="r0_l040"><Coords points="595,925 595,896 503,895 497,897 483,898 410,898 250,902 149,902 149,926 519,926"/><TextEquiv index="1"><Unicode>Etruſcæ ad numeros perſonuiſſe Lyræ:</Unicode></TextEquiv></TextLine><TextLine id="r0_l041"><Coords points="384,956 454,956 472,954 577,955 593,957 613,957 613,926 387,928 305,931 245,931 210,933 106,932 97,930 92,926 79,927 69,930 50,930 50,959 322,959"/><TextEquiv index="1"><Unicode>Seu potius magni laudes contexere Regis,</Unicode></TextEquiv></TextLine><TextLine id="r0_l042"><Coords points="587,984 587,957 384,957 267,961 153,961 153,986 475,986"/><TextEquiv index="1"><Unicode>Dicere vel laudes, Margari Diua, tuas:</Unicode></TextEquiv></TextLine><TextLine id="r0_l043"><Coords points="422,1016 494,1017 542,1015 608,1015 608,985 152,991 111,990 102,987 97,982 51,980 51,1018 73,1018 75,1020 311,1020"/><TextEquiv index="1"><Unicode>Vel qui nunc Romæ.Bellai gloria gentis,</Unicode></TextEquiv></TextLine><TextLine id="r0_l044"><Coords points="520,1048 548,1046 620,1046 620,1018 393,1018 363,1020 225,1022 151,1021 151,1050 424,1050"/><TextEquiv index="1"><Unicode>Purpureum magnus tollit ad aſtra caput.</Unicode></TextEquiv></TextLine><TextLine id="r0_l045"><Coords points="483,1076 606,1075 606,1047 548,1047 486,1050 305,1052 156,1052 149,1050 123,1050 123,1078 460,1078"/><TextEquiv index="1"><Unicode>llius auſpiciis duras ſuperauimus Alpeis,</Unicode></TextEquiv></TextLine><TextLine id="r0_l046"><Coords points="447,1106 532,1106 578,1104 578,1077 483,1077 420,1080 152,1080 152,1109 381,1109"/><TextEquiv index="1"><Unicode>Et pulcræ campos vidimus Heſperiæ.</Unicode></TextEquiv></TextLine><TextLine id="r0_l047"><Coords points="468,1138 519,1135 565,1135 598,1133 621,1134 621,1105 447,1107 381,1110 223,1111 155,1111 107,1108 107,1139 274,1140"/><TextEquiv index="1"><Unicode>Vidimus &amp; flaui contortas Tibridis vndas,</Unicode></TextEquiv></TextLine><TextLine id="r0_l048"><Coords points="450,1168 456,1166 480,1166 496,1164 542,1164 551,1166 575,1167 636,1167 644,1169 647,1167 651,1167 651,1136 519,1136 468,1139 397,1140 156,1141 156,1172 446,1172"/><TextEquiv index="1"><Unicode>Spatſaq; per eampos mcnia Romulidum:</Unicode></TextEquiv></TextLine><TextLine id="r0_l049"><Coords points="703,1160 703,1187 798,1187 798,1160"/><TextEquiv index="1"><Unicode>Mæi,</Unicode></TextEquiv></TextLine><TextLine id="r0_l050"><Coords points="504,1166 504,1199 585,1199 585,1166"/><TextEquiv index="1"><Unicode>Bb</Unicode></TextEquiv></TextLine></TextRegion></Page></PcGts>