872 1312
232 86 585 111 IOACI AII.
101 123 549 157 Cæruleo curru ſtratis æqualiter vndis,
130 154 582 185 Præbebant facileis per feta longa vias.
95 184 541 216 Aſt vbi me rapidis alieno ſidere ventis
131 216 535 244 Externo puppis detulit in pelagus;
104 240 714 276 Hunc ego Tyrrhenum præceps ſum raptus in æquor,
134 272 611 302 Tunc metriſtis hiems in vada cœca tulit.
107 302 627 336 Himc ſcopuli ingentes, ſubterq; larentia laxa,
135 334 569 366 Hine terret vaſti gurgitis vndaratem.
96 358 680 394 Nunc mihi pro Nymphis, immania corpora ponti
138 390 661 421 Oecurrunt; tumidis nunc furitAuſter aquis.
109 421 608 457 Quod ſi iterum liceat cœlo ſpectare ſereno
139 452 548 484 Sidera, quæ velis detra fuere meis.
111 479 724 510 Tum demum Auſonios fluctus ventosq; relinquam,
140 511 530 544 Et patrij repetam littora nota lali.
112 540 558 574 Votaq; ſeruatus ſaciâ ſuſpenſa tabellâ.
142 570 587 601 Perſoluam templis. Marri Diua, tuis.
344 601 513 630 Romædſſriptio.
115 630 630 658 Non mea ſollicitet ſæuus præcordia Mauors,
146 660 555 687 Nec rabies litis, dirave iactet hiem.
117 688 623 721 Nec cupiam inſanos Aulæ perferre labores;
146 718 597 750 Sed cingant noſtras laurea ſerta comas.
117 747 572 777 Nunc iuuat aërij ſacro de vertice Pindi;
145 777 598 809 Ducere virgineos per iuga celſa choros.
117 805 676 836 Nunc iuuat vmbroſis lentum iacuiſſ lub antris,
148 836 594 870 Et longum plectro concinuiſſe melos.
122 866 580 895 Seu libuit flammas molles felicis Olinæ
149 895 595 926 Etruſcæ ad numeros perſonuiſſe Lyræ:
113 926 613 959 Seu potius magni laudes contexere Regis,
153 957 587 986 Dicere vel laudes, Margari Diua, tuas:
113 985 608 1020 Vel qui nunc Romæ.Bellai gloria gentis,
151 1018 620 1050 Purpureum magnus tollit ad aſtra caput.
123 1047 606 1078 llius auſpiciis duras ſuperauimus Alpeis,
152 1077 578 1109 Et pulcræ campos vidimus Heſperiæ.
115 1105 621 1140 Vidimus & flaui contortas Tibridis vndas,
156 1136 651 1172 Spatſaq; per eampos mcnia Romulidum:
703 1160 798 1187 Mæi,
