872 1312
308 76 556 100 IOACIIMI
122 82 161 103 2o2
128 115 620 143 Mœna, quæ vaſtis paſſim conuulſa ruinis,
157 144 562 172 Antiquas ſpirant imperioſa minas.
827 145 870 177 u
127 173 619 204 Vidimus excelſi claueis qui geſtat Olympi,
154 204 597 233 Auguſtum mitrâ; purpureosq; Patres.
128 233 671 263 Quid referam magni pendentia culmina Petri?
825 234 870 263 o
156 262 639 292 Quo nullum Auſoniâ pulcrius extat opus.
826 264 870 293 u
124 293 646 322 Aurea qud memorem pictis laquearia tectis,
152 322 594 351 Altaq, porticibus limina Pontificum?
123 352 607 381 Adde tot auguſtas ædes, totq; atria longa.
153 381 626 411 Quæq; oculis villa eſt nomine pulcra ſuo.
123 411 587 441 Adde tot aerias arceis, molemq; ſepulcri,
151 441 640 468 Aurtasq; domos, pictaq; templa Deſm
121 470 595 499 Prætereo longos excelſo fornice ponteis,
150 499 616 528 Quos ſubter rapidis Albula fertur aquis.
124 528 604 557 Prætereo vaſtum latâ teſtudine templum,
148 559 632 588 Quo cunctos coluit maxima Roma Deos.
121 588 606 615 Mitto Virginei ſurgentia marmora fontis,
149 616 609 647 Quiſacer eſt ſummi numine Pontificis:
116 647 605 676 Multaq; præterea veteris miracula Romæ
145 676 578 705 Vndiq; defoſſo nunc rediuiua ſolo.
116 707 671 737 Heic quoq; nam liceat toto decurere campo
144 736 554 761 Dicamus mores, inclita Roma, tuos.
114 765 591 796 Si quis Palladias optet regnare per arteis;
143 796 576 819 Dulcia omanis Attica mella fluunt.
111 824 627 854 Si placet armorum luſus, ſi curſus equorum;
142 854 583 881 Tyndaridas multos vrbs dabit iſta tibi.
110 883 585 913 Si varios Regum cupias audire tumultus,
139 913 547 943 Heic veii & falſi nuntia fama volat.
111 942 569 971 Si ſpectare iuuat Fortunæ iura potentis,
140 972 502 1001 Non alio regnat latius illa loco.
112 1003 651 1038 Si Venus oblectat; Veneris ſunt omnia plena:
135 1035 574 1067 Romani auſpicium ſanguinis illa fuit.
104 1064 702 1098 Heic ſigna heic ſtrepitus, vocesq; & nota vocantum
133 1093 560 1124 Sibila; nec tacitis gaudia mixta iocis.
104 1124 610 1157 Heic iuuat aut varias paſſim ſaltare choreas,
719 1136 870 1186 Aut
