872 1312
284 82 495 104 BELLAII.
714 85 754 104 S?
69 119 579 146 Aut Thuſcos citharâ concinuiſſe modos.
86 148 624 181 Carpento inuectus pulcra cum matre Cupido,
115 180 542 212 Arguto reſonum pectine pulſat ebur.
3 202 693 253 Gemmea marmoream cingunt redimicula fronte,
116 240 516 270 Oraq; fallaci murice tincta rubent.
86 269 558 299 Aurea lacteolo pendentq; monilia collo,
117 300 577 331 Et niueas ornat gemma coruſca manus,
45 328 566 360 Et baccæ auriculis pendent, tortiq; capilli
118 358 597 385 Mille trahunt dulci colla ſubacta iugo
92 388 604 417 Sidonias veſtes limbus complectitur aureus;
117 417 563 448 Defluit in teneros & ſtola longa pedes.
86 448 547 477 Arte cothurnati librant veſtigia greſſus
115 477 554 508 Arte oculi ſpectant, arte micant digiti.
88 504 694 537 Quicquid mollis Arabs, gvptus quidquid, & Indi,
116 536 537 566 Aut portant Tyrij, Roma beata tulit.
51 565 570 596 Quid referam lætas ſegetes ac dona Lyæi?
119 593 605 625 Quid nemora & ſaltus, ruſtica turba, tuos?
89 623 625 655 Quid gelidos fonteis, quid prata recentia riuis,
117 653 590 685 Et quidquid pingit vere ineunte ſolum?
91 682 603 715 Quæ licet Auſoniâ ſpectentur plurima terrâ,
119 712 600 743 Spectare in mediâ plus tamen vrbe iuuat.
89 739 679 774 Quid memorem auguſtis ſpirantia marmora tectis,
115 771 526 802 Artificum doctâ viuere iuſla manu?
87 801 608 831 An Patris implexos ſquamoiis orbibus artus,
115 831 530 858 Et natos iiſdem nexibus implicitos?
83 858 678 892 An Phœbum & Venerem, Pario de marmore ſigna,
117 889 583 920 Saxaq; in antiquos tam beneficta Deos?
89 920 574 948 Heic Roma inſignis galeâ, vultuq; minaci
119 949 570 980 Victorum regum colla ſubacta premit.
89 978 514 1012 Heic ludunt emini prenſantes vh---
434 981 580 1008 Aaal
116 1013 452 1044 Vbera nutricis offcioſa lupæ.
85 1046 563 1074 Heic plantæ adfixis oculis, & corpore toto
114 1075 496 1104 Euellit ſpinam viuus in ære puer.
1 1094 555 1130 Terribilis clauâ fuluo ſtat nudus in auro,
111 1134 549 1165 Herculeum ſpirans Amphitrioniades.
688 1162 743 1195 Hei
498 1164 575 1196 Bb
