872 1312
311 83 553 106 IOACIMI
134 120 673 151 Stant Nymphæ circum, vitreisq; ſedilibus altæ
165 151 605 180 Deducunt tenerâ mollia penſa manu.
136 180 598 212 Illis Aſſyrio veſtis ſaturata veneno,
165 212 601 240 Multaq; natiuo gemma colore micat.
132 239 596 265 Pars leuiter textas raro ſubtemine telas,
162 270 569 298 Lanea vel tenui ſtamina pingit acu.
133 299 621 329 Pars virides nectit feſtâ de fronde corollas
163 329 571 357 Sparſaq;, odorato florea ſerta croco.
134 357 652 386 Implicat hæc auro comptos e more capillos,
163 387 593 410 Diuidit aut flauam vertice Cæſariem.
132 416 640 446 Illa leueis humeris nodo ſuſpendit amictus,
163 447 614 477 Colligit aut niueos veſte tegente ſinus.
132 475 664 506 Hæc lauat irriguis candentia pectora lymphis;
159 506 609 535 Fluctibus immerſas ſiccat at illa comas.
132 536 661 565 Parte aliâ, implexis per mutua vincula palmis,
160 565 549 594 Exercet lætos libera turba choros.
130 594 645 623 Hos inter varios luſusque, operumq; labores,
158 623 592 654 Perſtrepit alternis aula canora modis.
128 653 622 684 Hæc ferit arguto vocaleis pectine chordas;
125 683 584 710 Auratam digitis pulſat at illa chelym.
126 712 686 741 Hæc teneros iunctâ modulatur arundine verſus;
157 741 549 770 Illa ſed agreſti carminavoce canit.
124 771 630 801 At pater ipſe iacens immani corpore Tibris,
159 800 623 829 Muſcoſoq; fouens hiſpida membra toro.
124 829 661 859 Veſtibulo in thalamicubito ſubnixus, & vrnæ,
123 859 561 889 Subiectis ſenior iura dabat populis.
123 886 703 920 Et iam Phœbus equis medium confecerat orbem,
154 918 584 950 Spectabatq; ſuas feruidus axis aquas.
123 948 690 980 Nuncius auguſtam Martis cum vectus ad vrbem,
153 976 583 1009 -A: , AAAom dixit Auanſonium:
122 1015 687 1047 Qui Romam orator Gallorum a rege profectus,
150 1045 523 1072 Eriperet ſæuis hoſtibus Italiam:
125 1074 679 1107 Clauigerumq; patrem, Latiis qui præſidet aruis,
149 1104 525 1134 Mulceret blandi viribus eloquij.
121 1133 654 1171 rgo vbi læta Dei placidas voximpulit aureis,
716 1165 793 1199 Audi-
