872 1312
333 68 584 90 IOACIMI
121 105 668 137 Adde tot egregias arteis, ſanctumque Senatum
152 136 574 165 Cuique patet clauſi ianua ſacra poli.
121 165 719 195 ic vir hiceſt, Thuſcis ortum quem Montibus olim
150 197 650 225 Tam magnum Roma admiſit ad imperium.
121 225 584 254 Sunt heic præterea diuini munera ruris,
153 254 530 284 Siue tua, & Liber, ſine, Priape, tua.
122 284 663 315 Sunt gelidi fontes, textiſque vmhracula ramis,
154 315 616 343 Et quicquid verno ſidere fundit humus.
123 344 786 373 Heic quoque ſuntNymphæ, Vereres, Luſuſque, Iocuſque
154 372 761 398 Heic Muſa, heic Charites, heic Amor, heic Bromius.
124 402 665 432 Ergo tuos, hoſpes, paullum obliuiſcere Gallos;
156 432 620 463 Noſter eris poſhac, nos erimuſque tui.
124 462 655 493 En quam clara dies nobis adfulſrit, & quam
155 492 554 520 Aduentu redeant omnia læta tuo.
125 520 511 549 Ipſi lætitia voces ad ſidera tollunt
156 550 673 584 Septem Vrbis colles, ſacraque templa Deûm.
128 583 654 604 Te nemus omne canit, ceiſis e montibus actæ
158 611 660 642 ympha Laurentes, inſtituuntque choros.
126 640 648 671 Pars manibus violas, pars grandia lilia geſtat,
157 670 609 700 Pictaque purpureis plena caniſtra roſis.
127 701 674 731 At te Roma ptens, magni ceu Numinis inſtar,
158 727 584 762 Suſpicit, in vultu totaque fixa tuo eſt
128 758 605 790 Poſtmodo dicentis dulci pendebit ab ore
159 788 572 817 Iulius, & placidâ ſe feret aure rrahi:
127 818 628 849 Dum cernet lætos auguſtæ ſrontis honores,
159 847 644 881 Te ſimilem ſoectans os humeroſque Deo.
128 877 610 912 Huc ergo auſpiciis iam te felicibus infer:
159 908 671 940 Heic tibi partus honos, heic tibi parta quies.
128 936 686 970 Nec tibi defuerinr plauſus, nec præmia laudum;
160 967 677 998 Quique tuum ſcriptis nomen in aſtra ferant.
130 997 640 1030 Spectata in dubiistua cum prudentia rebus
159 1027 575 1053 Maturum obſeſſis adferet auxilium.
130 1057 657 1090 Auertetque procul Romanis arcibus hoſtem,
163 1085 583 1119 Soluet & iniuſto colla ſubacta iugo.
131 1115 649 1149 Tunc raptas Aquilæ fallax Cornicula plumas
722 1144 810 1174 Exuet;
