872 1312
340 72 595 96 IOACIMI
128 110 651 142 Hæcinit Tibris ſummâ ſublimis ab vnd,
157 142 535 171 Vt magni vultus vidit Auanſonii.
128 169 639 199 Tum fluctu intorto,late ſpumantibus vndis,
159 201 602 228 Cæruleo ſacrum condidit amne caput.
244 227 688 259 De pace, inte principes hriſtianosineunda.
127 258 609 287 Nunc anni exacto curſu, Ianiq; Calendis,
159 288 580 318 Claudatur gemini ferrea porta Dei:
129 318 578 348 Saturni redeant, reeant vt ſæcula Iani,
157 348 540 376 Et priſco niteat ſdere elara dies.
128 374 652 406 Aurea quæ quondam, noſtris at ferrea ſeclis,
161 405 599 436 Sub longâ placidos pace regebat auos.
129 435 636 465 Non illo quiſquam ferrum tractauerat æuo,
160 464 640 491 Nec dederant raucos æra rerorta ſonos.
128 492 655 520 Neo domibus claues, fixus nec terminus agris
160 522 630 551 Nec timor, aut ſæuis faſcibus imperium
127 552 611 581 Aurea ſimplicitas auri ſpernebat aceruos,
160 581 623 612 Tutaq; Eythræis gemma latebat aquis.
129 610 638 640 Sponte ſu fruges fundebat & omnia tellus,
159 640 615 664 Nec ſuleo attritus vomer aduncus erat
129 670 631 699 At nunc væ miſeræ per tot diſcrimina vitæ,
158 699 625 728 Per mare per tertas pauperiem fugimus.
129 728 613 757 Nunc rabies ferri cognata in viſcera ſerpit,
160 758 654 787 Nunc rapido Martis turbine cuncta ruunt.
128 788 600 816 Auſpice Bellaio pereant ſed ſemina belli,
159 817 618 846 Ira, Timor, pereant.indomituſq; Furor.
128 905 656 935 Dum parat Ierrico virtus inuicta triumphos,
157 935 660 964 Magnus, ſed nimio ſanguine partus, honos.
128 965 673 994 Iani igitur geminas claudat iam Gallia portas,
158 994 583 1020 Exulet ac toto Thracius orbe Deus;
127 1024 640 1054 Dum pia Chriſtigenæ coeant in prælia reges,
158 1054 604 1083 Pulſus & Eiropa barbarus hoſtis eat.
125 1082 624 1112 Heic ſe carceribus Mauorsleſfundat apertis,
153 1113 628 1145 Hecliccat valid ſtcnere pcuncta manu.
723 1143 793 1171 Quare
