<PcGts xmlns="http://schema.primaresearch.org/PAGE/gts/pagecontent/2017-07-15" xmlns:xsi="http://www.w3.org/2001/XMLSchema-instance" xsi:schemaLocation="http://schema.primaresearch.org/PAGE/gts/pagecontent/2017-07-15 http://schema.primaresearch.org/PAGE/gts/pagecontent/2017-07-15/pagecontent.xsd"><Metadata><Creator>User123</Creator><Created>2020-04-19T01:00:20</Created><LastChange>2020-04-19T01:00:20</LastChange></Metadata><Page imageFilename="0427.png" imageHeight="1312" imageWidth="872"><TextRegion id="r0" type="paragraph"><Coords points="1,1 870,1 870,1310 1,1310"/><TextLine id="r0_l001"><Coords points="58,41 1,41 1,77 59,79"/><TextEquiv index="1"><Unicode></Unicode></TextEquiv></TextLine><TextLine id="r0_l002"><Coords points="340,72 340,96 595,96 595,72"/><TextEquiv index="1"><Unicode>IOACIMI</Unicode></TextEquiv></TextLine><TextLine id="r0_l003"><Coords points="128,75 128,103 178,103 178,75"/><TextEquiv index="1"><Unicode>O</Unicode></TextEquiv></TextLine><TextLine id="r0_l004"><Coords points="47,84 2,84 2,134 47,134"/><TextEquiv index="1"><Unicode></Unicode></TextEquiv></TextLine><TextLine id="r0_l005"><Coords points="836,108 836,136 870,136 870,108"/><TextEquiv index="1"><Unicode></Unicode></TextEquiv></TextLine><TextLine id="r0_l006"><Coords points="128,110 128,142 651,142 651,110"/><TextEquiv index="1"><Unicode>Hæcinit Tibris ſummâ ſublimis ab vnd,</Unicode></TextEquiv></TextLine><TextLine id="r0_l007"><Coords points="834,136 834,165 870,165 870,136"/><TextEquiv index="1"><Unicode></Unicode></TextEquiv></TextLine><TextLine id="r0_l008"><Coords points="535,169 535,142 365,142 197,144 157,143 157,170 418,171"/><TextEquiv index="1"><Unicode>Vt magni vultus vidit Auanſonii.</Unicode></TextEquiv></TextLine><TextLine id="r0_l009"><Coords points="835,165 835,195 869,195 869,165"/><TextEquiv index="1"><Unicode>u</Unicode></TextEquiv></TextLine><TextLine id="r0_l010"><Coords points="639,198 639,169 269,173 196,173 128,170 128,199 592,199"/><TextEquiv index="1"><Unicode>Tum fluctu intorto,late ſpumantibus vndis,</Unicode></TextEquiv></TextLine><TextLine id="r0_l011"><Coords points="836,196 836,225 870,225 870,196"/><TextEquiv index="1"><Unicode>n</Unicode></TextEquiv></TextLine><TextLine id="r0_l012"><Coords points="159,201 159,228 602,228 602,201"/><TextEquiv index="1"><Unicode>Cæruleo ſacrum condidit amne caput.</Unicode></TextEquiv></TextLine><TextLine id="r0_l013"><Coords points="28,227 34,223 36,219 36,204 34,200 28,196 1,196 1,228 18,228"/><TextEquiv index="1"><Unicode></Unicode></TextEquiv></TextLine><TextLine id="r0_l014"><Coords points="835,225 835,252 870,252 870,225"/><TextEquiv index="1"><Unicode></Unicode></TextEquiv></TextLine><TextLine id="r0_l015"><Coords points="688,227 641,227 634,229 583,230 503,229 478,231 356,232 289,232 244,230 244,259 394,259 560,256 635,256 641,259 688,259"/><TextEquiv index="1"><Unicode>De pace, inte principes hriſtianosineunda.</Unicode></TextEquiv></TextLine><TextLine id="r0_l016"><Coords points="836,252 836,274 870,274 870,252"/><TextEquiv index="1"><Unicode></Unicode></TextEquiv></TextLine><TextLine id="r0_l017"><Coords points="37,258 1,258 1,299 37,299"/><TextEquiv index="1"><Unicode></Unicode></TextEquiv></TextLine><TextLine id="r0_l018"><Coords points="609,258 496,258 394,260 333,259 221,261 197,261 188,258 127,258 127,287 609,287"/><TextEquiv index="1"><Unicode>Nunc anni exacto curſu, Ianiq; Calendis,</Unicode></TextEquiv></TextLine><TextLine id="r0_l019"><Coords points="869,282 836,282 836,288 844,298 845,305 869,305"/><TextEquiv index="1"><Unicode></Unicode></TextEquiv></TextLine><TextLine id="r0_l020"><Coords points="580,317 580,288 391,290 197,290 189,294 159,295 159,318 441,318"/><TextEquiv index="1"><Unicode>Claudatur gemini ferrea porta Dei:</Unicode></TextEquiv></TextLine><TextLine id="r0_l021"><Coords points="1,304 1,339 38,339 38,304"/><TextEquiv index="1"><Unicode></Unicode></TextEquiv></TextLine><TextLine id="r0_l022"><Coords points="578,318 129,320 129,347 144,348 578,348"/><TextEquiv index="1"><Unicode>Saturni redeant, reeant vt ſæcula Iani,</Unicode></TextEquiv></TextLine><TextLine id="r0_l023"><Coords points="37,339 24,339 22,340 21,361 15,364 1,364 1,394 37,394"/><TextEquiv index="1"><Unicode></Unicode></TextEquiv></TextLine><TextLine id="r0_l024"><Coords points="540,375 540,348 157,349 157,376 430,376"/><TextEquiv index="1"><Unicode>Et priſco niteat ſdere elara dies.</Unicode></TextEquiv></TextLine><TextLine id="r0_l025"><Coords points="652,374 571,374 560,376 128,379 128,406 404,406 544,404 609,404 652,406"/><TextEquiv index="1"><Unicode>Aurea quæ quondam, noſtris at ferrea ſeclis,</Unicode></TextEquiv></TextLine><TextLine id="r0_l026"><Coords points="836,400 836,424 870,424 870,400"/><TextEquiv index="1"><Unicode></Unicode></TextEquiv></TextLine><TextLine id="r0_l027"><Coords points="403,434 599,434 599,405 306,408 161,407 161,435 317,436"/><TextEquiv index="1"><Unicode>Sub longâ placidos pace regebat auos.</Unicode></TextEquiv></TextLine><TextLine id="r0_l028"><Coords points="1,402 1,431 41,431 41,402"/><TextEquiv index="1"><Unicode></Unicode></TextEquiv></TextLine><TextLine id="r0_l029"><Coords points="839,432 839,451 870,451 870,432"/><TextEquiv index="1"><Unicode></Unicode></TextEquiv></TextLine><TextLine id="r0_l030"><Coords points="1,431 1,460 38,460 38,431"/><TextEquiv index="1"><Unicode></Unicode></TextEquiv></TextLine><TextLine id="r0_l031"><Coords points="636,463 636,435 403,435 317,437 181,437 129,435 129,464 383,465"/><TextEquiv index="1"><Unicode>Non illo quiſquam ferrum tractauerat æuo,</Unicode></TextEquiv></TextLine><TextLine id="r0_l032"><Coords points="640,464 160,466 160,491 640,491"/><TextEquiv index="1"><Unicode>Nec dederant raucos æra rerorta ſonos.</Unicode></TextEquiv></TextLine><TextLine id="r0_l033"><Coords points="128,492 128,520 655,520 655,492"/><TextEquiv index="1"><Unicode>Neo domibus claues, fixus nec terminus agris</Unicode></TextEquiv></TextLine><TextLine id="r0_l034"><Coords points="1,480 1,530 54,530 54,480"/><TextEquiv index="1"><Unicode></Unicode></TextEquiv></TextLine><TextLine id="r0_l035"><Coords points="160,522 160,551 630,551 630,522"/><TextEquiv index="1"><Unicode>Nec timor, aut ſæuis faſcibus imperium</Unicode></TextEquiv></TextLine><TextLine id="r0_l036"><Coords points="1,531 1,553 84,553 84,531"/><TextEquiv index="1"><Unicode>o</Unicode></TextEquiv></TextLine><TextLine id="r0_l037"><Coords points="611,552 127,555 127,581 611,581"/><TextEquiv index="1"><Unicode>Aurea ſimplicitas auri ſpernebat aceruos,</Unicode></TextEquiv></TextLine><TextLine id="r0_l038"><Coords points="383,611 439,609 623,609 623,582 584,581 387,583 160,582 160,611 265,612"/><TextEquiv index="1"><Unicode>Tutaq; Eythræis gemma latebat aquis.</Unicode></TextEquiv></TextLine><TextLine id="r0_l039"><Coords points="638,639 638,610 439,610 383,612 265,613 129,612 129,640 416,640"/><TextEquiv index="1"><Unicode>Sponte ſu fruges fundebat &amp; omnia tellus,</Unicode></TextEquiv></TextLine><TextLine id="r0_l040"><Coords points="60,669 64,662 67,660 86,657 86,615 77,615 73,617 68,625 1,629 1,672 51,672"/><TextEquiv index="1"><Unicode></Unicode></TextEquiv></TextLine><TextLine id="r0_l041"><Coords points="159,640 159,664 615,664 615,640"/><TextEquiv index="1"><Unicode>Nec ſuleo attritus vomer aduncus erat</Unicode></TextEquiv></TextLine><TextLine id="r0_l042"><Coords points="631,670 129,671 129,699 631,699"/><TextEquiv index="1"><Unicode>At nunc væ miſeræ per tot diſcrimina vitæ,</Unicode></TextEquiv></TextLine><TextLine id="r0_l043"><Coords points="625,727 625,700 536,699 430,701 158,700 158,728 536,728"/><TextEquiv index="1"><Unicode>Per mare per tertas pauperiem fugimus.</Unicode></TextEquiv></TextLine><TextLine id="r0_l044"><Coords points="36,741 36,713 1,713 1,742 34,742"/><TextEquiv index="1"><Unicode></Unicode></TextEquiv></TextLine><TextLine id="r0_l045"><Coords points="613,756 613,728 303,730 159,730 129,728 129,757 573,757"/><TextEquiv index="1"><Unicode>Nunc rabies ferri cognata in viſcera ſerpit,</Unicode></TextEquiv></TextLine><TextLine id="r0_l046"><Coords points="36,742 3,743 3,794 6,794 9,799 15,803 36,803"/><TextEquiv index="1"><Unicode></Unicode></TextEquiv></TextLine><TextLine id="r0_l047"><Coords points="654,758 160,759 160,787 654,787"/><TextEquiv index="1"><Unicode>Nunc rapido Martis turbine cuncta ruunt.</Unicode></TextEquiv></TextLine><TextLine id="r0_l048"><Coords points="600,788 128,788 128,816 600,816"/><TextEquiv index="1"><Unicode>Auſpice Bellaio pereant ſed ſemina belli,</Unicode></TextEquiv></TextLine><TextLine id="r0_l049"><Coords points="159,817 159,846 618,846 618,817"/><TextEquiv index="1"><Unicode>Ira, Timor, pereant.indomituſq; Furor.</Unicode></TextEquiv></TextLine><TextLine id="r0_l050"><Coords points="4,813 4,844 37,844 37,813"/><TextEquiv index="1"><Unicode></Unicode></TextEquiv></TextLine><TextLine id="r0_l051"><Coords points="129,847 129,905 660,905 660,847"/><TextEquiv index="1"><Unicode></Unicode></TextEquiv></TextLine><TextLine id="r0_l052"><Coords points="2,848 2,895 37,895 37,848"/><TextEquiv index="1"><Unicode></Unicode></TextEquiv></TextLine><TextLine id="r0_l053"><Coords points="1,897 1,934 36,934 36,897"/><TextEquiv index="1"><Unicode></Unicode></TextEquiv></TextLine><TextLine id="r0_l054"><Coords points="128,905 128,935 656,935 656,905"/><TextEquiv index="1"><Unicode>Dum parat Ierrico virtus inuicta triumphos,</Unicode></TextEquiv></TextLine><TextLine id="r0_l055"><Coords points="1,934 1,959 35,959 35,934"/><TextEquiv index="1"><Unicode></Unicode></TextEquiv></TextLine><TextLine id="r0_l056"><Coords points="157,935 157,964 660,964 660,935"/><TextEquiv index="1"><Unicode>Magnus, ſed nimio ſanguine partus, honos.</Unicode></TextEquiv></TextLine><TextLine id="r0_l057"><Coords points="1,960 1,997 35,997 35,960"/><TextEquiv index="1"><Unicode></Unicode></TextEquiv></TextLine><TextLine id="r0_l058"><Coords points="128,965 128,994 673,994 673,965"/><TextEquiv index="1"><Unicode>Iani igitur geminas claudat iam Gallia portas,</Unicode></TextEquiv></TextLine><TextLine id="r0_l059"><Coords points="158,994 158,1020 583,1020 583,994"/><TextEquiv index="1"><Unicode>Exulet ac toto Thracius orbe Deus;</Unicode></TextEquiv></TextLine><TextLine id="r0_l060"><Coords points="127,1024 127,1054 640,1054 640,1024"/><TextEquiv index="1"><Unicode>Dum pia Chriſtigenæ coeant in prælia reges,</Unicode></TextEquiv></TextLine><TextLine id="r0_l061"><Coords points="34,1026 1,1026 1,1059 34,1059"/><TextEquiv index="1"><Unicode></Unicode></TextEquiv></TextLine><TextLine id="r0_l062"><Coords points="604,1056 589,1055 158,1054 158,1082 604,1083"/><TextEquiv index="1"><Unicode>Pulſus &amp; Eiropa barbarus hoſtis eat.</Unicode></TextEquiv></TextLine><TextLine id="r0_l063"><Coords points="33,1060 1,1060 1,1087 33,1087"/><TextEquiv index="1"><Unicode></Unicode></TextEquiv></TextLine><TextLine id="r0_l064"><Coords points="624,1084 314,1083 277,1084 125,1082 125,1111 624,1112"/><TextEquiv index="1"><Unicode>Heic ſe carceribus Mauorsleſfundat apertis,</Unicode></TextEquiv></TextLine><TextLine id="r0_l065"><Coords points="153,1113 153,1145 628,1145 628,1113"/><TextEquiv index="1"><Unicode>Hecliccat valid ſtcnere pcuncta manu.</Unicode></TextEquiv></TextLine><TextLine id="r0_l066"><Coords points="672,1143 672,1171 793,1171 793,1143"/><TextEquiv index="1"><Unicode>Quare</Unicode></TextEquiv></TextLine><TextLine id="r0_l067"><Coords points="1,1172 1,1215 34,1215 34,1172"/><TextEquiv index="1"><Unicode></Unicode></TextEquiv></TextLine><TextLine id="r0_l068"><Coords points="1,1220 1,1270 40,1270 40,1220"/><TextEquiv index="1"><Unicode></Unicode></TextEquiv></TextLine></TextRegion></Page></PcGts>