872 1312
298 71 498 93 BELLAII.
705 79 748 101 ot
33 102 608 138 Quare agite, & magni Reges, age maxime Iuli,
106 138 515 166 Iungire perpetuâ fœdera nexa fide.
34 156 680 203 Herrice armipotens, tantos compeſee tumultus;
104 197 549 226 Tuque prior, Cæſar, proiice tela manu.
49 217 616 256 Vos tandem Europæ adflictis ſuccurrite rebus,
106 256 555 281 Ne cadat vt manibus ſaucia Roma ſuis.
75 285 647 318 Dumque ſuos renuit dominos nimis aſpera ferre,
105 315 541 347 Externum diſcat ferre ſubacta iugum.
270 348 576 376 Viro coœmendatio.
236 376 586 401 ad Ianum Morellium Eberodum.
35 393 555 440 Felix qui patrio viuit contentus agello,
106 434 557 466 Nec timidas captat ſemper auarus opes.
35 464 631 498 Hunc, hunc tuta quies ereptum mille periclis
104 494 512 518 Detinet, hic tacitus rura beata colit.
35 517 555 554 Non illum ſtulti terrent inſomnia vulgi,
105 552 544 581 Nauita nec triſtis, tergeminuſue canis.
36 582 573 609 Scd puris manibus ſanctas accedit ad aras,
107 610 502 635 Et flectit facileis in ſua vota Deos.
37 640 601 672 Vere igitur felix, Diis & numerandus in ipſis,
106 670 582 701 Quem Sophia in molli detinet alma ſinu.
38 688 544 728 Hæc te, Morelli, populo ſubduxit inerti;
827 688 862 726 I
105 728 533 759 Hac duce, ſublimi ſidera fronte petis.
39 747 646 789 Hæc te eadem immenſi cauſſas perquirere mundi
105 786 546 813 Iuſſit, & erectâ cernere mente Deum.
40 812 593 850 Hac fretus, cœliq; minas, terræque, mariſque
105 845 580 879 Deſpicis, & magno cuncta domas atimo,
76 875 750 912 Nec tamen hoc ſtudium eſt, vacuâ requieſcere in vmbrâ,
107 905 510 937 Tradere vel molli pectora deſidiæ:
44 935 574 966 Sed cum cuncta obeas ciuilis munera vitæ,
107 964 483 992 Nec pars vlla tuo ceſſet in officio.
45 993 560 1025 Sic vitam inſtituis, dubiæ nil credere ſorti,
106 1024 538 1055 Fortunam aut rebus præpoſuiſſe tuis.
46 1053 602 1087 Non aliter, tuto quâm qui de littore puppim
108 1082 461 1113 Iactari toto proſpicit Oceano:
78 1110 603 1144 Aut flammam e ſpeculâ ſecurus deſpicit altâ,
482 1149 521 1171 Cc
706 1154 752 1177 Aus
