872 1312
369 88 610 111 IOACHIM
147 89 193 118 qo
182 125 669 155 Aut curſum ſummâ rupe ſurentis aquæ.
150 155 668 185 Huc dulces nati accedunt, coniuxque pudica,
181 185 678 215 Et quam quiſque ſibi gaudeat eſſe domum.
147 211 869 257 Quid memorem. quam lauta tibi, quam munda ſupellea,
181 243 642 274 Quam cultus ſimplex, & ſine labe decor.
147 271 705 302 Nam tua quam pateat Muſis domus, ipſe fatetu
181 302 584 331 Qui ferit auratâ carmina docta lyrâ
147 331 640 360 Auratus. Latiis pariter Graiiſque Camœnis
181 360 656 390 Noſtra æquans priſcis ſæcula temporibus.
147 390 705 420 Ronſarduſque grauis, magno qui vindice tutus,
178 420 585 444 A veteri tadem ſe auſerit inuidii.
149 449 704 480 Denique ſic vita eſt, vt cuu itibi præſtiterint Dii,
181 478 639 507 Prudenti & ſanoqucd ſatis e poteſt,
146 507 651 536 Inuideat nullus; ſummis ſed gratus & imis
177 537 594 567 Aqualis magnis tegious eſſe queas.
145 565 728 595 Hei mihi, quod patiiis dum nunc agor exul ab oris,
177 595 599 623 Tam dulci vitâ non licet vſque frui.
356 626 622 654 Ad Petrum Ronſardum.
145 654 669 683 onſarde, Aoniæ merit pars mex ma turbæ,
176 684 620 713 Pars animæ quondam dimidiata meæ:
145 713 618 741 Cui plectra & neruos ſeſe debere fatetur,
176 742 598 770 Gallica Dircæo pectine pulſa chelys.
143 773 673 801 Muſarum nunc alma parens te Gallia nunc te
175 802 552 829 Detinet inuicti Pincipis aulatui.
142 831 684 856 Doctus vbi tonat ore tuus tua carmina Carlus,
175 861 581 890 Antiquæ Carlus gloria Burdegalæ:
141 890 653 914 Muſarum antiſtes Carlus, cui candida Pallas
174 920 578 949 Ingenuis finxit moribus ingenium.
142 949 707 978 Hic tibi conciliat proceres, regemque potentem;
175 979 619 1001 Nec tua iam lædit carmina Liuor edax.
141 1008 627 1037 Felix, qui populi toto plaudente theatro,
174 1037 651 1068 Viuus adhuc diram contudit inuidiam.
142 1066 673 1097 Hoc tu, Ronſarde, & populis & regibus æquis,
171 1096 595 1120 Viciſti monſtrum viribus Herculeis.
138 1125 681 1160 Macte imo; iam cetta tibi victoria parta eſt,
722 1155 806 1186 Præcin-
