872 1312
317 100 518 122 BELLAII.
122 140 577 170 Præcingitque tuum ſacra corona caput.
95 168 660 201 Iam tibitota cohors Phœbi, iam Phœbus & ipſe
126 201 576 230 Adſur git, medio conſtituitque choro.
94 231 564 260 Elyſiis qualem mirantes Orphea campis,
124 260 614 290 Hinc atque hinc denſæ ſuſpiciunt animæ
85 290 589 319 Quis te igitur viuit, Ronſarde, beatior vno,
123 320 562 349 Aut cui tot præſtant numina delitias?
75 349 565 374 Nunc te culta tenent celſi vineta Sabuti,
124 379 621 409 Nunc virides Braiæ, Gaſtimeumquc nemus.
75 409 627 438 Ei tua Ledinæ reſpondent carmina Nymphæ,
123 438 575 461 Et ſalit ad numeros Belleris vnda tuos.
75 465 626 496 Felices Nymphæ, queis talem audire poetam,
122 496 539 519 Et Iicuit ſaeros ducere nocte choros.
75 525 574 552 Ille colit veſtras, tutiſſima numina, ſiluas,
121 555 587 586 Ille antra, & fluuios, ſaxaque veſra colit.
74 580 675 615 Nos miſeri interea, rapidis iactantibus Auſtris,
122 615 605 643 Per mare , per terras Pauperiem fugimus.
74 643 606 674 Sed non eſfugimus curam, quæ nocte dieque
122 674 580 704 Nos ſequitur terrâ, perſequiturq; mari.
75 703 685 734 Heu, vbi contemptus Fortunæ, inuictaq; quondam
122 733 555 763 Vis animi, & longæ poſteritatis amor?
75 758 700 793 Cum, Phœbo monſtrante viam, ſuper ardua Cyrrhæ
120 793 550 822 Tranabam celeri nubila cella fugâ;
75 822 646 857 Atq; humiles curas, ſtrepituſq; intermitus omneis
119 852 547 879 Spernebam, laudis ductus amore tuæ.
75 875 670 915 Nunc mihi, neſcio quo, torpet mens ipſa veterno,
118 912 557 941 Lethæusq, vrget lumina noſtra ſopor.
75 937 677 968 Nec iam Cyrrha placet. nee iam Permeſſidos vndar
118 970 575 999 Hic totas noſtro e pectore fler t aoo.
75 999 569 1032 Quid iuuet inſanis vitam traducere curis,
116 1030 554 1057 Atq; aaimum vano ſlltare metu?
75 1059 546 1087 Fortunati olit, potrio duu rure beatos,
120 1087 542 1118 Nos fouit nolli Calliope in gremio.
75 1116 582 1151 Hæc te naſcentem teners excepit in vlnis,
114 1146 583 1175 t olandum ſis tihi natus, ait.
709 1182 758 1202 .
