872 1312
332 80 576 104 IOACHIMI
839 106 869 146 u
134 114 618 147 Hæc te cadem docuit fallacis præmia vulgi
164 144 627 179 Spernere, & inſolitâ currere ad aſtia viâ.
136 173 622 206 ac duce Pierias gemino de vertice Muſas
165 204 567 234 Deduxti ad Ledi parua fluenta tui
135 231 718 262 Nunc vbi, Caſſandræ magno inflammatus amore,
166 261 590 295 Etruſcos ſuperas ore canente modos.
135 288 743 325 Nunc plectro grauiore ſonas hominelque Deoſque;
166 321 572 351 Pindaricæ doctus tangere fila lyræ.
138 350 570 384 Nec piguit molli verſus deducere filo,
167 379 590 406 Siue Catulle tuos, ſiue Tibulle tuos.
137 403 800 444 Quicquid agis nam te nunquam ceſſare putandum eſt
169 438 582 469 Omnia diuino digna Marone ionas.
139 464 694 495 Seu Bacchi numeros, ſeu ruſtica carmina pangis,
1 473 52 509 i
172 494 591 525 Gratia Ronſardi ſemper in oro ſedet.
141 523 736 560 Parua loquor. iam tota tuum, iam Francia Francum
172 553 630 584 Læta ſonat, Francum Gallia tota canit.
140 581 720 618 Heic quoque & ipſa canit flaui te Tibridis vnda
1 614 51 649 e
171 612 611 640 Franciados reſonat fama ſuperba tuæ.
138 639 723 676 Ergo age, dum citharam pulcer tibi tendit Apollo,
172 670 668 705 Dumque tuis adſunt Numina carminibus;
140 697 763 732 Scribe, aude; atque aliquid iam tandem Gallia iactet,
172 730 578 758 Græcia cui cedat, cedat & Auſonia.
378 761 616 788 Patria deſiderium.
139 788 635 825 Quicumque ignotis lentus terit otia terris,
172 819 646 851 Et vagus externo quærit in orbe domum,
142 849 771 883 Quem non dulcis amor, quem non reuocare parentes,
172 875 608 910 Nec potuit, ſi quid dulcius eſſe poteſt;
138 904 666 938 Ferreus eſt, dignuſq; olim cui matris ab aluo
172 937 559 967 Hircanæ tigres voera præbuerint.
142 962 637 994 Non mihi ſaxea ſunt, duroue rigentia ferro
173 995 617 1027 Pectora nec tigris, nec fuit vrſa parens,
144 1028 618 1056 Vt dulci patriæ durus non tangar amore,
174 1053 653 1086 Torque procul menſes exul vt eſſe velim.
145 1081 737 1117 Quid namque exilium eſt aliud, quam ſidera nota,
170 1110 687 1147 Quam pattiam & proprios deſeruiſſe lareis?
734 1138 836 1210 an
