872 1312
308 73 520 95 BELAII.
69 105 597 137 Annua ter rapidi circum acta eſt orbita Solis,
104 142 530 172 Ex quo tam longas cogor inire vias
73 170 596 202 Ignotisque procul peregrinus degere tectis,
104 202 532 231 Et Lyrii tantum vix meminiſſe mei;
69 231 519 260 Atq; alios ritus, alioſq; ediſſere mores,
103 261 547 291 Fingere & inſolito verba aliena ſono.
69 291 540 320 At quid Romanâ, dices, ſpecioſius aulâ,
106 320 562 350 Aut quiſnam toto pulcrior orbe locus?
68 351 634 380 Roma orbis patria eſt, quiq; altæ mœnia Romæ
105 380 516 408 Incolit, in proprio degit & ille ſolo.
69 405 647 444 Forſan & eſt Romæ, quod non contingere cuiuis
107 439 556 467 Heic ſolet externo viuere dulce mihi:
69 469 608 498 Eſt cui purpurei patruus pars magea Senatus,
103 498 602 527 Atq; idem Aonii pars quoq, magna chori,
69 526 627 558 IQui noſtras ornetq; bonus foueatq; Camœnas,
95 557 493 585 Arceat a noſtro pauperiemq, lare.
69 585 628 615 At quoties ſtudia antiqua, anquoſque ſodales,
107 615 545 638 Et memini caram deſeruiſſe domum,
69 644 660 675 Quondam vbi ſollicitas terſarum temnere gaas.
107 675 504 704 Et felix paruo viuere doctus eram:
69 703 529 733 Ipſa mihi patriæ toties occurrit imago,
107 733 532 763 Et toties curis torqueor vſque nouis.
69 761 627 792 Vtque nihil deſit, nobis tamen omnia deſunt;
106 792 545 815 Dum miſeris noto non licet orbe frui.
69 822 591 852 Nec Ligeris ripas, ſaltus, ſiluaſque comantes
69 852 543 882 u Cernere, Andini pinguia culta ſoli;
78 881 628 912 Quæ lacte & Baiccho, flauentis & vbere campi,
105 912 498 941 Antiquæ certant laudibus Italiæ.
69 941 542 969 Aſt Ithacus, licet ipſa foret Laertia tellus
107 970 564 995 Et Bacchi, Cereris muneribus ſterilis,
69 998 619 1029 In patriam rediit; reditum nec pulcra Calypſo,
109 1030 538 1057 Nec pulcra Alcinoi detinuit ſoboles.
78 1059 562 1087 Felix qui mores multorum vidit & vrbes,
107 1087 539 1118 Sedibus & potuit conſenuiſſe ſuis.
69 1112 635 1149 Ortus quæqueſuosqupiunt, externa placentque
698 1150 752 1172 Pau-
