872 1312
271 56 563 83 IOACHIMI
123 60 170 85 o
152 92 605 123 Pauca dlu; repetunt & ſualuſtra feræ.
124 121 649 153 Quando erit vt notæ fumantia culmina villæ,
153 152 556 182 Et videam regni iugera parua mei?
124 177 675 211 Non ſeptemgemini tangunt mea pectora colles,
1 199 50 212 II
1 213 37 226 II
154 212 608 241 Nec retinet ſenſus Tibridis vnda meos.
124 239 760 264 Non mihi ſunt cutdi veterum monumenta Ouiritum
156 270 602 299 Nec ſtatuæ, nec me picta tabella iuuat.
124 300 682 329 Non mihi Laurentes Nymphæ, Siluæq; virentes,
154 328 693 357 Nec mihi, quæ quondam, florida rura placent.
124 357 649 387 Ipſæ etiam, quæ me primis docuere ſub annis
2 375 36 401 l
162 387 620 415 Ad citharam patrio flectere verba ſono,
125 416 666 447 Heu, fugiunt Muſæ, refugitq; aduerſus Apollo;
156 447 605 476 E fugunt digitos mollia plectra meos.
125 475 618 503 Aulica dum noitros geſtaret turba libellos,
156 504 615 527 Et tereret manibus carmina noſtra ſuis:
125 533 663 563 Dumq; meos Regis ſoror, illa, illa inclita vigro
159 563 560 589 Adſlaret ſancto numine verſiculos,
128 592 599 622 Margaris inuicti Regis ſoror, aurea virtus
157 620 570 652 Imter mortales cui dedit eſſe Deam:
127 651 663 679 Tune licuittotum fœcundo pectore Phbum
159 682 606 711 Coucipere, & pleno pandere vela ſinu.
129 711 633 737 Nunc miſeri ignotis cæci iactamur in vndis,
160 739 596 765 Credimus & Latio lintea noſtra freto.
130 769 679 798 Hoc Latium poſcit, Romanæ hæc debita lingua
162 798 651 827 Eſt opera; huc Genius compulit ipſeloci.
130 829 659 858 Sic teneri quondam vates præceptor Amoris,
162 858 638 888 Dum procul apatriis finibus exul agit,
130 888 650 916 Bavbara nec pudui, Latiis prlata Camœnis
163 917 696 947 Carmira non propriam condidit ad citharam.
131 946 680 977 Carmina Principibus, gaudent, plauſuq; theatri:
162 976 595 1006 Qiq; tlacet paucis, diſplicet ipſe ſibi.
224 1006 711 1036 Veronis in fontem ſui nominis, ad Iac, Spiſfamium
372 1036 561 1065 Epiſ. Niuernen.
133 1065 622 1098 Veronâ genitrice olim, Nhœboqs parente,
162 1094 567 1126 Benaciad ripas eaui
664 1117 827 1153 Nympha
