872 1312
296 51 479 72 RELLAI
690 47 741 76 o
31 82 589 120 Nympha decus Latii, quâ non formoſior vlla
99 119 538 147 Formoſas viſa eſt inter Hamadryadas.
32 149 580 184 Veronis mihi nomen erat : Veronidis ardor
102 180 493 210 Silueſtres vrſit caprideſque Deos:
34 209 585 237 Quos tamen eluſi connubia noſtra petentes;
1 237 523 267 Nec mea laſciuus pectora læſit amor.
31 268 624 304 Nam mihi virginei placuit laus vna pudoris,
103 299 506 329 Solaq; quam colui caſta Diana fuit.
30 323 594 363 Multa meis iaculis præda eſt deiecta, meumq;
104 358 588 388 Inſcriptum ſpoliis robora nomen habent.
34 381 590 422 Sed dum forte ſequor ccleris veſtigia cervæ,
105 419 577 449 Dumq; lenis crineis ventilat aura tmeos,
35 439 578 482 Me pater adſpexit vitreo Benacus ab antro:
104 478 531 507 Continuo flammis incaluitq; nouis.
35 502 623 541 Ergo Deus viſamq; cupit, ſquiturq; cupitam:
107 537 505 566 Præcipiti fugio nota per arua pede.
31 557 664 595 Non amnes, monteſq; fugam, non ſaxa morantur:
103 596 508 624 Tardius neruo miſſa ſagitta volat.
35 625 680 654 Nec minus ille volat. magnum eſt certemen vtrinqi
107 655 592 685 Me timor, aſt illum ſeruidus vrget amor.
35 678 728 722 Quem fugis? ah demens. ſæuum ſic cerua Leonem,
106 713 550 745 Crudelem mitis ſic fugit agna lupum.
36 737 612 776 Non ego cornigeri natus de ſanguine Fauni,
106 774 549 804 Nec ſum laſciuo de grege cpripedum.
29 802 681 832 Me quondam Heſperiis genuit pater Hadria campis,
108 833 597 863 Cui Thetys genitrix, Oceanuſque parens.
38 854 696 892 Hunc tibi do ſocerum. non eſt leue numen aquarum?
106 894 511 922 Benacus coniux nec tii turpis erit.
39 921 571 958 Sic ait & rapidis præceps volat ocyor Euris:
107 951 539 981 Effugio celeri per iuga ſumma gradu.
40 982 581 1016 Iamq; per aerios colleis, campoſq; patentes
107 1012 491 1033 Ventum vndoſi littus ad Eridani.
1 1030 577 1071 Tum mihi decurrit toto de corpore ſudor,
109 1072 639 1101 Soiritus & grauior tum mihi membra quatit.
78 1101 711 1133 Et iam iamque magis feſſam premit improbus hoſtis;
498 1135 742 1161 Cc Iamq
