872 1312
296 48 479 72 RELLAI
69 82 589 120 Nympha decus Latii, quâ non formoſior vlla
99 119 538 147 Formoſas viſa eſt inter Hamadryadas.
69 149 580 183 Veronis mihi nomen erat : Veronidis ardor
102 180 493 210 Silueſtres vrſit caprideſque Deos:
69 209 585 237 Quos tamen eluſi connubia noſtra petentes;
69 239 523 267 Nec mea laſciuus pectora læſit amor.
69 268 584 304 Nam mihi virginei placuit laus vna pudoris,
103 299 506 329 Solaq; quam colui caſta Diana fuit.
69 324 594 359 Multa meis iaculis præda eſt deiecta, meumq;
104 358 588 388 Inſcriptum ſpoliis robora nomen habent.
69 387 590 419 Sed dum forte ſequor ccleris veſtigia cervæ,
105 419 577 449 Dumq; lenis crineis ventilat aura tmeos,
69 446 578 479 Me pater adſpexit vitreo Benacus ab antro:
104 478 531 507 Continuo flammis incaluitq; nouis.
69 502 623 541 Ergo Deus viſamq; cupit, ſquiturq; cupitam:
107 537 505 566 Præcipiti fugio nota per arua pede.
69 560 664 595 Non amnes, monteſq; fugam, non ſaxa morantur:
103 596 508 624 Tardius neruo miſſa ſagitta volat.
69 624 680 654 Nec minus ille volat. magnum eſt certemen vtrinqi
107 655 592 685 Me timor, aſt illum ſeruidus vrget amor.
69 678 680 721 Quem fugis? ah demens. ſæuum ſic cerua Leonem,
106 713 550 745 Crudelem mitis ſic fugit agna lupum.
69 739 612 776 Non ego cornigeri natus de ſanguine Fauni,
106 774 549 804 Nec ſum laſciuo de grege cpripedum.
69 802 681 832 Me quondam Heſperiis genuit pater Hadria campis,
108 833 597 863 Cui Thetys genitrix, Oceanuſque parens.
69 856 696 892 Hunc tibi do ſocerum. non eſt leue numen aquarum?
106 894 511 922 Benacus coniux nec tii turpis erit.
69 921 571 952 Sic ait & rapidis præceps volat ocyor Euris:
107 951 539 981 Effugio celeri per iuga ſumma gradu.
69 982 581 1016 Iamq; per aerios colleis, campoſq; patentes
107 1012 491 1033 Ventum vndoſi littus ad Eridani.
69 1037 577 1071 Tum mihi decurrit toto de corpore ſudor,
109 1072 639 1101 Soiritus & grauior tum mihi membra quatit.
78 1101 711 1133 Et iam iamque magis feſſam premit improbus hoſtis;
663 1135 742 1161 Cc Iamq
