872 1312
354 74 574 97 IOACIMI
172 111 636 140 Iamq; meas adflat proximus ore comas,
140 140 585 170 Virginis miſerere tuæ, Latonia virgo,
174 169 620 200 Si colui numen Nympha pudica tuum,
142 198 646 228 Vix ea ſinieram; totumq; liqueſcere corpus
174 229 648 258 Cæpit, & ex Nymphâ,lympha repente fui.
144 256 630 288 Me tamen ille capit, votoq; potitus inani
174 287 655 317 Stringit: at ex manibus protinus effugio:
144 316 628 344 n venaſq; ab eo magnæ per viſcera terræ.
173 344 582 367 Luſit amatorem ſic Arethuſa ſuum.
144 372 674 404 Non tamen effugies dixit, liquiduſq; repent.
174 402 656 433 Perſequitur noſtram ſævus vt ante fugam:
143 432 698 461 Sed grauior, curſumq; trahens maioribus vndis
175 461 554 489 Inuitus fontes reppetit ipſe fuos.
145 490 645 516 Nec minus interea, vireis timor addit eunti
176 519 605 548 Sub terram celerilabimur vnda pede.
145 548 661 579 Ouaq; licet, patrios tuto iam tramite campos
176 578 605 604 Linquimus & Latii rura inimica ſoli:
144 606 744 638 Linquimus Allobrogum montes, Alpeiſq; niuoſas,
177 636 616 666 Tangimus & fines, Gallia pulcra, tuos.
144 665 659 696 Finibus & Senonum feſſæ requieuimus illic,
176 694 571 726 Illic tam longæ meta reperta fugæ.
144 724 622 754 Paruus erat molli deiectus tramite clivus,
176 752 619 782 Hunc ſubter viridi gramine floret ager.
144 781 587 813 Illic herboſo paulatim ceſpite campus
177 812 661 841 In tumulum ſurgit. hac via aperta mihi eſt.
146 840 663 868 Hinc novus egredior ſalientis rivulus vndæ:
178 870 622 901 Heic cælum nobis contigit atq; ſolum.
146 900 661 928 Quem mirere magis: late porrectus in orbem
177 929 686 960 Fons ſcatet, atq; imo vortice torquet aquas.
146 957 633 988 Hinc furit emiſſus ſinuoſo e gurgite rivus,
176 986 561 1018 Limoſuſq; fluit, dura q; ſaxa creat
146 1015 669 1045 Dura ſilex Cererem rapido demittit ab orbe;
179 1046 692 1075 Quodq; opus eſt amnis, fontis & illud opus.
147 1074 695 1106 Inde per herboſum trepidanti murmure collem
181 1104 655 1137 Noſtra ſuum timid lmpha recurrit iter;
763 1130 830 1169 At
