872 1312
298 70 483 93 BELLAII.
693 77 740 99 qo
37 107 654 138 Atque iterum liquido ſub terram mergitur amne:
103 139 563 167 Nunc quoq; virginei cura pudoris ineſt.
37 167 586 204 Aureus eſt fundus nobis, argentea lympha:
110 198 557 227 Purpureo circum flore renidet humus.
36 218 586 263 Et circum, in viridi crepitantis margine rivi,
63 257 529 280 Intexunt denſas lenta ſalicta comas.
37 276 706 315 Heic volucres liquidas mulcent concentibus auras?
111 316 643 347 Heic faciunt ſomnos murmura blanda leueis.
38 347 590 375 Heic cantant niuei per prata recentia cygni,
112 375 560 405 Hinc paſti referunt vbera tenta greges.
37 395 597 440 Pacciades Nymphæ, Satyri, Dryadeſq; puellæ
112 435 609 465 Heic agitant lætos nocte ſilente choros.
37 462 559 494 Alternisq; canunt diuini fontis honores,
112 493 554 523 Spiffamiq; ſui nomen in aſtra ferunt;
37 514 688 556 Qui pecus immundum noſtris procul arcet ab vndis,
112 553 530 575 Et ſacri fontis me iubet eſſe Deam.
199 584 634 612 Ad lllutri. Principem ard. Lotharingum.
1 608 660 641 Quod cunctis natura dedit, quod numina & aſtra,
115 641 628 670 Quod fortuna potens; Carole, ſolus habes.
35 664 663 701 Ingenium, formam, eloquium, floremq; iuuentæ.
114 701 585 729 Virtutem,atq; animo præmia digna tuo;
36 719 660 758 Maxima quæ vt nunc ſint, olim ſunt parua futura,
113 759 534 782 His docti accedat in manus artificis.
83 785 646 818 Hoc tibi non marmor, non æs, non picta tabella,
115 818 559 847 Catole; ſola tibi ſed dare Muſa poteſt.
38 835 684 877 Hanc quuoq; non aurovaleant & munera & aurum
83 877 483 906 Sed ſclo nutu coniriare potes.
39 903 590 938 Ipſe licer nols, funſ;, & id vſq; recuſes,
113 937 598 967 Vel licot ipſe vet ie tamen ille canet.
35 959 649 998 Te tammo illa canet. nam ſi vna eſt inlita virtus
114 995 501 1025 Mate: . es Muſis & ſeges ingeniis;
41 1024 648 1052 Quem potius celebrent vates, ſi carmine famam,
113 1054 616 1085 Quærere, ſi magnum quid ceciniſſe velint?
43 1082 610 1115 Sed nec te officium paruæ contemnere Muſæ
115 1112 606 1145 Credideim,aut Phœbum diſplicuiſſe tibi.
712 1144 753 1170 Hic
471 1147 550 1172 Cc
