872 1312
354 57 571 80 IOACHIMI
130 93 663 123 Hic animos deceat contemptus forte feroces,
162 123 663 155 Quos flammæ & cædes ſolaq; bella iuuant.
130 151 635 182 At tibi nec durum cingit præcordia ferrum,
162 180 599 213 Nec riget in tenero pectore dura ſilex.
129 210 711 241 Sed mite ingenium, placidæ ſed frontis honorem
164 240 595 271 Ipſe tibi Phœbus, Pallas & ipſe dedit.
132 268 636 301 Pierides multi laudantq; fouentq; ſorores,
165 300 604 324 Sit tamen hæc vt laus ambitioſa nimis.
133 327 736 360 Nam nec amant vere, nec poſſunt;cum Venus his ſit
165 359 586 389 Pallas, ſit ſtudium deſidioſus Amor.
133 387 623 420 Indoctos ſed enim vulgus ne iudicet illos,
165 420 556 441 Indocti doctos ſcilicet arte colunt.
136 446 643 474 u doclos ſtudioſus amas, dotiſſimus ipſe,
165 476 624 511 Quæq; adeo laudas, carmina docta facis.
136 506 640 536 Nec quia ſis ſolitus tantos perferre laboes,
167 536 586 566 Publica dum regni munia ſolus obis,
137 564 709 596 Diſplicet hoc ſtudium, placuit quod regibus olim,
168 595 627 626 Vel quibus imperium totius orbis erat.
136 622 700 656 Et meritb. nam quid Muſis eſt dnlcius? aut quid
168 655 608 684 Dignius eſt ſummi principis ingenio?
136 682 657 714 Cætera qu vacuos teneent, conuinia, luſus,
168 713 654 743 Et Venus, & ſi quid blandius eſle poteſt;
137 740 712 772 Vt damno adficiunt vires, aciemque retundunt
169 775 629 803 Ingenii, & canos ante diem accelerant:
139 804 671 833 Sic ſubito intereunt, vix vt guſtaueris; & quæ
170 833 594 862 Res placuit iuueni, deſplicet illa ſeni,
139 862 654 891 At nec damnoſa eſt Muſæ iucunda voluptas,
172 891 686 921 Nec comes hac luctus, ſabſequiturve dolor.
138 921 660 950 Sed leuat in rebus duris, ornatque ſecundis;
171 951 608 980 Vtq; decet iuuenes, ſic iuut illa ienes.
140 980 671 1010 Adde, quod his Virtus volat ad ſidera pennis,
173 1010 643 1039 Et fugiunt Styvgias carmina ſola domos
140 1040 643 1070 Ipſe quidem poſſis Pario de marmore tecta.
171 1069 643 1098 Exſtrucre, & priſcas tollere Pvramides:
141 1097 629 1129 Et ſtatuas Romæ veteres, & ponero ſiga
724 1126 801 1160 ſ
