<?xml version="1.0" encoding="UTF-8" standalone="no"?><PcGts xmlns="http://schema.primaresearch.org/PAGE/gts/pagecontent/2019-07-15" xmlns:xsi="http://www.w3.org/2001/XMLSchema-instance" xsi:schemaLocation="http://schema.primaresearch.org/PAGE/gts/pagecontent/2019-07-15 http://schema.primaresearch.org/PAGE/gts/pagecontent/2019-07-15/pagecontent.xsd"><Metadata><Creator/><Created>2022-04-08T12:31:17</Created><LastChange>1970-01-01T00:00:00</LastChange><Comments/></Metadata><Page imageFilename="0438.png" imageHeight="1312" imageWidth="872"><TextRegion id="r1" orientation="0.0" type="paragraph"><Coords points="1,1 870,1 870,1310 1,1310"/><TextLine id="l1"><Coords points="495,53 433,53 307,53 308,64 308,75 495,75"/><TextEquiv><Unicode/></TextEquiv><TextEquiv index="1"><Unicode>LA</Unicode></TextEquiv></TextLine><TextLine id="l2"><Coords points="597,88 120,88 119,93 102,93 102,120 597,120"/><TextEquiv><Unicode/></TextEquiv><TextEquiv index="1"><Unicode>Quaſq; tui oſtendunt antra Medonis opes,</Unicode></TextEquiv></TextLine><TextLine id="l3"><Coords points="651,117 635,123 85,121 69,118 69,151 104,151 106,149 651,151"/><TextEquiv><Unicode/></TextEquiv><TextEquiv index="1"><Unicode>Quæ, tua quæ ferit quondam fortuna, tacendo</Unicode></TextEquiv></TextLine><TextLine id="l4"><Coords points="579,152 408,152 248,150 105,151 105,178 389,181 579,181"/><TextEquiv><Unicode/></TextEquiv><TextEquiv index="1"><Unicode>Prodent, ſortis erunt &amp; monumenta tuæ.</Unicode></TextEquiv></TextLine><TextLine id="l5"><Coords points="69,208 157,208 228,210 561,211 581,212 587,215 596,215 602,217 641,217 641,177 626,177 619,181 609,182 145,180 100,179 88,177 69,176"/><TextEquiv><Unicode/></TextEquiv><TextEquiv index="1"><Unicode>Forte tuos etiam oſtendent de marmore vultus,</Unicode></TextEquiv></TextLine><TextLine id="l6"><Coords points="172,239 547,240 547,212 107,210 107,239 121,241 168,241"/><TextEquiv><Unicode/></TextEquiv><TextEquiv index="1"><Unicode>Quiq; tui fuerit frontis &amp; oris honos,</Unicode></TextEquiv></TextLine><TextLine id="l7"><Coords points="68,266 73,266 80,271 86,271 92,267 403,270 584,270 584,241 553,242 172,240 168,242 121,242 97,239 69,238"/><TextEquiv><Unicode/></TextEquiv><TextEquiv index="1"><Unicode>At non ingenii dotes, mentiſque loquentur</Unicode></TextEquiv></TextLine><TextLine id="l8"><Coords points="549,271 535,270 403,271 271,269 104,269 104,293 549,293"/><TextEquiv><Unicode/></TextEquiv><TextEquiv index="1"><Unicode>Lumina, &amp; æternis æmula facta Deis.</Unicode></TextEquiv></TextLine><TextLine id="l9"><Coords points="573,299 557,301 117,299 105,297 69,296 69,326 573,326"/><TextEquiv><Unicode/></TextEquiv><TextEquiv index="1"><Unicode>Hoc ſoli præſtare valenttibi, Carole, vates:</Unicode></TextEquiv></TextLine><TextLine id="l10"><Coords points="509,330 275,330 252,328 185,329 117,327 69,327 69,353 121,357 509,357"/><TextEquiv><Unicode/></TextEquiv><TextEquiv index="1"><Unicode>Hac tibi tu ſoſâ voce ſuperſtes eris.</Unicode></TextEquiv></TextLine><TextLine id="l11"><Coords points="695,355 553,355 543,358 514,360 201,359 69,355 69,385 92,385 98,389 154,389 166,387 395,389 695,389"/><TextEquiv><Unicode/></TextEquiv><TextEquiv index="1"><Unicode>Non opus hoc, imbres, ventoſque, igneſq;, Iouemq,</Unicode></TextEquiv></TextLine><TextLine id="l12"><Coords points="526,390 156,389 106,390 106,416 526,417"/><TextEquiv><Unicode/></TextEquiv><TextEquiv index="1"><Unicode>Nec timet annoſi ſecula longa ſenis.</Unicode></TextEquiv></TextLine><TextLine id="l13"><Coords points="558,419 336,420 236,417 69,417 69,448 90,448 99,446 152,446 202,448 558,448"/><TextEquiv><Unicode/></TextEquiv><TextEquiv index="1"><Unicode>Sed vires, vt Fama recens, adquirit eundo,</Unicode></TextEquiv></TextLine><TextLine id="l14"><Coords points="493,449 390,450 103,447 103,475 493,475"/><TextEquiv><Unicode/></TextEquiv><TextEquiv index="1"><Unicode>Atq; ſuâ ſemper mobilitate viget.</Unicode></TextEquiv></TextLine><TextLine id="l15"><Coords points="651,474 537,473 523,478 514,479 128,477 94,476 87,474 69,473 69,504 483,508 501,507 540,509 651,510"/><TextEquiv><Unicode/></TextEquiv><TextEquiv index="1"><Unicode>Fitq; vetus tandem ſanctumq; ſacrumq; poema;</Unicode></TextEquiv></TextLine><TextLine id="l16"><Coords points="577,510 501,508 483,509 339,507 104,507 104,535 577,536"/><TextEquiv><Unicode/></TextEquiv><TextEquiv index="1"><Unicode>Mæonidæ quale eſt, quale Maronis opus.</Unicode></TextEquiv></TextLine><TextLine id="l17"><Coords points="589,539 69,535 69,565 71,565 589,567"/><TextEquiv><Unicode/></TextEquiv><TextEquiv index="1"><Unicode>Omnibus eſſe ferunt diuinæ ſemina mentis,</Unicode></TextEquiv></TextLine><TextLine id="l18"><Coords points="542,568 105,566 105,593 118,595 542,596"/><TextEquiv><Unicode/></TextEquiv><TextEquiv index="1"><Unicode>Atq; ex æthereis ignibus eſſe animas.</Unicode></TextEquiv></TextLine><TextLine id="l19"><Coords points="593,595 567,597 69,595 69,621 73,621 175,624 232,623 309,625 593,625"/><TextEquiv><Unicode/></TextEquiv><TextEquiv index="1"><Unicode>Hinc virtutis amor, pulcrique innata cupido</Unicode></TextEquiv></TextLine><TextLine id="l20"><Coords points="620,626 109,625 109,649 620,649"/><TextEquiv><Unicode/></TextEquiv><TextEquiv index="1"><Unicode>Omnibus; hinc animis tantus honoris amor.</Unicode></TextEquiv></TextLine><TextLine id="l21"><Coords points="646,656 300,656 121,654 118,657 78,657 69,656 69,681 100,681 133,683 288,683 322,685 429,686 590,685 616,686 623,688 646,688"/><TextEquiv><Unicode/></TextEquiv><TextEquiv index="1"><Unicode>Sed Dium vt propis contingunt umina reges,</Unicode></TextEquiv></TextLine><TextLine id="l22"><Coords points="590,686 429,687 322,686 288,684 105,684 105,711 110,712 215,712 266,714 591,714"/><TextEquiv><Unicode/></TextEquiv><TextEquiv index="1"><Unicode>Progeniem magni quos Iouis eſſe ferunt;</Unicode></TextEquiv></TextLine><TextLine id="l23"><Coords points="651,710 644,710 641,713 634,716 266,715 215,713 135,714 69,711 69,740 376,744 576,744 580,746 651,746"/><TextEquiv><Unicode/></TextEquiv><TextEquiv index="1"><Unicode>Præcipuum quendam ſic famæ &amp; laudis amorem</Unicode></TextEquiv></TextLine><TextLine id="l24"><Coords points="540,745 376,745 108,742 108,770 117,771 278,773 540,773"/><TextEquiv><Unicode/></TextEquiv><TextEquiv index="1"><Unicode>Principibus magnis Iupiter ingenuit.</Unicode></TextEquiv></TextLine><TextLine id="l25"><Coords points="739,772 578,772 569,774 519,775 77,772 72,776 69,775 69,800 80,800 142,800 172,802 739,802"/><TextEquiv><Unicode/></TextEquiv><TextEquiv index="1"><Unicode>Laus ſua quemque trahit: nec tam vlla eſt harbara virtus</Unicode></TextEquiv></TextLine><TextLine id="l26"><Coords points="581,805 280,804 108,801 108,829 119,830 581,830"/><TextEquiv><Unicode/></TextEquiv><TextEquiv index="1"><Unicode>Cui ſua non placeat carmine facta cani.</Unicode></TextEquiv></TextLine><TextLine id="l27"><Coords points="585,835 267,833 225,831 119,831 94,829 69,828 69,857 170,860 585,860"/><TextEquiv><Unicode/></TextEquiv><TextEquiv index="1"><Unicode>Magnus Alexander quanti te fecit, Homere,</Unicode></TextEquiv></TextLine><TextLine id="l28"><Coords points="557,865 547,864 105,860 105,885 557,885"/><TextEquiv><Unicode/></TextEquiv><TextEquiv index="1"><Unicode>Teſtatus ſatis eſt acidæ ad tumulum.</Unicode></TextEquiv></TextLine><TextLine id="l29"><Coords points="582,894 272,893 231,891 69,889 69,922 76,922 81,919 239,920 305,922 582,922"/><TextEquiv><Unicode/></TextEquiv><TextEquiv index="1"><Unicode>Scipiadæ ipſe ſuo quam iunctus vixerit olim</Unicode></TextEquiv></TextLine><TextLine id="l30"><Coords points="607,925 597,924 106,921 106,948 158,948 196,950 331,950 368,952 607,953"/><TextEquiv><Unicode/></TextEquiv><TextEquiv index="1"><Unicode>Ennius; amborum iuncta ſepulcra docent</Unicode></TextEquiv></TextLine><TextLine id="l31"><Coords points="611,954 368,953 331,951 246,950 196,951 158,949 77,950 69,949 69,977 155,977 375,981 611,981"/><TextEquiv><Unicode/></TextEquiv><TextEquiv index="1"><Unicode>Auguſto magnuſq; Maro, numeroſaq; Flacci</Unicode></TextEquiv></TextLine><TextLine id="l32"><Coords points="578,984 280,981 220,979 105,979 105,1006 113,1007 177,1007 278,1010 578,1011"/><TextEquiv><Unicode/></TextEquiv><TextEquiv index="1"><Unicode>QuAm dilecta chelys, teſtis vterq; probat.</Unicode></TextEquiv></TextLine><TextLine id="l33"><Coords points="666,1008 621,1008 616,1011 602,1013 442,1013 401,1011 278,1011 177,1008 69,1007 69,1038 84,1037 260,1038 401,1041 666,1041"/><TextEquiv><Unicode/></TextEquiv><TextEquiv index="1"><Unicode>Quid ſpolia, &amp; prædam Muſis ſacraſſe, quid iiſdem</Unicode></TextEquiv></TextLine><TextLine id="l34"><Coords points="595,1044 577,1043 519,1043 509,1041 401,1042 260,1039 107,1038 107,1064 595,1065"/><TextEquiv><Unicode/></TextEquiv><TextEquiv index="1"><Unicode>Antiquos memorem thura dediſſeDuces:</Unicode></TextEquiv></TextLine><TextLine id="l35"><Coords points="633,1071 627,1073 518,1073 230,1069 148,1067 130,1065 69,1064 69,1101 88,1101 92,1097 98,1095 122,1094 222,1094 271,1098 343,1098 373,1100 465,1099 502,1101 633,1102"/><TextEquiv><Unicode/></TextEquiv><TextEquiv index="1"><Unicode>Quid Siculos memorem reges, partaſq; corones,</Unicode></TextEquiv></TextLine><TextLine id="l36"><Coords points="571,1102 502,1102 465,1100 373,1101 343,1099 271,1099 255,1097 94,1097 88,1102 69,1103 69,1130 571,1130"/><TextEquiv><Unicode/></TextEquiv><TextEquiv index="1"><Unicode>Emptaq; Thebanæ carmina docta lyræi</Unicode></TextEquiv></TextLine><TextLine id="l37"><Coords points="684,1131 684,1156 741,1156 741,1131"/><TextEquiv><Unicode/></TextEquiv><TextEquiv index="1"><Unicode>Hins</Unicode></TextEquiv></TextLine><TextEquiv><Unicode/></TextEquiv></TextRegion></Page></PcGts>