872 1312
308 53 495 75 LA
703 55 741 84 4
102 88 597 120 Quaſq; tui oſtendunt antra Medonis opes,
36 110 651 151 Quæ, tua quæ ferit quondam fortuna, tacendo
105 150 579 181 Prodent, ſortis erunt & monumenta tuæ.
37 168 641 218 Forte tuos etiam oſtendent de marmore vultus,
107 210 547 241 Quiq; tui fuerit frontis & oris honos,
38 238 584 273 At non ingenii dotes, mentiſque loquentur
104 269 549 293 Lumina, & æternis æmula facta Deis.
38 289 573 326 Hoc ſoli præſtare valenttibi, Carole, vates:
1 325 509 357 Hac tibi tu ſoſâ voce ſuperſtes eris.
39 355 695 389 Non opus hoc, imbres, ventoſque, igneſq;, Iouemq,
106 389 526 417 Nec timet annoſi ſecula longa ſenis.
40 417 558 448 Sed vires, vt Fama recens, adquirit eundo,
103 447 493 475 Atq; ſuâ ſemper mobilitate viget.
40 469 651 510 Fitq; vetus tandem ſanctumq; ſacrumq; poema;
104 507 577 536 Mæonidæ quale eſt, quale Maronis opus.
40 535 589 567 Omnibus eſſe ferunt diuinæ ſemina mentis,
105 566 542 596 Atq; ex æthereis ignibus eſſe animas.
40 595 593 625 Hinc virtutis amor, pulcrique innata cupido
109 625 620 649 Omnibus; hinc animis tantus honoris amor.
40 654 646 688 Sed Dium vt propis contingunt umina reges,
105 684 591 714 Progeniem magni quos Iouis eſſe ferunt;
41 702 651 746 Præcipuum quendam ſic famæ & laudis amorem
108 742 540 773 Principibus magnis Iupiter ingenuit.
1 747 48 773 t
43 772 739 802 Laus ſua quemque trahit: nec tam vlla eſt harbara virtus
108 801 581 830 Cui ſua non placeat carmine facta cani.
44 829 585 860 Magnus Alexander quanti te fecit, Homere,
105 860 557 885 Teſtatus ſatis eſt acidæ ad tumulum.
46 889 582 922 Scipiadæ ipſe ſuo quam iunctus vixerit olim
106 921 607 953 Ennius; amborum iuncta ſepulcra docent
46 948 611 981 Auguſto magnuſq; Maro, numeroſaq; Flacci
105 979 578 1011 QuAm dilecta chelys, teſtis vterq; probat.
48 1008 666 1041 Quid ſpolia, & prædam Muſis ſacraſſe, quid iiſdem
107 1038 595 1065 Antiquos memorem thura dediſſeDuces:
48 1060 633 1102 Quid Siculos memorem reges, partaſq; corones,
51 1097 571 1130 Emptaq; Thebanæ carmina docta lyræi
684 1131 741 1156 Hins
