872 1312
318 77 570 113 IOACHIMI
125 88 170 108 4I2
123 115 674 146 Hinc adeo Lotarnga fuitquæ gloria vetra eſt
153 144 644 173 Et Phœbo & Muſis ſemper aperta domus.
125 173 614 204 Hac iter Henrici genitor ſibi fecit ad aſtra,
5 198 33 215 I
157 203 602 234 Dum profugas vindex aſſerit ille Deas.
832 231 870 260 u
125 232 627 265 Quos igitur virtute poteſt, & vincere factis,
832 260 870 289 u
157 262 587 291 Fac vincat princeps laudibus ingenii
126 292 546 322 Aurea ſi per nobis ſunt reddita ſecla,
156 319 636 350 Carole, & Auguſtus nune rediuivus adeſt,
129 352 626 380 Henricus melior cum Principe Mecænatis,
160 379 534 402 Te Mecœnatis iuſſerit eſſe loco.
128 408 579 437 Sis tu Mecœnas Muſis, ſit & ille poetis
158 437 594 468 Auguſtus, quod te conciliante poteſt.
130 468 642 495 Nec tibi defuerint Flacci, doctiq; Marones,
1 474 50 507 s.
159 496 608 527 Fortia qui Regis, qui tua facta canant.
131 524 733 556 Quod ſi hederas inter noſtras quoq; ſerpere lauros,
159 555 556 579 Et me inter vates iuſſeris eſſe tuos,
131 583 689 609 Et noſtræ cum hederis laurus te ſtante virebunt,
160 613 620 643 Et geminas frondeis Pyramis alta feret.
131 643 593 672 Ergo tuis faueas titulis, famæq; futuræ,
826 672 870 699 lu
163 673 531 695 Inuidiſſe tuis ne videare bonis.
132 701 612 733 Quod ſi nulla tui tangit te cura, nec ipſe
165 731 612 760 Curas quid de te fama loquatur anus:
132 761 581 791 At moueat ſaltem cari te gloria fratris,
164 790 552 819 Vnus qui nobis reſtituit patriam.
135 820 609 849 Quo duce diuiſi toto ſunt orbe Britanni,
163 849 676 879 Quo duce Guina ferox, quo Theauilla iaceſi.
132 878 634 905 At ne aliena putes tantum nos dicere facta,
134 906 743 937 Hæc tualaus, princeps, hæc quoque fama tua eſt.
132 937 737 965 Hæc quoq, fama tua eſt, quo ſunt hæc aulpice geſta:
163 967 579 996 Fac igitur fratris, fac tua facta legi,
135 996 680 1026 Nam nihil vt proprias laudes, fratriſq; moreris,
164 1026 625 1053 Sed patriæ tangat te modo ſolus honos.
133 1054 727 1083 Ad patriam hoc ſpectat: cuius vel maima laus eſt,
843 1081 870 1105 u
154 1083 546 1121 Illi quod patriæ contigiteſſe tuæ.
753 1115 821 1143 Vo-
