872 1312
364 102 582 125 IOACIMI
144 135 682 169 Vota Pali & Cereri iam ſoluite, ſoluite Baccho.
174 169 647 199 Pabula ſint igitur, ſegetes, vinetaq; læta;
144 197 680 230 Paſcua nec pecudes lædant, nec iacta volantes
144 228 633 258 Semina nec gemmas rodat laſciua capella
146 254 693 281 Vota Pali & Cereri iam ſoluite, ſoluite Baccho.
179 287 713 317 Nulla tegant herbæ noſlros aconita per agros,
147 317 666 347 Nullaq, per ſegetes ſterilis doinetur auena,
148 344 673 369 Dulcibus aut errans noceat Iabruſca racemis.
145 372 695 404 Vota Pali & Cereri iam ſoluite, ſoluite Baccho,
182 403 695 431 Graminibus Boreas, maturis frugius imber,
148 432 680 462 Vitibus hoſtis hiems; pratis aſt aura Fauoni,
149 461 664 492 Meſſibus & ſoles, Autumnus vitibus adſit.
152 488 696 515 ota Pali & Cereri iam ſoluite, ſoluite Baccho.
179 520 664 551 interea itriguas pratis immittite lymphas,
149 548 750 583 Veriite humum raſtris, Cereremq; abſcondite terâ,
148 581 618 610 Atq; acie ſalcis nimias compeſcite vites.
149 607 690 635 Vota Pali & cereri iam ſoluite, ſoluite Baccho.
177 631 770 668 Inde vbi tempus erit, congeſtum attollite gramenuu
149 667 720 698 In cumulum & ſtrictis ſegetem denſate maniplis;
148 699 643 728 Spumoſoq; lacu gtauidos calcate racemos?
148 725 676 752 Vota Pali & Cereri iam ſoluite, ſoluite Baccho.
178 755 723 788 Hinc ergo incipiant curuæ ſplendeſcere falces:
147 786 652 815 Iam nimio, iam plena ruent fœnilia fœno;
148 815 689 844 Horrea nec meſſes capient, nec cymbia muſta
148 844 676 874 Vota Pali, & Cereri iam ſoluite, ſoluite Bacho.
178 874 648 905 Luce ſacra, nec paſtor oues educat ouili,
151 906 700 933 Curuus aratra tenens nec tauros iungat arator;
147 934 641 957 Vinitor aut vites auſit cohibere fluentes.
146 962 668 987 Vota Pali & Cereri iam ſoluite. ſoluite Bacho
179 993 649 1022 Sed pars accenſo celebrate Palilia fœno.
148 1023 660 1052 Pas manibus geſtate piis Cereal papauer.
148 1054 642 1084 ars etioem capiti virides aptate coryimbos
147 1080 695 1115 Vota P i & rer am ſoiuiie, ſoluite Baccho.
169 1111 695 1146 Ocnic llt operat aii, Cererique, petriq
147 1141 636 1166 Vlurro ſi cua omnibus va,
760 1169 799 1194 Pra-
