872 1312
321 88 521 112 AVRATI.
93 125 611 157 Prata, arua, & vites ſacris luſtrare choreis.
94 155 639 182 Vota Pali & Cereri iam ſoluite, ſoluite Baccho.
121 185 587 216 Fundite bina Pali niuei carcheſia lactis,
93 215 659 246 Agna cadat Cereri, pinguis cadat hædus Iaccho.
91 244 588 278 Sic fatur: ſacriſq; Deûm de more peractis,
92 274 592 304 Thura dcdit, plenaq; aras veneratus acerrâ,
91 303 614 337 Luſtrauit ſocios, ſpargens ſluuialibus vndis.
325 338 477 365 Ad Lectorem.
92 361 556 398 Cum tot natorum, caſto ſociata cubili,
121 392 575 423 Muſa ſit ex nobis Galica facta natens;
90 422 543 453 Miraris Latiam ſic nos ardere puellam,
120 454 555 483 E. veteris, lector, rumpere iura tori?
90 482 668 521 Gaihea Muſa mihi eſt, fateor quod nupta marito;
122 513 575 545 Pro Dominâ colitat Muſa Latina mhi
83 538 582 574 Sie igitut, dices, præfertur adultera nuptæe?
119 572 607 603 Illa quidem bella eſt; ſed magis iſta plaee.
211 601 595 632 Ad Iſenricum ll. Rgem Criſiianii.
86 628 546 660 Eſſe dedit cunctis, ſolus qui dccitur eſſe,
118 660 526 688 Omnia qui ſolus fecit, & ex nihilo.
85 688 611 719 Illius hoc opus eſt, rerum cui ſumma poteſtas
117 717 574 747 Soli eſt, & ſummæ cui bonitatis honos.
83 748 658 781 Multorum magna eſt Henrice, potentia Regum
112 779 590 808 Magna quidem famâ, ſed ſit vt illa tamen
81 807 646 839 Aagna, tibi cedit, cedit cui quidquid in orbe eſt
114 837 528 870 Quiq;, minor ſolo cerneris eſſe Deo.
81 868 647 899 Omnipotens igitur cum ſit, qui cuncta creauit,
114 895 566 930 Quiq; ſuo claudit cuncta ſub imperio,
84 928 657 959 u, cui ſola Deus meta eſt, Rex maxime Regum
95 956 583 987 Fac quoq; & ipſe tuæ ſim bonitatis opus.
78 984 616 1016 Vt tua & in paruis magna illa potentia creſcat
91 1014 556 1046 Et facias aliquid, quod fuit ante nihil.
199 1048 638 1074 De Galliæ laudihu addAnnibalen aum.
76 1070 626 1107 Chara Dûm ſoboles, Phœbo chariſſime, Care,
105 1103 647 1139 Qem Charitum edocuit Pieridu q; chorus;
74 1131 606 1167 Quas :ibbippoo eertis peſoliet Gullaagaas?
686 1171 741 1193 Pr-
