872 1312
355 74 572 98 IOACIMI
169 109 628 145 Præmia quæ referet, magne poeta, tibi?
139 137 669 171 Tu dum cæruleis laudas permixta hyacinthis
170 170 550 199 Aurea ab æthereo lilia lapſa polo,
139 201 713 235 Sic proceres Gallos celebras, Regemq; potentem,
169 229 645 263 Vt iam ſit Superos, ſit minus eſſe Iouem.
140 254 713 293 Magna virm, frugumq; parens, Mauortia tellus,
172 288 584 320 Gallia ſie per te tollit ad aſtra caput;
141 316 656 351 Vt currus, turreſq; luas, Phrygioſq; Leones
171 344 671 378 Huic facile cedat magna Deûm genetrix.
141 373 615 408 Illa Iouis partu medias it celſa per vrbes;
174 403 556 438 Hæc viget Errici numine læta ſui.
143 432 627 468 Illa per Idæos pulſat caua tympana colles:
173 462 636 493 Hæc tonat ad ripas, Rhene ſuperbe, tuas.
143 490 629 521 Ilam ſemiuiri circumſtant vndique Galli:
176 518 698 552 Gallorum hanc ſequitur Martia turba virûm,
145 548 716 585 Cumq; Deûm matris lætam exſuperantia ſortem
175 579 620 612 Tot ſe ingens tollat Gallia nominibus,
148 608 659 637 Nulla tamen tantis maior de laudibus extat;
173 637 648 673 QuAm quod te vatem nacta ſit illa ſuum.
315 670 577 698 Ad Baſilium anchium.
146 696 674 725 Vere nouo vt tellus nectit de fronde corollas:
176 727 578 757 ſtate vt capiti ſpicea ſerta gerit,
147 756 690 790 Vt grauis Autumnus maturat in arbore poma,
177 787 594 815 Iris vt vmbrifero ſæpe colore micat:
149 815 622 847 Aurora vt gemmis diues, Pactolus arenis,
178 844 620 872 Sideribus cœlum, carminibuſq; Maro:
148 870 693 906 Sic tibi nam liceat pulcris componere pulcra
179 905 577 935 Ex vario cingit fore corona caput.
150 931 652 963 Sic tibi diues ager, pleno ſic copia cornu eſt,
181 965 608 988 Sic variat vultus læta Camœna tuos.
151 990 638 1023 Sic tua Erythræis ſplendeſcit Muſa lapillis
183 1022 633 1050 Sic tuus auriſluo cutrit ab amne liquor.
152 1052 636 1080 Sic ardet ſtellis, ſic fertur ad æthera cantu.
182 1080 580 1111 O Lanchi, ingenii vena beata tui.
156 1106 755 1144 Qucd ſi eadem haud facies, nec par ſit gratia formæ
738 1128 817 1167 Omni-
