872 1312
287 63 484 85 BELLAII.
113 99 575 129 Omnibus, hinc illis gratia maior ineſt.
69 183 616 221 Hac iuvat gemmas ſpectare, aurique fluenta,
108 218 587 249 Hac aſtra, & magni grande Maronis opus.
250 249 555 277 I immodecum vini potitoro.
69 273 592 307 Fauſte, tuam legi craſſum ferragine librum:
85 306 484 336 In toto libro nil niſi vina petis:
76 334 632 364 Nilniſi vina petis;ſolus tibi Bacchus in ore eſt,
106 363 527 392 Et ſolum potas ex Helicone merum.
69 392 658 427 Si tam venoſus, quam ſunt tua carmina, Fauſta es;
104 424 559 453 Carmina quæ ſcribis ſunt placitura diu.
227 454 579 485 In eum qui librum iſcripſerat, Iu-
346 485 427 506 uenilia.
69 502 565 544 Neſtoreus ſcribit iuuenilia carmina vates,
69 541 551 573 Macte animo: nam ſic incipis eſſe pius.
240 573 617 600 Libro, pro Dituro ſine nomine auctori
67 589 636 634 Iliber, i noſtrum, ſine nomine, nomen ad aſtra
67 629 627 653 Perfer, & ex noſtro nomine nomen habe.
67 655 590 689 Non tibi defuerit nomen, ſi nomine dignus:
105 688 555 717 Si minus, ignoto nomine tutus eris.
67 715 513 747 Ingenium vireſq; tibi dat regia virgo:
67 746 599 775 Quæ dedit ingenium, nomen & ipſa dabit,
216 777 592 804 In librum ſuum Gallicum, Triſtium,
42 804 553 838 Quem, Lector, tibi nune damus libellum,
56 834 466 863 Hic ſelliſque ſimul, ſimulq; mellis,
63 864 464 894 Permixtumq; ſalis refert ſaporem.
47 894 424 923 Sigratum quid erit tuo palato,
48 924 511 951 Hue conuiva veni: tibi hæc parata eſt
44 951 511 982 Cœna. ſin minus; hinc faceſſe, quæſo:
44 980 514 1015 Ad hanc te volui haud vocare cœnam,
260 1013 492 1035 Ad Laur. am baram,
54 1038 645 1069 Dum tenui paruam meditaris arundine Muſam,
56 1069 527 1101 Miraturq; tuos ruſtica turba modos;
56 1096 560 1128 Non Siculus paſtor molli concedit auenâ
671 1125 731 1165 Ipſs
