872 1312
317 74 569 99 IOACIIMI
151 110 575 144 Ipſe tibi cedit ſed Deus Arcadiæ.
831 139 868 176 ui
124 135 707 167 Dum tibi littoreas demulcent catmina Nymphas
156 168 573 196 Et reſonant cantu concaua ſaxa tuo;
126 195 623 229 Non tibi Synceri toto nota æquora concha,
157 225 577 254 Sed cedit Triton, Carpatiuſq; ſenex.
832 231 870 254 u
127 253 713 286 Dum ferus Anguipedum d ctat tibi prælia Mauors,
155 283 602 312 Et tonat ad numeros Iupiter ipſe tuos;
127 312 623 342 Non tibi Mæoides diuino carmine cedit,
157 342 549 372 Sed cedit victa pulcer Apollo lyri:
128 369 632 402 Cum tua ſint igitur ſiluis, pelagoq; poloque
163 400 647 432 Cognita tot magnis carmina Numinibus,
132 429 633 461 Laurenti, quæ digna ſatis te Laurea cingat.
164 458 676 490 Qui ſuperas homines, qui ſu eraſque Deos?
138 485 678 517 Scilicet es dignus frater cui Thracius Orpheus,
166 516 610 548 Sit genitor Phœbus, Calliope genitrix.
350 548 536 568 In malum Poetam.
137 573 713 607 Quod fronte obductâ, pulloq; incedat amictu
167 603 592 631 Mæuius, & crebros excutſiat gemitus;
138 632 654 660 Non caram vxorem, fratres, aut dulcia natos
172 661 666 693 Pignora nec matremnec gemit ille patrem.
139 690 617 720 Librorum exſequis interfuit ipſe ſuorum.
170 719 654 746 Hinc illæ lacrimæ Mæuio. & hinc gemitus
342 750 600 776 In libri cuiuſdam titulum.
140 777 712 809 Paulle, tuuminſcribis Nugarum nominelibrum:
825 785 869 813 i
173 809 520 833 In toto libro nil melius titulo.
301 836 633 864 In Francinam Io. Antonii ſBaifij.
146 867 644 897 Cedite, qui teneros Galli cantatis amores,
173 896 573 920 Cedite Baifio : cedere iuſſit Amor.
147 925 629 953 Slc ſoliti, rapidis parui torrentibus amnes,
180 954 643 985 Sic humilis magno cedere flamma rogo.
148 985 675 1014 Tuque adeo viridi qui cingis tempora myrto,
821 988 870 1008 l
177 1013 595 1042 Ronſarde, Aonii gloria prima chori,
148 1041 664 1073 Cede Deo: namq; ipſe Deus te cedere iuſſit,
176 1072 609 1101 Ou. iubet imperio cedere cuncta ſuo.
148 1099 659 1133 Quod ſi maiorem magnus iam ferre recuſas,
731 1106 869 1162 rq
