872 1312
301 68 495 97 BELIAI
61 103 516 140 Tequeuuat Diuis oppoſuiſſe Deos,
61 140 671 178 Eia age, perge tuum Francinæ opponere Francum,
98 168 516 197 Et pro Caſlandrâ Martia bella cane.
61 196 599 231 Sume tubam; ſat Muſa tibi præluſit amores:
97 231 553 258 Tu numero pugnas iam grauiore ſona.
60 255 684 289 Sic demum poteris magnum præſtare Maronem;
61 286 498 318 Sicedent lituo mollia plectra tuo.
61 318 551 348 At vos, qui teneros Galli cantatis amores,
60 346 487 375 Cedite Baiſio: cedere iuſſit Amor.
183 387 579 418 Deelinn Fananiiccuuſſi. Daii.
61 407 549 441 Pulcior vt Nemeſis culto dilecta Tbullo
96 445 531 475 Sueceſſit fammis, Delia pulcra, tuis:
61 472 537 505 Sic Francinatuum nuper cantata poetam
93 504 524 539 Pulcrior eripuis, pulcra Melina tibi.
61 529 534 566 Forſan & in veſtri ſerâ ſed morte Tbulli,
61 563 542 590 Dum feret ardentes cetera rurta faces,
61 588 557 622 Naſcetur pulcrum vobis certamen aoris:
61 621 494 652 Ogratum cineri funus, amice,tuo.
235 662 576 692 In turbam poetarum, Gallice ſcri-
317 695 405 714 ber tium.
54 710 598 758 Quam multi canibus generantur ſæpe catelli,
92 750 584 781 Quorum hic ſit matri oroxmus, le patr
53 779 499 808 Tam multos nuper fœtus enixa poeſis
91 809 544 840 Gallica, Phœbeo numin facta parens.
54 837 572 868 Verum ex tot natis, generoſi lemina partus
54 866 629 901 Forſan & hoc mirum eſt vnus & alter habet.
54 896 612 929 Quidſupereſt igitur nempevt contingat vtriſq;
91 926 629 958 Quod canibuſq; malis, quod canibuſq; bonis.
54 951 525 984 Hi bene curati tecto adſernantur herili:
54 984 467 1018 A coruis illi, vel rapiuntur aquis.
232 1022 543 1049 Pnſardo, vi Hleroica ſeribat.
54 1040 600 1080 Imbellem citharam paoſtor qua Dardanus olim
53 1077 583 1112 Formoſæ Veneris molle canebat opus,
54 1107 621 1139 Spreuit Alexander, citharamq: popoſc Acnillis,
670 1142 718 1164 Ma.
