872 1312
301 68 492 97 BELIAI
39 103 516 140 Tequeuuat Diuis oppoſuiſſe Deos,
39 140 671 182 Eia age, perge tuum Francinæ opponere Francum,
98 168 516 197 Et pro Caſlandrâ Martia bella cane.
40 189 599 231 Sume tubam; ſat Muſa tibi præluſit amores:
97 231 553 258 Tu numero pugnas iam grauiore ſona.
1 239 684 289 Sic demum poteris magnum præſtare Maronem;
42 287 498 318 Sicedent lituo mollia plectra tuo.
37 318 551 348 At vos, qui teneros Galli cantatis amores,
40 347 487 375 Cedite Baiſio: cedere iuſſit Amor.
183 387 579 418 Deelinn Fananiiccuuſſi. Daii.
41 407 549 441 Pulcior vt Nemeſis culto dilecta Tbullo
96 445 531 475 Sueceſſit fammis, Delia pulcra, tuis:
41 472 537 505 Sic Francinatuum nuper cantata poetam
93 504 524 539 Pulcrior eripuis, pulcra Melina tibi.
40 525 534 566 Forſan & in veſtri ſerâ ſed morte Tbulli,
42 563 542 590 Dum feret ardentes cetera rurta faces,
41 580 557 622 Naſcetur pulcrum vobis certamen aoris:
40 622 494 652 Ogratum cineri funus, amice,tuo.
235 662 576 692 In turbam poetarum, Gallice ſcri-
842 690 869 717 I
317 695 405 714 ber tium.
40 710 598 759 Quam multi canibus generantur ſæpe catelli,
92 750 584 781 Quorum hic ſit matri oroxmus, le patr
1 779 499 808 Tam multos nuper fœtus enixa poeſis
91 809 544 840 Gallica, Phœbeo numin facta parens.
40 838 572 868 Verum ex tot natis, generoſi lemina partus
39 866 629 901 Forſan & hoc mirum eſt vnus & alter habet.
33 896 612 929 Quidſupereſt igitur nempevt contingat vtriſq;
91 926 629 958 Quod canibuſq; malis, quod canibuſq; bonis.
37 943 525 984 Hi bene curati tecto adſernantur herili:
37 985 467 1018 A coruis illi, vel rapiuntur aquis.
232 1022 543 1049 Pnſardo, vi Hleroica ſeribat.
38 1039 600 1080 Imbellem citharam paoſtor qua Dardanus olim
37 1077 583 1112 Formoſæ Veneris molle canebat opus,
36 1107 621 1139 Spreuit Alexander, citharamq: popoſc Acnillis,
670 1142 718 1164 Ma.
388 1143 477 1163 Dd
