872 1312
342 73 563 96 IOACHIMI
176 108 660 141 Magnorum ſolitam geſta referre Ducum.
150 137 669 165 Hac, Ronſarde, tibi tuus eſt tollendus ad aſtra
177 165 686 199 Francus; ad hos numeros te tua Muſa vocat.
146 196 657 229 Etgo ſuas Veneri lacrymas luſuſq; relinque :
181 225 583 257 Aptior ad pugnas eſt tibi facta tuba.
360 253 582 283 In Aulum ſuperbum.
153 284 576 314 Te fratrem pudet, Aule, quod vocare.
153 312 585 343 Fratrem ex pellice quem tibi reliquit
154 343 511 374 Optimus pater, optimum, tuiq;
151 369 567 397 Natum diſſimilem; inſolenter Aulæ,
150 402 528 429 Hoc ceri facis, & facis proterue.
151 427 627 461 Nam quid fratre notho Aulus iſte, quaſo,
152 458 559 491 Quem tu legitimum ſubinde iactas,
153 488 529 517 Maius præſtitit? an putas, inepte,
154 517 584 547 Fabro Loripede Herculem minorem.
340 545 638 573 Ad Maturinum Maræſium.
157 573 688 606 Quæ cecini Lyreas Ligerini ad fluminis vndas,
185 605 589 634 Dum patriæ tento fila canora Lyræ,
156 629 748 666 Quamuis culta parum, veſtris nec digna Camœnis,
186 662 567 692 lla tamen lætor grata fuiſſe tibi.
156 689 653 720 Gratulor ergo tibi patios placuiſſe lepores;
185 719 643 751 Et tibi quod placeam gratulor ipſe mihi
156 748 630 780 Gratulor & patriæ talem te docte Mareſi
183 778 637 814 Quæ tulerit, qualem Mantua Virgilium.
154 808 709 836 Mincius hunc ſtupuit lituo fera bella canentemt
184 836 593 864 Miratur numeros at Liger ipſe tuos.
152 860 672 899 Vtq; Andina tibi patria eſt, Andina Maroni
183 895 596 922 Sic fuit, & vatem iactat, vt illa ſuum.
350 925 630 954 Deflu vio pilorum laberanti.
154 953 620 983 Adſidue poſſis noſtros, o Marce, libellos,
182 983 648 1013 Carminaq; adfirmas noſtra placere tibi.
152 1012 659 1042 Eſt ninilin noſtris dignum te Marce libellis:
184 1043 584 1072 Iſta legani pueri; tu grauiora lege.
152 1069 673 1101 Hs grauiora decent tenamq; poemata: ſed ſi
179 1101 640 1128 Matce, uum nouimus ingenium;
728 1123 822 1156 Qum-
