<PcGts xmlns="http://schema.primaresearch.org/PAGE/gts/pagecontent/2017-07-15" xmlns:xsi="http://www.w3.org/2001/XMLSchema-instance" xsi:schemaLocation="http://schema.primaresearch.org/PAGE/gts/pagecontent/2017-07-15 http://schema.primaresearch.org/PAGE/gts/pagecontent/2017-07-15/pagecontent.xsd"><Metadata><Creator>User123</Creator><Created>2020-04-19T01:00:17</Created><LastChange>2020-04-19T01:00:17</LastChange></Metadata><Page imageFilename="0447.png" imageHeight="1312" imageWidth="872"><TextRegion id="r0" type="paragraph"><Coords points="1,1 870,1 870,1310 1,1310"/><TextLine id="r0_l001"><Coords points="55,44 30,39 1,38 1,80 44,81 48,84 55,84"/><TextEquiv index="1"><Unicode></Unicode></TextEquiv></TextLine><TextLine id="r0_l002"><Coords points="342,73 342,96 563,96 563,73"/><TextEquiv index="1"><Unicode>IOACHIMI</Unicode></TextEquiv></TextLine><TextLine id="r0_l003"><Coords points="48,85 46,83 4,81 4,119 48,120"/><TextEquiv index="1"><Unicode></Unicode></TextEquiv></TextLine><TextLine id="r0_l004"><Coords points="136,81 136,109 183,109 183,81"/><TextEquiv index="1"><Unicode>a</Unicode></TextEquiv></TextLine><TextLine id="r0_l005"><Coords points="337,139 420,139 492,136 660,135 660,108 238,108 231,110 176,111 176,141 289,141"/><TextEquiv index="1"><Unicode>Magnorum ſolitam geſta referre Ducum.</Unicode></TextEquiv></TextLine><TextLine id="r0_l006"><Coords points="869,106 832,107 832,148 869,148"/><TextEquiv index="1"><Unicode>e</Unicode></TextEquiv></TextLine><TextLine id="r0_l007"><Coords points="44,150 44,122 3,120 3,154 38,154"/><TextEquiv index="1"><Unicode></Unicode></TextEquiv></TextLine><TextLine id="r0_l008"><Coords points="669,164 669,137 492,137 420,140 337,140 232,143 150,142 150,165 631,165"/><TextEquiv index="1"><Unicode>Hac, Ronſarde, tibi tuus eſt tollendus ad aſtra</Unicode></TextEquiv></TextLine><TextLine id="r0_l009"><Coords points="869,174 869,149 832,149 832,175 835,175"/><TextEquiv index="1"><Unicode></Unicode></TextEquiv></TextLine><TextLine id="r0_l010"><Coords points="2,156 2,190 48,190 48,156"/><TextEquiv index="1"><Unicode></Unicode></TextEquiv></TextLine><TextLine id="r0_l011"><Coords points="370,197 529,196 565,194 686,194 686,165 560,165 523,167 468,167 307,171 177,171 177,199 339,199"/><TextEquiv index="1"><Unicode>Francus; ad hos numeros te tua Muſa vocat.</Unicode></TextEquiv></TextLine><TextLine id="r0_l012"><Coords points="370,228 489,224 615,224 630,225 635,228 657,228 657,196 430,197 339,200 257,200 202,202 146,200 146,229 267,229"/><TextEquiv index="1"><Unicode>Etgo ſuas Veneri lacrymas luſuſq; relinque :</Unicode></TextEquiv></TextLine><TextLine id="r0_l013"><Coords points="827,193 827,224 870,224 870,193"/><TextEquiv index="1"><Unicode></Unicode></TextEquiv></TextLine><TextLine id="r0_l014"><Coords points="1,204 1,253 53,253 53,204"/><TextEquiv index="1"><Unicode></Unicode></TextEquiv></TextLine><TextLine id="r0_l015"><Coords points="832,225 832,256 870,256 870,225"/><TextEquiv index="1"><Unicode></Unicode></TextEquiv></TextLine><TextLine id="r0_l016"><Coords points="490,253 583,252 583,225 489,225 370,229 268,229 181,232 181,257 359,257"/><TextEquiv index="1"><Unicode>Aptior ad pugnas eſt tibi facta tuba.</Unicode></TextEquiv></TextLine><TextLine id="r0_l017"><Coords points="37,253 1,253 1,317 37,317"/><TextEquiv index="1"><Unicode></Unicode></TextEquiv></TextLine><TextLine id="r0_l018"><Coords points="360,253 360,283 582,283 582,253"/><TextEquiv index="1"><Unicode>In Aulum ſuperbum.</Unicode></TextEquiv></TextLine><TextLine id="r0_l019"><Coords points="832,256 832,286 869,286 869,256"/><TextEquiv index="1"><Unicode>n</Unicode></TextEquiv></TextLine><TextLine id="r0_l020"><Coords points="576,310 576,284 427,284 349,286 318,286 311,284 153,284 153,314 411,314"/><TextEquiv index="1"><Unicode>Te fratrem pudet, Aule, quod vocare.</Unicode></TextEquiv></TextLine><TextLine id="r0_l021"><Coords points="831,290 831,308 870,308 870,290"/><TextEquiv index="1"><Unicode></Unicode></TextEquiv></TextLine><TextLine id="r0_l022"><Coords points="585,312 505,312 227,318 153,317 153,343 427,343 501,341 541,343 585,343"/><TextEquiv index="1"><Unicode>Fratrem ex pellice quem tibi reliquit</Unicode></TextEquiv></TextLine><TextLine id="r0_l023"><Coords points="827,317 827,378 870,378 870,317"/><TextEquiv index="1"><Unicode></Unicode></TextEquiv></TextLine><TextLine id="r0_l024"><Coords points="38,318 1,318 1,376 38,376"/><TextEquiv index="1"><Unicode></Unicode></TextEquiv></TextLine><TextLine id="r0_l025"><Coords points="349,373 438,370 510,370 511,343 428,343 258,347 154,346 154,373 250,374"/><TextEquiv index="1"><Unicode>Optimus pater, optimum, tuiq;</Unicode></TextEquiv></TextLine><TextLine id="r0_l026"><Coords points="567,369 349,374 151,374 151,397 567,397"/><TextEquiv index="1"><Unicode>Natum diſſimilem; inſolenter Aulæ,</Unicode></TextEquiv></TextLine><TextLine id="r0_l027"><Coords points="42,392 5,392 5,428 42,428"/><TextEquiv index="1"><Unicode></Unicode></TextEquiv></TextLine><TextLine id="r0_l028"><Coords points="150,402 150,429 528,429 528,402"/><TextEquiv index="1"><Unicode>Hoc ceri facis, &amp; facis proterue.</Unicode></TextEquiv></TextLine><TextLine id="r0_l029"><Coords points="627,427 545,427 527,429 278,432 240,434 151,433 151,461 293,461 481,457 576,457 592,460 627,461"/><TextEquiv index="1"><Unicode>Nam quid fratre notho Aulus iſte, quaſo,</Unicode></TextEquiv></TextLine><TextLine id="r0_l030"><Coords points="826,393 826,465 870,465 870,393"/><TextEquiv index="1"><Unicode></Unicode></TextEquiv></TextLine><TextLine id="r0_l031"><Coords points="42,434 7,434 7,465 42,465"/><TextEquiv index="1"><Unicode></Unicode></TextEquiv></TextLine><TextLine id="r0_l032"><Coords points="256,489 392,488 445,486 559,486 559,458 294,461 261,463 152,462 152,491 220,491"/><TextEquiv index="1"><Unicode>Quem tu legitimum ſubinde iactas,</Unicode></TextEquiv></TextLine><TextLine id="r0_l033"><Coords points="4,466 4,499 54,499 54,466"/><TextEquiv index="1"><Unicode></Unicode></TextEquiv></TextLine><TextLine id="r0_l034"><Coords points="823,465 823,490 870,490 870,465"/><TextEquiv index="1"><Unicode></Unicode></TextEquiv></TextLine><TextLine id="r0_l035"><Coords points="448,515 529,515 529,488 393,488 256,490 220,492 153,492 153,517 410,517"/><TextEquiv index="1"><Unicode>Maius præſtitit? an putas, inepte,</Unicode></TextEquiv></TextLine><TextLine id="r0_l036"><Coords points="869,491 824,491 818,488 818,520 869,520"/><TextEquiv index="1"><Unicode></Unicode></TextEquiv></TextLine><TextLine id="r0_l037"><Coords points="119,499 7,499 7,515 119,515"/><TextEquiv index="1"><Unicode></Unicode></TextEquiv></TextLine><TextLine id="r0_l038"><Coords points="91,530 115,531 115,516 77,515 77,534 84,534"/><TextEquiv index="1"><Unicode></Unicode></TextEquiv></TextLine><TextLine id="r0_l039"><Coords points="379,545 526,546 551,544 584,544 584,517 411,517 172,521 154,520 154,547 370,547"/><TextEquiv index="1"><Unicode>Fabro Loripede Herculem minorem.</Unicode></TextEquiv></TextLine><TextLine id="r0_l040"><Coords points="340,545 340,573 638,573 638,545"/><TextEquiv index="1"><Unicode>Ad Maturinum Maræſium.</Unicode></TextEquiv></TextLine><TextLine id="r0_l041"><Coords points="826,560 826,592 870,592 870,560"/><TextEquiv index="1"><Unicode></Unicode></TextEquiv></TextLine><TextLine id="r0_l042"><Coords points="688,573 471,574 379,577 290,577 283,573 157,573 157,606 355,605 465,602 629,602 637,606 688,606"/><TextEquiv index="1"><Unicode>Quæ cecini Lyreas Ligerini ad fluminis vndas,</Unicode></TextEquiv></TextLine><TextLine id="r0_l043"><Coords points="1,584 1,635 79,635 79,584"/><TextEquiv index="1"><Unicode></Unicode></TextEquiv></TextLine><TextLine id="r0_l044"><Coords points="827,593 827,616 870,616 870,593"/><TextEquiv index="1"><Unicode></Unicode></TextEquiv></TextLine><TextLine id="r0_l045"><Coords points="436,632 589,631 589,605 356,605 185,608 185,634 361,634"/><TextEquiv index="1"><Unicode>Dum patriæ tento fila canora Lyræ,</Unicode></TextEquiv></TextLine><TextLine id="r0_l046"><Coords points="748,664 748,629 638,629 634,631 621,632 362,634 255,637 156,636 156,666 458,661 583,661 611,662 618,666 652,666"/><TextEquiv index="1"><Unicode>Quamuis culta parum, veſtris nec digna Camœnis,</Unicode></TextEquiv></TextLine><TextLine id="r0_l047"><Coords points="5,662 5,703 41,703 41,662"/><TextEquiv index="1"><Unicode></Unicode></TextEquiv></TextLine><TextLine id="r0_l048"><Coords points="567,689 567,662 458,662 196,666 186,672 186,692 448,692"/><TextEquiv index="1"><Unicode>lla tamen lætor grata fuiſſe tibi.</Unicode></TextEquiv></TextLine><TextLine id="r0_l049"><Coords points="825,683 825,704 870,704 870,683"/><TextEquiv index="1"><Unicode></Unicode></TextEquiv></TextLine><TextLine id="r0_l050"><Coords points="508,718 653,719 653,689 552,690 523,692 449,692 404,694 282,694 185,696 156,695 156,720 467,720"/><TextEquiv index="1"><Unicode>Gratulor ergo tibi patios placuiſſe lepores;</Unicode></TextEquiv></TextLine><TextLine id="r0_l051"><Coords points="827,710 827,729 870,729 870,710"/><TextEquiv index="1"><Unicode>I</Unicode></TextEquiv></TextLine><TextLine id="r0_l052"><Coords points="483,749 513,747 643,747 643,720 508,719 467,721 365,721 319,723 185,722 185,751 355,751"/><TextEquiv index="1"><Unicode>Et tibi quod placeam gratulor ipſe mihi</Unicode></TextEquiv></TextLine><TextLine id="r0_l053"><Coords points="828,741 828,759 870,759 870,741"/><TextEquiv index="1"><Unicode>l</Unicode></TextEquiv></TextLine><TextLine id="r0_l054"><Coords points="406,778 630,777 630,748 513,748 483,750 355,752 156,752 156,780 351,780"/><TextEquiv index="1"><Unicode>Gratulor &amp; patriæ talem te docte Mareſi</Unicode></TextEquiv></TextLine><TextLine id="r0_l055"><Coords points="208,810 637,806 637,778 508,778 295,782 183,782 183,814 200,814"/><TextEquiv index="1"><Unicode>Quæ tulerit, qualem Mantua Virgilium.</Unicode></TextEquiv></TextLine><TextLine id="r0_l056"><Coords points="821,797 821,822 870,822 870,797"/><TextEquiv index="1"><Unicode></Unicode></TextEquiv></TextLine><TextLine id="r0_l057"><Coords points="709,808 473,808 385,810 208,811 200,815 178,815 154,812 154,836 709,836"/><TextEquiv index="1"><Unicode>Mincius hunc ſtupuit lituo fera bella canentemt</Unicode></TextEquiv></TextLine><TextLine id="r0_l058"><Coords points="593,837 519,836 417,837 377,839 184,839 184,864 593,864"/><TextEquiv index="1"><Unicode>Miratur numeros at Liger ipſe tuos.</Unicode></TextEquiv></TextLine><TextLine id="r0_l059"><Coords points="691,861 687,860 646,860 642,863 634,865 284,869 152,868 153,899 488,894 640,894 649,899 691,899"/><TextEquiv index="1"><Unicode>Vtq; Andina tibi patria eſt, Andina Maroni</Unicode></TextEquiv></TextLine><TextLine id="r0_l060"><Coords points="596,895 300,897 183,900 183,922 596,922"/><TextEquiv index="1"><Unicode>Sic fuit, &amp; vatem iactat, vt illa ſuum.</Unicode></TextEquiv></TextLine><TextLine id="r0_l061"><Coords points="452,952 630,952 630,925 491,925 446,927 392,927 375,925 350,925 350,954 432,954"/><TextEquiv index="1"><Unicode>Deflu vio pilorum laberanti.</Unicode></TextEquiv></TextLine><TextLine id="r0_l062"><Coords points="620,982 620,953 452,953 432,955 310,955 304,953 154,953 154,983 476,983"/><TextEquiv index="1"><Unicode>Adſidue poſſis noſtros, o Marce, libellos,</Unicode></TextEquiv></TextLine><TextLine id="r0_l063"><Coords points="478,1011 648,1011 648,983 337,984 280,986 182,984 182,1013 444,1013"/><TextEquiv index="1"><Unicode>Carminaq; adfirmas noſtra placere tibi.</Unicode></TextEquiv></TextLine><TextLine id="r0_l064"><Coords points="839,1000 839,1023 867,1023 867,1000"/><TextEquiv index="1"><Unicode></Unicode></TextEquiv></TextLine><TextLine id="r0_l065"><Coords points="659,1012 478,1012 444,1014 333,1015 261,1014 216,1015 152,1012 152,1042 659,1042"/><TextEquiv index="1"><Unicode>Eſt ninilin noſtris dignum te Marce libellis:</Unicode></TextEquiv></TextLine><TextLine id="r0_l066"><Coords points="184,1043 184,1072 584,1072 584,1043"/><TextEquiv index="1"><Unicode>Iſta legani pueri; tu grauiora lege.</Unicode></TextEquiv></TextLine><TextLine id="r0_l067"><Coords points="673,1069 616,1069 610,1071 588,1072 504,1071 462,1073 301,1073 246,1076 215,1076 205,1075 196,1072 152,1071 152,1101 494,1101 537,1099 661,1099 665,1101 673,1101"/><TextEquiv index="1"><Unicode>Hs grauiora decent tenamq; poemata: ſed ſi</Unicode></TextEquiv></TextLine><TextLine id="r0_l068"><Coords points="640,1101 306,1102 212,1105 179,1104 179,1128 640,1128"/><TextEquiv index="1"><Unicode>Matce, uum nouimus ingenium;</Unicode></TextEquiv></TextLine><TextLine id="r0_l069"><Coords points="728,1123 728,1156 822,1156 822,1123"/><TextEquiv index="1"><Unicode>Qum-</Unicode></TextEquiv></TextLine></TextRegion></Page></PcGts>