872 1312
323 75 497 100 BELLAII.
721 88 761 109 At
41 105 627 141 Quamuis priſca tibi ſit frons vultuſq; Catonis,
123 136 550 169 Tu tamen iſta leges abſq; ſupercilio.
291 170 555 195 In Didonem dormientem.
92 194 652 230 Si tibi quam dedit ars, formam Natura dediſſet,
120 225 602 261 Clauſiſſeiq; oculos hæc tibi blanda quies,
89 253 640 284 Fruſtta Atlantiades cœlo demiſſus ab alto
120 283 530 316 Perferret magni iuſſa ſuperba Iouis.
90 314 646 352 Nec te Dardanius morituram linqueret hoſpes,
117 343 553 374 Nec foderes ferro, pectus Eliſa, tuum.
186 376 652 411 In Iulii Quaſtorem chiragricum, & Spinelum
324 410 523 436 poctam mendicu,
42 431 590 470 Quæſtoris Iulii miſeram lacerare chiragram
117 463 504 494 Spinellus ſcriptis nititur vſq; ſuis.
42 486 552 529 Quæſtorem Iulii vexat nodola chiragra;
69 520 570 559 In miſerum vatem golp ſurit.
42 555 629 590 Mgooiaa ſuum linquet ſed dira poetam,
103 586 618 626 Quæſtorem linquet quando chiragra ſuum.
286 624 484 645 In Amicam Gelii.
1 631 587 682 Scite cupis, Gelli, quam pallida, lignea ſicca,
113 680 556 710 Deniq; quam ſit Mors iſta puella tua?
82 708 691 741 Hæc eſt tam ſimilis Morti, vt cum nuper ad amnem
110 736 576 771 Adſtaret gelidas pallida propter aquas,
43 767 567 798 Protinus hac visâ, notis abiectus in herbis
110 795 547 829 Flebile neſcio quid ceperit albus olor.
236 829 487 857 De Satyrâ ad Marinum.
81 854 415 885 Ne tu verſiculis tuis, Marine;
80 884 455 915 Hoc eſt, enſe tuo, furens vt Aiax,
80 913 451 947 Te ipſum conficias, tuaq, ab arte
80 943 431 976 Attifex pereas, miſer Perillus;
80 972 504 1003 Sume, ni piget, aut tibi moleſtum eſt,
79 1000 384 1029 Fidi conſilium tui ſodalis.
82 1030 484 1066 Si quid ſit tibi de Deo loquendum,
81 1062 484 1093 Aut quo numina ſint colenda ritu,
81 1088 504 1125 Sis catus rogo, nec velis, quod aiunt,
81 1119 485 1156 Cornicum, vt ſapiens queas videri,
445 1158 526 1184 Dd
688 1163 772 1203 Con
