<?xml version="1.0" encoding="UTF-8" standalone="no"?><PcGts xmlns="http://schema.primaresearch.org/PAGE/gts/pagecontent/2019-07-15" xmlns:xsi="http://www.w3.org/2001/XMLSchema-instance" xsi:schemaLocation="http://schema.primaresearch.org/PAGE/gts/pagecontent/2019-07-15 http://schema.primaresearch.org/PAGE/gts/pagecontent/2019-07-15/pagecontent.xsd"><Metadata><Creator/><Created>2022-04-08T12:36:47</Created><LastChange>1970-01-01T00:00:00</LastChange><Comments/></Metadata><Page imageFilename="0448.png" imageHeight="1312" imageWidth="872"><TextRegion id="r1" orientation="0.0" type="paragraph"><Coords points="1,1 870,1 870,1310 1,1310"/><TextLine id="l1"><Coords points="323,75 323,100 497,100 497,75"/><TextEquiv><Unicode/></TextEquiv><TextEquiv index="1"><Unicode>BELLAII.</Unicode></TextEquiv></TextLine><TextLine id="l2"><Coords points="627,110 617,109 580,109 545,107 542,109 368,109 337,107 288,107 275,105 75,105 75,141 109,141 113,138 121,136 134,135 281,136 311,138 413,139 442,141 627,141"/><TextEquiv><Unicode/></TextEquiv><TextEquiv index="1"><Unicode>Quamuis priſca tibi ſit frons vultuſq; Catonis,</Unicode></TextEquiv></TextLine><TextLine id="l3"><Coords points="550,144 442,142 374,139 311,139 281,137 135,136 123,137 123,169 238,169 245,165 327,166 346,167 355,169 550,169"/><TextEquiv><Unicode/></TextEquiv><TextEquiv index="1"><Unicode>Tu tamen iſta leges abſq; ſupercilio.</Unicode></TextEquiv></TextLine><TextLine id="l4"><Coords points="291,170 291,195 555,195 555,170"/><TextEquiv><Unicode/></TextEquiv><TextEquiv index="1"><Unicode>In Didonem dormientem.</Unicode></TextEquiv></TextLine><TextLine id="l5"><Coords points="652,201 639,200 606,200 603,202 585,203 544,203 492,202 469,200 396,200 256,197 244,196 240,194 92,194 92,221 169,222 180,225 225,225 254,227 351,227 449,230 652,230"/><TextEquiv><Unicode/></TextEquiv><TextEquiv index="1"><Unicode>Si tibi quam dedit ars, formam Natura dediſſet,</Unicode></TextEquiv></TextLine><TextLine id="l6"><Coords points="602,235 597,234 546,234 351,228 254,228 225,226 120,225 120,251 124,252 368,258 448,258 504,261 549,262 602,261"/><TextEquiv><Unicode/></TextEquiv><TextEquiv index="1"><Unicode>Clauſiſſeiq; oculos hæc tibi blanda quies,</Unicode></TextEquiv></TextLine><TextLine id="l7"><Coords points="589,264 472,261 448,259 368,259 320,257 218,256 163,253 89,253 89,281 104,282 156,282 203,284 589,284"/><TextEquiv><Unicode/></TextEquiv><TextEquiv index="1"><Unicode>Fruſtta Atlantiades cœlo demiſſus ab alto</Unicode></TextEquiv></TextLine><TextLine id="l8"><Coords points="530,292 450,289 371,289 343,287 285,287 247,285 120,283 120,311 280,316 530,316"/><TextEquiv><Unicode/></TextEquiv><TextEquiv index="1"><Unicode>Perferret magni iuſſa ſuperba Iouis.</Unicode></TextEquiv></TextLine><TextLine id="l9"><Coords points="646,320 583,318 575,321 467,321 435,319 242,316 213,314 90,314 90,340 363,347 426,346 473,349 572,352 646,352"/><TextEquiv><Unicode/></TextEquiv><TextEquiv index="1"><Unicode>Nec te Dardanius morituram linqueret hoſpes,</Unicode></TextEquiv></TextLine><TextLine id="l10"><Coords points="553,352 473,350 426,347 363,348 261,345 209,345 178,343 117,343 117,374 129,374 135,371 181,371 201,373 248,374 553,374"/><TextEquiv><Unicode/></TextEquiv><TextEquiv index="1"><Unicode>Nec foderes ferro, pectus Eliſa, tuum.</Unicode></TextEquiv></TextLine><TextLine id="l11"><Coords points="652,380 603,379 594,382 587,381 575,382 524,380 347,378 314,376 186,376 186,406 245,409 277,409 288,406 339,405 415,406 532,411 652,411"/><TextEquiv><Unicode/></TextEquiv><TextEquiv index="1"><Unicode>In Iulii Quaſtorem chiragricum, &amp; Spinelum</Unicode></TextEquiv></TextLine><TextLine id="l12"><Coords points="324,410 324,436 523,436 523,410"/><TextEquiv><Unicode/></TextEquiv><TextEquiv index="1"><Unicode>poctam mendicu,</Unicode></TextEquiv></TextLine><TextLine id="l13"><Coords points="590,436 572,436 566,439 507,439 435,438 401,436 293,435 284,434 278,431 75,431 75,464 97,464 104,461 199,461 229,463 278,463 325,465 445,466 473,467 485,470 590,470"/><TextEquiv><Unicode/></TextEquiv><TextEquiv index="1"><Unicode>Quæſtoris Iulii miſeram lacerare chiragram</Unicode></TextEquiv></TextLine><TextLine id="l14"><Coords points="504,472 485,471 473,468 325,466 228,463 117,463 117,488 253,491 285,493 504,494"/><TextEquiv><Unicode/></TextEquiv><TextEquiv index="1"><Unicode>Spinellus ſcriptis nititur vſq; ſuis.</Unicode></TextEquiv></TextLine><TextLine id="l15"><Coords points="552,528 552,496 544,498 421,497 361,494 285,494 253,492 174,491 116,488 83,489 75,488 75,522 102,522 107,519 180,519 217,521 307,522 344,524 355,526 418,526 528,529"/><TextEquiv><Unicode/></TextEquiv><TextEquiv index="1"><Unicode>Quæſtorem Iulii vexat nodola chiragra;</Unicode></TextEquiv></TextLine><TextLine id="l16"><Coords points="570,530 561,529 494,530 418,527 355,527 344,525 307,523 217,522 180,520 107,520 102,523 75,523 75,550 101,550 106,552 118,553 222,555 333,555 352,557 401,557 426,559 570,559"/><TextEquiv><Unicode/></TextEquiv><TextEquiv index="1"><Unicode>In miſerum vatem golp ſurit.</Unicode></TextEquiv></TextLine><TextLine id="l17"><Coords points="629,559 620,559 616,561 441,561 425,559 352,558 333,556 75,555 75,585 103,585 330,590 629,590"/><TextEquiv><Unicode/></TextEquiv><TextEquiv index="1"><Unicode>Mgooiaa ſuum linquet ſed dira poetam,</Unicode></TextEquiv></TextLine><TextLine id="l18"><Coords points="618,596 553,594 384,593 329,590 103,586 103,626 159,626 162,623 233,624 242,619 350,623 443,624 471,626 618,626"/><TextEquiv><Unicode/></TextEquiv><TextEquiv index="1"><Unicode>Quæſtorem linquet quando chiragra ſuum.</Unicode></TextEquiv></TextLine><TextLine id="l19"><Coords points="484,627 408,624 286,624 286,645 484,645"/><TextEquiv><Unicode/></TextEquiv><TextEquiv index="1"><Unicode>In Amicam Gelii.</Unicode></TextEquiv></TextLine><TextLine id="l20"><Coords points="587,650 533,650 528,653 522,654 438,654 415,652 278,651 269,650 265,648 243,647 236,644 233,641 198,644 118,643 75,639 75,676 115,676 189,679 317,679 381,682 587,682"/><TextEquiv><Unicode/></TextEquiv><TextEquiv index="1"><Unicode>Scite cupis, Gelli, quam pallida, lignea ſicca,</Unicode></TextEquiv></TextLine><TextLine id="l21"><Coords points="556,685 418,684 317,680 113,680 113,705 115,706 253,707 342,710 556,710"/><TextEquiv><Unicode/></TextEquiv><TextEquiv index="1"><Unicode>Deniq; quam ſit Mors iſta puella tua?</Unicode></TextEquiv></TextLine><TextLine id="l22"><Coords points="691,713 685,712 608,710 602,712 583,714 444,714 253,708 82,708 82,735 269,737 377,741 691,741"/><TextEquiv><Unicode/></TextEquiv><TextEquiv index="1"><Unicode>Hæc eſt tam ſimilis Morti, vt cum nuper ad amnem</Unicode></TextEquiv></TextLine><TextLine id="l23"><Coords points="576,744 377,742 317,739 110,736 110,764 234,768 361,769 396,771 576,771"/><TextEquiv><Unicode/></TextEquiv><TextEquiv index="1"><Unicode>Adſtaret gelidas pallida propter aquas,</Unicode></TextEquiv></TextLine><TextLine id="l24"><Coords points="567,773 396,772 361,770 287,770 197,767 75,766 75,791 134,792 138,794 151,795 246,798 567,798"/><TextEquiv><Unicode/></TextEquiv><TextEquiv index="1"><Unicode>Protinus hac visâ, notis abiectus in herbis</Unicode></TextEquiv></TextLine><TextLine id="l25"><Coords points="547,802 353,801 320,799 246,799 212,797 173,797 150,795 110,795 110,829 221,829 228,825 250,825 260,828 310,829 547,829"/><TextEquiv><Unicode/></TextEquiv><TextEquiv index="1"><Unicode>Flebile neſcio quid ceperit albus olor.</Unicode></TextEquiv></TextLine><TextLine id="l26"><Coords points="487,832 236,829 236,856 487,857"/><TextEquiv><Unicode/></TextEquiv><TextEquiv index="1"><Unicode>De Satyrâ ad Marinum.</Unicode></TextEquiv></TextLine><TextLine id="l27"><Coords points="415,860 377,860 319,857 222,857 201,856 196,854 81,854 81,880 94,882 171,883 199,885 415,885"/><TextEquiv><Unicode/></TextEquiv><TextEquiv index="1"><Unicode>Ne tu verſiculis tuis, Marine;</Unicode></TextEquiv></TextLine><TextLine id="l28"><Coords points="455,892 381,889 312,889 278,887 199,886 171,884 80,884 80,909 84,910 107,910 127,913 219,915 455,915"/><TextEquiv><Unicode/></TextEquiv><TextEquiv index="1"><Unicode>Hoc eſt, enſe tuo, furens vt Aiax,</Unicode></TextEquiv></TextLine><TextLine id="l29"><Coords points="451,922 449,921 80,913 80,941 166,942 322,947 451,947"/><TextEquiv><Unicode/></TextEquiv><TextEquiv index="1"><Unicode>Te ipſum conficias, tuaq, ab arte</Unicode></TextEquiv></TextLine><TextLine id="l30"><Coords points="431,950 241,946 166,943 80,943 80,970 235,973 301,976 431,976"/><TextEquiv><Unicode/></TextEquiv><TextEquiv index="1"><Unicode>Attifex pereas, miſer Perillus;</Unicode></TextEquiv></TextLine><TextLine id="l31"><Coords points="504,974 486,974 481,978 468,980 334,978 146,972 80,972 80,997 101,998 110,1000 197,1003 504,1003"/><TextEquiv><Unicode/></TextEquiv><TextEquiv index="1"><Unicode>Sume, ni piget, aut tibi moleſtum eſt,</Unicode></TextEquiv></TextLine><TextLine id="l32"><Coords points="384,1009 381,1008 298,1007 279,1005 217,1005 196,1003 79,1000 79,1028 87,1029 384,1029"/><TextEquiv><Unicode/></TextEquiv><TextEquiv index="1"><Unicode>Fidi conſilium tui ſodalis.</Unicode></TextEquiv></TextLine><TextLine id="l33"><Coords points="484,1035 433,1034 424,1037 408,1038 339,1038 280,1034 82,1030 82,1058 178,1060 229,1063 302,1064 332,1066 484,1066"/><TextEquiv><Unicode/></TextEquiv><TextEquiv index="1"><Unicode>Si quid ſit tibi de Deo loquendum,</Unicode></TextEquiv></TextLine><TextLine id="l34"><Coords points="484,1070 360,1068 302,1065 229,1064 203,1062 81,1062 81,1086 257,1093 484,1093"/><TextEquiv><Unicode/></TextEquiv><TextEquiv index="1"><Unicode>Aut quo numina ſint colenda ritu,</Unicode></TextEquiv></TextLine><TextLine id="l35"><Coords points="504,1100 498,1099 377,1098 152,1089 81,1088 81,1118 84,1116 114,1116 318,1125 504,1125"/><TextEquiv><Unicode/></TextEquiv><TextEquiv index="1"><Unicode>Sis catus rogo, nec velis, quod aiunt,</Unicode></TextEquiv></TextLine><TextLine id="l36"><Coords points="485,1129 345,1127 317,1125 255,1124 170,1119 81,1119 81,1146 99,1147 108,1153 187,1156 485,1156"/><TextEquiv><Unicode/></TextEquiv><TextEquiv index="1"><Unicode>Cornicum, vt ſapiens queas videri,</Unicode></TextEquiv></TextLine><TextLine id="l37"><Coords points="688,1163 688,1195 761,1195 761,1163"/><TextEquiv><Unicode/></TextEquiv><TextEquiv index="1"><Unicode>Con</Unicode></TextEquiv></TextLine><TextEquiv><Unicode/></TextEquiv></TextRegion></Page></PcGts>