872 1312
338 81 570 113 IOACHIMI
133 117 553 147 Confixlſſe oculos. grauis Sophorum
131 148 518 176 Ira. hos lædere, ſi ſapis, caueto.
130 177 528 206 Nec minus tibi Principes cauendi,
131 207 582 234 I ongas eſſe quibus manus loquuntur.
129 233 597 263 Haud quiſquam ſapiens Iouem laceſſt,
130 264 498 293 Nec impune diu fuit proteruus,
133 291 578 322 Quiſquis crimina Principum notauit.
131 322 598 352 Adde his, ſi lubet, hos ſuperbiores,
132 353 515 381 Feros, intrepidos, & impotentes,
131 377 615 408 Ne non carmina, par pari vt rependant,
132 408 544 436 Penſent carminibus, parum ſed ip
133 438 500 468 Curantes Aganippides puellas,
135 468 508 496 Styli ferro aciem tui rerundant.
132 495 571 525 Illa deniq;, ne hinc & hinc vagando
135 525 572 554 Quod nolim tibi forte ſim moleſtus,
134 554 493 584 Erunt præcipue cauenda verba,
135 583 590 611 Quæ quod dicitur vt ſemel volarunt,
166 612 558 640 Nobis per iugulum redire poſſunt.
280 643 514 670 Ad Iulium III. P. M.
135 670 568 694 Pontifici ſua ſint diuino numine tuta
166 699 715 732 Culmina; nec Montes hos petat omnipotens.
340 729 572 754 Ad Carolum Cæſarem.
137 752 588 780 Cæſareum tibi ſit ſelici ſidere nomen
165 787 588 817 Carole nec fatum ſit tibi Cæſareum.
276 816 654 844 Ad Henricum II. regem Chriſiiai.
136 845 672 875 Bellipotens tibi det virtutem, Cynthia curſum
164 875 552 904 Lumine felici det tibi perpetuum.
281 906 632 933 Ad Ferdinandum Rom regem.
136 932 700 962 Romnlidum bone Rex, magno ſis Cæſare maior
166 963 609 991 Nomine, nec fatis, aut minor imperio.
248 992 673 1021 Ad Philippum Hſiſt. regem incerti auctoris.
137 1021 710 1049 Coniugium tibi Rex fœcundent Numina longe
167 1051 601 1079 Semine, nec ſterilis ſit tibi progenies.
339 1082 542 1110 Ad Lod. Baillolum.
135 1108 681 1139 Perlege Romano deſcriptam carmine Romam
720 1131 802 1170 el-
