<PcGts xmlns="http://schema.primaresearch.org/PAGE/gts/pagecontent/2017-07-15" xmlns:xsi="http://www.w3.org/2001/XMLSchema-instance" xsi:schemaLocation="http://schema.primaresearch.org/PAGE/gts/pagecontent/2017-07-15 http://schema.primaresearch.org/PAGE/gts/pagecontent/2017-07-15/pagecontent.xsd"><Metadata><Creator>User123</Creator><Created>2020-04-19T01:00:18</Created><LastChange>2020-04-19T01:00:18</LastChange></Metadata><Page imageFilename="0450.png" imageHeight="1312" imageWidth="872"><TextRegion id="r0" type="paragraph"><Coords points="1,1 870,1 870,1310 1,1310"/><TextLine id="r0_l001"><Coords points="263,72 263,93 446,93 446,72"/><TextEquiv index="1"><Unicode>BELLAII.</Unicode></TextEquiv></TextLine><TextLine id="r0_l002"><Coords points="712,76 712,97 751,97 751,76"/><TextEquiv index="1"><Unicode>A</Unicode></TextEquiv></TextLine><TextLine id="r0_l003"><Coords points="546,106 116,106 116,134 124,135 546,136"/><TextEquiv index="1"><Unicode>Blaius cecinit quam, Lodoice, tuus.</Unicode></TextEquiv></TextLine><TextLine id="r0_l004"><Coords points="745,136 88,136 88,163 98,164 516,166 525,171 694,170 745,172"/><TextEquiv index="1"><Unicode>Perlege quicquid ideſt: nam quod tibi ſcribimus vni,</Unicode></TextEquiv></TextLine><TextLine id="r0_l005"><Coords points="117,166 117,194 477,194 477,166"/><TextEquiv index="1"><Unicode>Iudicio poterit tutius eſſe tuo.</Unicode></TextEquiv></TextLine><TextLine id="r0_l006"><Coords points="694,195 87,195 87,221 96,222 216,225 694,225"/><TextEquiv index="1"><Unicode>Nulli nota magis veterum monumenta Quiritum,</Unicode></TextEquiv></TextLine><TextLine id="r0_l007"><Coords points="579,226 252,225 216,226 118,224 118,251 127,252 579,253"/><TextEquiv index="1"><Unicode>Nec quiſquam nobis æquior eſſe pote</Unicode></TextEquiv></TextLine><TextLine id="r0_l008"><Coords points="652,254 88,254 88,281 326,283 652,283"/><TextEquiv index="1"><Unicode>Conueniens igitur, paruum licet, accipe munus:</Unicode></TextEquiv></TextLine><TextLine id="r0_l009"><Coords points="561,284 117,283 117,312 561,312"/><TextEquiv index="1"><Unicode>Atq; idem noſtri pignus amoris habe.</Unicode></TextEquiv></TextLine><TextLine id="r0_l010"><Coords points="638,314 635,314 633,312 600,312 593,314 446,313 320,314 291,312 83,313 83,338 103,338 128,341 638,341"/><TextEquiv index="1"><Unicode>Vttlegere heic poſſis, quæ nos luſtrauimus vna,</Unicode></TextEquiv></TextLine><TextLine id="r0_l011"><Coords points="117,342 117,372 578,372 578,342"/><TextEquiv index="1"><Unicode>Dumq; leges, noſtri te meminiſſe iueet.</Unicode></TextEquiv></TextLine><TextLine id="r0_l012"><Coords points="284,372 284,400 548,400 548,372"/><TextEquiv index="1"><Unicode>Ad Hennicum I gem.</Unicode></TextEquiv></TextLine><TextLine id="r0_l013"><Coords points="653,399 561,399 509,400 488,402 301,401 241,399 87,399 87,426 179,429 653,429"/><TextEquiv index="1"><Unicode>Non mihi Germanus, non eſt metuendus Iberus</Unicode></TextEquiv></TextLine><TextLine id="r0_l014"><Coords points="554,459 554,431 328,430 306,431 117,429 117,457 545,460"/><TextEquiv index="1"><Unicode>Henrice, ant ſi qu d durius eſſe poteſt.</Unicode></TextEquiv></TextLine><TextLine id="r0_l015"><Coords points="601,459 545,461 411,461 338,459 88,459 88,485 147,484 173,486 601,486"/><TextEquiv index="1"><Unicode>Pauperies metuenda mihi, quâ duior hoſtis</Unicode></TextEquiv></TextLine><TextLine id="r0_l016"><Coords points="118,487 118,511 593,511 593,487"/><TextEquiv index="1"><Unicode>Nullus, in hunc hoſtem ſuſſice tela mih.</Unicode></TextEquiv></TextLine><TextLine id="r0_l017"><Coords points="208,518 208,545 632,545 632,518"/><TextEquiv index="1"><Unicode>Ad Ioanne Bell, Card.al..Iaauar.</Unicode></TextEquiv></TextLine><TextLine id="r0_l018"><Coords points="87,546 87,571 572,571 572,546"/><TextEquiv index="1"><Unicode>Ianus adeſt; te Iane tefert Beliaius heros.</Unicode></TextEquiv></TextLine><TextLine id="r0_l019"><Coords points="544,577 117,575 117,602 119,603 544,604"/><TextEquiv index="1"><Unicode>Vt omen numen ſic frat ille tuum.</Unicode></TextEquiv></TextLine><TextLine id="r0_l020"><Coords points="622,603 586,603 580,605 87,603 87,632 622,632"/><TextEquiv index="1"><Unicode>Iane bifrons, auguſta patet tibi frontis imago.</Unicode></TextEquiv></TextLine><TextLine id="r0_l021"><Coords points="635,634 562,635 354,633 117,633 117,661 635,662"/><TextEquiv index="1"><Unicode>Auguſtus Iano eſt huic quoq; frontis honos.</Unicode></TextEquiv></TextLine><TextLine id="r0_l022"><Coords points="612,664 85,662 85,689 174,689 196,691 612,691"/><TextEquiv index="1"><Unicode>Hic placidus Ianus, placidæ tu pacis amator,</Unicode></TextEquiv></TextLine><TextLine id="r0_l023"><Coords points="625,694 579,692 118,692 118,718 625,719"/><TextEquiv index="1"><Unicode>Tu Deus: eſt ſummis proximus iſte Deis.</Unicode></TextEquiv></TextLine><TextLine id="r0_l024"><Coords points="1,698 1,737 45,737 45,698"/><TextEquiv index="1"><Unicode></Unicode></TextEquiv></TextLine><TextLine id="r0_l025"><Coords points="617,721 347,721 342,719 328,719 313,721 232,721 87,719 87,750 108,750 110,748 310,750 617,750"/><TextEquiv index="1"><Unicode>Quæ fuit Auſonio, Gallo eſt prudentia Iano,</Unicode></TextEquiv></TextLine><TextLine id="r0_l026"><Coords points="638,750 473,752 309,750 109,750 106,752 96,752 96,776 127,778 312,778 351,780 638,780"/><TextEquiv index="1"><Unicode>Et Ianum in Iano nunc quoque Roma colit,</Unicode></TextEquiv></TextLine><TextLine id="r0_l027"><Coords points="824,750 824,784 867,784 867,750"/><TextEquiv index="1"><Unicode></Unicode></TextEquiv></TextLine><TextLine id="r0_l028"><Coords points="599,780 351,781 312,779 88,779 88,806 124,806 145,808 286,809 599,809"/><TextEquiv index="1"><Unicode>Clauiger eſt Ianus: Iani qui nomine gaudet,</Unicode></TextEquiv></TextLine><TextLine id="r0_l029"><Coords points="512,811 499,810 401,809 286,810 118,808 118,835 121,836 512,836"/><TextEquiv index="1"><Unicode>Clauigero Iani munere lætus eat:</Unicode></TextEquiv></TextLine><TextLine id="r0_l030"><Coords points="88,838 88,863 533,863 533,838"/><TextEquiv index="1"><Unicode>Vt nouus Iano currat feliciter annus,</Unicode></TextEquiv></TextLine><TextLine id="r0_l031"><Coords points="116,866 116,897 541,897 541,866"/><TextEquiv index="1"><Unicode>Et Iano clauſo regnet in orbe quies.</Unicode></TextEquiv></TextLine><TextLine id="r0_l032"><Coords points="309,898 309,924 506,924 506,898"/><TextEquiv index="1"><Unicode>Ad Sanſeuerinum.</Unicode></TextEquiv></TextLine><TextLine id="r0_l033"><Coords points="90,926 90,983 615,983 615,926"/><TextEquiv index="1"><Unicode>ææ</Unicode></TextEquiv></TextLine><TextLine id="r0_l034"><Coords points="1,951 1,968 46,968 46,951"/><TextEquiv index="1"><Unicode></Unicode></TextEquiv></TextLine><TextLine id="r0_l035"><Coords points="89,983 89,1009 637,1009 637,983"/><TextEquiv index="1"><Unicode>Sunt tibi Dii faciles, dlctant tibi carmina Muſæ,</Unicode></TextEquiv></TextLine><TextLine id="r0_l036"><Coords points="585,1016 466,1015 382,1016 280,1013 85,1013 85,1041 314,1042 342,1044 584,1044"/><TextEquiv index="1"><Unicode>Carmina Phœbeis æquiparanda modis</Unicode></TextEquiv></TextLine><TextLine id="r0_l037"><Coords points="1,1032 1,1065 45,1065 45,1032"/><TextEquiv index="1"><Unicode></Unicode></TextEquiv></TextLine><TextLine id="r0_l038"><Coords points="580,1045 342,1045 314,1043 90,1042 90,1069 580,1070"/><TextEquiv index="1"><Unicode>At mihi nec faciles Superi. nec diuite venâ</Unicode></TextEquiv></TextLine><TextLine id="r0_l039"><Coords points="579,1074 575,1073 408,1074 318,1072 121,1071 121,1098 305,1101 579,1101"/><TextEquiv index="1"><Unicode>Sponte fluunt Latiâ carmina ducta lyrâ.</Unicode></TextEquiv></TextLine><TextLine id="r0_l040"><Coords points="624,1099 613,1103 580,1104 526,1103 501,1101 455,1101 442,1103 369,1103 304,1101 199,1101 169,1099 90,1099 90,1133 435,1133 440,1128 460,1128 463,1131 469,1129 496,1129 509,1130 516,1133 624,1133"/><TextEquiv index="1"><Unicode>Ouâ Siculus quondam luſit, quâ Tityrus, illo</Unicode></TextEquiv></TextLine><TextLine id="r0_l041"><Coords points="732,1155 756,1154 756,1131 683,1131 683,1162 725,1162"/><TextEquiv index="1"><Unicode>a</Unicode></TextEquiv></TextLine><TextLine id="r0_l042"><Coords points="467,1133 467,1160 553,1160 553,1133"/><TextEquiv index="1"><Unicode>Dd</Unicode></TextEquiv></TextLine><TextLine id="r0_l043"><Coords points="1,1142 1,1180 45,1180 45,1142"/><TextEquiv index="1"><Unicode></Unicode></TextEquiv></TextLine></TextRegion></Page></PcGts>