872 1312
263 72 446 93 BELLAII.
116 106 546 136 Blaius cecinit quam, Lodoice, tuus.
88 136 745 172 Perlege quicquid ideſt: nam quod tibi ſcribimus vni,
117 166 477 194 Iudicio poterit tutius eſſe tuo.
87 195 694 225 Nulli nota magis veterum monumenta Quiritum,
118 224 579 253 Nec quiſquam nobis æquior eſſe pote
88 254 652 283 Conueniens igitur, paruum licet, accipe munus:
117 283 561 312 Atq; idem noſtri pignus amoris habe.
83 312 638 341 Vttlegere heic poſſis, quæ nos luſtrauimus vna,
117 342 578 372 Dumq; leges, noſtri te meminiſſe iueet.
284 372 548 400 Ad Hennicum I gem.
87 399 653 429 Non mihi Germanus, non eſt metuendus Iberus
117 429 554 460 Henrice, ant ſi qu d durius eſſe poteſt.
88 459 601 486 Pauperies metuenda mihi, quâ duior hoſtis
118 487 593 511 Nullus, in hunc hoſtem ſuſſice tela mih.
208 518 632 545 Ad Ioanne Bell, Card.al..Iaauar.
87 546 572 571 Ianus adeſt; te Iane tefert Beliaius heros.
117 575 544 604 Vt omen numen ſic frat ille tuum.
87 603 622 632 Iane bifrons, auguſta patet tibi frontis imago.
117 633 635 662 Auguſtus Iano eſt huic quoq; frontis honos.
85 662 612 691 Hic placidus Ianus, placidæ tu pacis amator,
118 692 625 719 Tu Deus: eſt ſummis proximus iſte Deis.
87 719 617 750 Quæ fuit Auſonio, Gallo eſt prudentia Iano,
96 750 638 780 Et Ianum in Iano nunc quoque Roma colit,
88 779 599 809 Clauiger eſt Ianus: Iani qui nomine gaudet,
118 808 512 836 Clauigero Iani munere lætus eat:
88 838 533 863 Vt nouus Iano currat feliciter annus,
116 866 541 897 Et Iano clauſo regnet in orbe quies.
309 898 506 924 Ad Sanſeuerinum.
89 983 637 1009 Sunt tibi Dii faciles, dlctant tibi carmina Muſæ,
85 1013 585 1044 Carmina Phœbeis æquiparanda modis
90 1042 580 1070 At mihi nec faciles Superi. nec diuite venâ
121 1071 579 1101 Sponte fluunt Latiâ carmina ducta lyrâ.
90 1099 624 1133 Ouâ Siculus quondam luſit, quâ Tityrus, illo
683 1131 756 1162 a
