872 1312
339 81 560 103 IOACHIMI
169 115 653 147 Diſparibus calamis fiſtula iuncta tibi e.
144 146 741 177 Nos male compaccis cantus meditamur auenis
177 175 645 206 Gallia quos forſan, non probet Auſonia.
143 204 682 234 Hos tamen indoctos docto pro carmine verſus,
177 234 599 264 Proque auro a nobis ærea dona feres.
147 260 683 293 Aſt hi, quos memoras, largo pro munere Diui,
175 291 647 321 Parua etiam capiunt munera ab agricolis
349 322 599 347 Ad Petrum onſardum.
147 352 446 377 Muſæ, deliciæ mei ſodalis,
147 379 523 412 Qui me plus oculis ſuis amabat,
146 408 588 441 Quem plus ipſe oculis meis amabam,
145 436 652 469 Aut ſi quicquam oculis mage eſt amandum:
146 467 606 499 Ouid cauſæ eſſe putem, repente quod lic
825 492 869 519 I
147 497 480 525 Totus exciderim meo ſodali,
148 525 540 549 Vt cui tot mod miſerim libellos,
144 555 552 584 Isne verſiculum quidem remittat?
146 584 545 606 Sic noſtri memor eſt bonus ſodalis
146 613 554 643 Qui me plus oculis ſuis amabat,
146 640 579 672 Quem pius ipſe oculis mcis amabam,
143 671 651 700 Aut ſi, quicquam oculis mage eſt amandum?
143 701 609 728 Aſt huic, quandoquidem tacere pergit
143 729 545 757 Nec ſui amplius eſt memor ſodalis,
144 758 517 783 Iſthæc nomme vos meo referte;
138 786 609 816 Non iam hos Hendecaſyllabos, ſed illos
141 816 512 846 Exſpectet potius furente Musâ,
141 846 480 869 Verſus Archilochi ſeveriores.
301 874 646 902 Ant. ſarac ciolo, Trecarum Antiſt.
143 904 673 933 Quamuis ter geminæ facundo munere linguæ
174 933 575 962 Antoni, in laudes ſis ſatis ipſe tuas,
145 959 742 989 Te tamen heic canerem, ſummi cum rector Olympi
172 991 604 1019 umano interdum gaudeat ore cani.
143 1019 726 1050 Sed mihi dum ſubeunt curæ, queis priſtinus ardor,
170 1050 562 1078 Et periit noſtræ gratia prima lyræ;
817 1071 869 1109 I
141 1078 673 1108 Ptotinus horreſco; ſanctaſq; attingere laudes
171 1108 616 1137 mpuris manibus noſtra Thalia fugit.
745 1133 852 1163 Nam
