872 1312
331 67 513 94 BELLAII.
711 75 753 95 2
88 109 653 139 Nam procula ſacris vatem decet eſſe profanum;
118 140 586 168 Nec temni numen vult Deus ipſe ſuum.
245 168 591 195 Eidem; de lulioII. & PauloIV.
86 199 634 228 Dum bello pacem opponis, placidumq; furenti
120 229 572 255 Neptunum, & viduo florida rura ſolo,
88 257 661 286 Mars fremit, vnda furit, denſatur frigore Tellus:
94 287 607 312 Pax tedit, vnda ſilet, ſoluitur acris hiems.
88 316 625 345 Hæc facis Antoni, Paulum dum opponis Iulo,
121 346 579 374 Lætaque fueſtis tempora temporibus.
89 375 546 405 Non alio infamis damnari Iulius ore;
119 405 513 426 Non alio Paullus debuit ore cani.
266 436 558 463 Ad Gordium, t lætus viuas.
89 464 636 493 Iam mea Cygnæis ſparguntur tempora plumis,
103 492 533 522 Inficit & flauas cana ſenecta comas.
92 522 663 551 Sic nobis perit ante diem decus omne iuentæ,
121 551 576 579 Et faciunt ſeptem luitra peracta ſenem.
92 580 696 609 Quis Deus hoc Gordi? num formam vertit Apollo,
122 609 574 638 Et Cygnum vatem ſic iubet eſſe ſuum?
92 638 612 667 Non adeo feruet noſtro ſub pectore Phœbus
119 668 567 697 Nec tantum nobis temporis eſt vacui,
90 698 611 726 Vt liceat dulceis Muſarum expromere fœtus
124 726 517 755 Et procul a curis ocia longa ſequi.
92 754 624 786 Quid cauſſæ eſt igitur? lætinum copia Bacchi,
121 785 580 815 An potius canum me facit ipſa Venus?
90 814 755 843 Neutrum horum in cauſſa eſt. nam quæ mihi cura Læi,
121 843 637 875 Q ve poteſt miſero blanda placere Venus
90 872 617 903 Hoc aciunt curæ, quæ me nocteſque dieſque
119 903 514 930 Perpetuis angunt ſollicitudinibus.
88 931 668 961 Hinc mihi canicies Gordi, & properata ſenectus;
121 961 567 990 Hinc iuueni frontem ruga ſenilis arat,
90 990 598 1020 Viue igitar lætus, ne te quoque noxia cura
117 1018 612 1049 Eſficiat Cygnum, qui rmodo Coruus eras.
1 1036 34 1061 di
219 1050 641 1077 Conuerſiin montem. ad I.Morellium
90 1077 641 1107 Mutari in varias, vt quondam, corpora formas,
116 1107 571 1138 Fabula, Morelli, quæ fuit, hiſtoria eſt.
483 1137 564 1162 Dds
711 1137 757 1162 Iam
