<?xml version="1.0" encoding="UTF-8" standalone="no"?><PcGts xmlns="http://schema.primaresearch.org/PAGE/gts/pagecontent/2019-07-15" xmlns:xsi="http://www.w3.org/2001/XMLSchema-instance" xsi:schemaLocation="http://schema.primaresearch.org/PAGE/gts/pagecontent/2019-07-15 http://schema.primaresearch.org/PAGE/gts/pagecontent/2019-07-15/pagecontent.xsd"><Metadata><Creator/><Created>2022-04-08T12:39:33</Created><LastChange>1970-01-01T00:00:00</LastChange><Comments/></Metadata><Page imageFilename="0452.png" imageHeight="1312" imageWidth="872"><TextRegion id="r1" orientation="0.0" type="paragraph"><Coords points="1,1 870,1 870,1310 1,1310"/><TextLine id="l1"><Coords points="331,67 331,94 513,94 513,67"/><TextEquiv><Unicode/></TextEquiv><TextEquiv index="1"><Unicode>BELLAII.</Unicode></TextEquiv></TextLine><TextLine id="l2"><Coords points="88,109 88,139 653,139 653,109"/><TextEquiv><Unicode/></TextEquiv><TextEquiv index="1"><Unicode>Nam procula ſacris vatem decet eſſe profanum;</Unicode></TextEquiv></TextLine><TextLine id="l3"><Coords points="118,140 118,168 586,168 586,140"/><TextEquiv><Unicode/></TextEquiv><TextEquiv index="1"><Unicode>Nec temni numen vult Deus ipſe ſuum.</Unicode></TextEquiv></TextLine><TextLine id="l4"><Coords points="245,168 245,195 591,195 591,168"/><TextEquiv><Unicode/></TextEquiv><TextEquiv index="1"><Unicode>Eidem; de lulioII. &amp; PauloIV.</Unicode></TextEquiv></TextLine><TextLine id="l5"><Coords points="86,199 86,228 634,228 634,199"/><TextEquiv><Unicode/></TextEquiv><TextEquiv index="1"><Unicode>Dum bello pacem opponis, placidumq; furenti</Unicode></TextEquiv></TextLine><TextLine id="l6"><Coords points="120,229 120,255 572,255 572,229"/><TextEquiv><Unicode/></TextEquiv><TextEquiv index="1"><Unicode>Neptunum, &amp; viduo florida rura ſolo,</Unicode></TextEquiv></TextLine><TextLine id="l7"><Coords points="88,257 88,286 661,286 661,257"/><TextEquiv><Unicode/></TextEquiv><TextEquiv index="1"><Unicode>Mars fremit, vnda furit, denſatur frigore Tellus:</Unicode></TextEquiv></TextLine><TextLine id="l8"><Coords points="94,287 94,312 607,312 607,287"/><TextEquiv><Unicode/></TextEquiv><TextEquiv index="1"><Unicode>Pax tedit, vnda ſilet, ſoluitur acris hiems.</Unicode></TextEquiv></TextLine><TextLine id="l9"><Coords points="625,316 581,316 538,318 277,317 244,318 88,316 88,345 625,345"/><TextEquiv><Unicode/></TextEquiv><TextEquiv index="1"><Unicode>Hæc facis Antoni, Paulum dum opponis Iulo,</Unicode></TextEquiv></TextLine><TextLine id="l10"><Coords points="579,347 572,346 121,346 121,374 579,374"/><TextEquiv><Unicode/></TextEquiv><TextEquiv index="1"><Unicode>Lætaque fueſtis tempora temporibus.</Unicode></TextEquiv></TextLine><TextLine id="l11"><Coords points="546,376 89,375 89,402 161,404 276,403 295,405 546,405"/><TextEquiv><Unicode/></TextEquiv><TextEquiv index="1"><Unicode>Non alio infamis damnari Iulius ore;</Unicode></TextEquiv></TextLine><TextLine id="l12"><Coords points="513,406 119,405 119,426 513,426"/><TextEquiv><Unicode/></TextEquiv><TextEquiv index="1"><Unicode>Non alio Paullus debuit ore cani.</Unicode></TextEquiv></TextLine><TextLine id="l13"><Coords points="266,436 266,463 558,463 558,436"/><TextEquiv><Unicode/></TextEquiv><TextEquiv index="1"><Unicode>Ad Gordium, t lætus viuas.</Unicode></TextEquiv></TextLine><TextLine id="l14"><Coords points="636,464 89,464 89,491 214,491 306,493 636,493"/><TextEquiv><Unicode/></TextEquiv><TextEquiv index="1"><Unicode>Iam mea Cygnæis ſparguntur tempora plumis,</Unicode></TextEquiv></TextLine><TextLine id="l15"><Coords points="533,494 523,493 306,494 214,492 103,492 103,521 533,522"/><TextEquiv><Unicode/></TextEquiv><TextEquiv index="1"><Unicode>Inficit &amp; flauas cana ſenecta comas.</Unicode></TextEquiv></TextLine><TextLine id="l16"><Coords points="663,522 92,522 92,549 176,551 663,551"/><TextEquiv><Unicode/></TextEquiv><TextEquiv index="1"><Unicode>Sic nobis perit ante diem decus omne iuentæ,</Unicode></TextEquiv></TextLine><TextLine id="l17"><Coords points="576,552 121,551 121,579 576,579"/><TextEquiv><Unicode/></TextEquiv><TextEquiv index="1"><Unicode>Et faciunt ſeptem luitra peracta ſenem.</Unicode></TextEquiv></TextLine><TextLine id="l18"><Coords points="92,580 92,609 696,609 696,580"/><TextEquiv><Unicode/></TextEquiv><TextEquiv index="1"><Unicode>Quis Deus hoc Gordi? num formam vertit Apollo,</Unicode></TextEquiv></TextLine><TextLine id="l19"><Coords points="122,609 122,638 574,638 574,609"/><TextEquiv><Unicode/></TextEquiv><TextEquiv index="1"><Unicode>Et Cygnum vatem ſic iubet eſſe ſuum?</Unicode></TextEquiv></TextLine><TextLine id="l20"><Coords points="92,638 92,667 612,667 612,638"/><TextEquiv><Unicode/></TextEquiv><TextEquiv index="1"><Unicode>Non adeo feruet noſtro ſub pectore Phœbus</Unicode></TextEquiv></TextLine><TextLine id="l21"><Coords points="119,668 119,697 567,697 567,668"/><TextEquiv><Unicode/></TextEquiv><TextEquiv index="1"><Unicode>Nec tantum nobis temporis eſt vacui,</Unicode></TextEquiv></TextLine><TextLine id="l22"><Coords points="611,700 513,698 90,698 90,724 192,726 611,726"/><TextEquiv><Unicode/></TextEquiv><TextEquiv index="1"><Unicode>Vt liceat dulceis Muſarum expromere fœtus</Unicode></TextEquiv></TextLine><TextLine id="l23"><Coords points="517,727 124,726 124,755 517,755"/><TextEquiv><Unicode/></TextEquiv><TextEquiv index="1"><Unicode>Et procul a curis ocia longa ſequi.</Unicode></TextEquiv></TextLine><TextLine id="l24"><Coords points="505,784 624,785 624,754 549,754 527,756 467,757 137,755 124,756 92,754 92,786 134,786"/><TextEquiv><Unicode/></TextEquiv><TextEquiv index="1"><Unicode>Quid cauſſæ eſt igitur? lætinum copia Bacchi,</Unicode></TextEquiv></TextLine><TextLine id="l25"><Coords points="580,814 580,785 121,787 121,813 124,814 490,815"/><TextEquiv><Unicode/></TextEquiv><TextEquiv index="1"><Unicode>An potius canum me facit ipſa Venus?</Unicode></TextEquiv></TextLine><TextLine id="l26"><Coords points="755,814 595,814 490,816 90,814 90,843 755,843"/><TextEquiv><Unicode/></TextEquiv><TextEquiv index="1"><Unicode>Neutrum horum in cauſſa eſt. nam quæ mihi cura Læi,</Unicode></TextEquiv></TextLine><TextLine id="l27"><Coords points="194,872 637,873 637,844 527,843 349,845 121,843 121,874 187,875"/><TextEquiv><Unicode/></TextEquiv><TextEquiv index="1"><Unicode>Q ve poteſt miſero blanda placere Venus</Unicode></TextEquiv></TextLine><TextLine id="l28"><Coords points="617,873 194,873 187,876 128,876 113,875 108,874 106,872 90,872 90,900 279,903 617,903"/><TextEquiv><Unicode/></TextEquiv><TextEquiv index="1"><Unicode>Hoc aciunt curæ, quæ me nocteſque dieſque</Unicode></TextEquiv></TextLine><TextLine id="l29"><Coords points="514,904 119,903 119,930 514,930"/><TextEquiv><Unicode/></TextEquiv><TextEquiv index="1"><Unicode>Perpetuis angunt ſollicitudinibus.</Unicode></TextEquiv></TextLine><TextLine id="l30"><Coords points="88,931 88,961 668,961 668,931"/><TextEquiv><Unicode/></TextEquiv><TextEquiv index="1"><Unicode>Hinc mihi canicies Gordi, &amp; properata ſenectus;</Unicode></TextEquiv></TextLine><TextLine id="l31"><Coords points="567,961 121,961 121,988 134,989 567,990"/><TextEquiv><Unicode/></TextEquiv><TextEquiv index="1"><Unicode>Hinc iuueni frontem ruga ſenilis arat,</Unicode></TextEquiv></TextLine><TextLine id="l32"><Coords points="598,1019 598,991 568,990 467,992 320,992 252,990 90,990 90,1020 107,1020 113,1016 135,1016 141,1018 226,1018 270,1020 530,1020"/><TextEquiv><Unicode/></TextEquiv><TextEquiv index="1"><Unicode>Viue igitar lætus, ne te quoque noxia cura</Unicode></TextEquiv></TextLine><TextLine id="l33"><Coords points="612,1020 270,1021 226,1019 117,1018 117,1049 612,1049"/><TextEquiv><Unicode/></TextEquiv><TextEquiv index="1"><Unicode>Eſficiat Cygnum, qui rmodo Coruus eras.</Unicode></TextEquiv></TextLine><TextLine id="l34"><Coords points="219,1050 219,1077 641,1077 641,1050"/><TextEquiv><Unicode/></TextEquiv><TextEquiv index="1"><Unicode>Conuerſiin montem. ad I.Morellium</Unicode></TextEquiv></TextLine><TextLine id="l35"><Coords points="641,1078 442,1079 90,1077 90,1107 641,1107"/><TextEquiv><Unicode/></TextEquiv><TextEquiv index="1"><Unicode>Mutari in varias, vt quondam, corpora formas,</Unicode></TextEquiv></TextLine><TextLine id="l36"><Coords points="513,1135 571,1136 571,1108 320,1109 265,1107 165,1107 116,1110 116,1138 508,1138"/><TextEquiv><Unicode/></TextEquiv><TextEquiv index="1"><Unicode>Fabula, Morelli, quæ fuit, hiſtoria eſt.</Unicode></TextEquiv></TextLine><TextLine id="l37"><Coords points="711,1137 711,1162 757,1162 757,1137"/><TextEquiv><Unicode/></TextEquiv><TextEquiv index="1"><Unicode>Iam</Unicode></TextEquiv></TextLine><TextEquiv><Unicode/></TextEquiv></TextRegion></Page></PcGts>