872 1312
309 70 506 92 BELLAII.
104 108 653 136 Concipiunt hominem parturiunique Deum.
75 137 567 168 Nternum loieant clauſo ſub carcere Diræ,
113 168 544 196 Et ſtupeat nigrâ triſtis Auernus aquâ.
74 193 628 227 Ecce nouo inuictæ nectuntur vincula Morti,
112 227 559 253 Ecce ſuas tandem perdidit Orcus opes.
82 256 604 285 Ergo polus regem, victorem tartarus ingens,
75 285 646 314 Auctorem agnoſcant cuncta eleme na ſuum
280 317 519 337 In nimiu ldatorem.
85 343 517 373 Ob iſtas mibhi quas & vſque & vſque
83 373 408 395 Mulris verſibus & laborioſis
83 403 464 429 Laudes attribuis vel immerenti,
87 433 445 462 Gratias tibi maximas, Fabulle,
82 462 492 483 Non multis nimium aut laborioſis
82 490 411 520 Ago verſiculis: referre certe
81 520 510 549 aud queam, niſi plura vel merenti
82 549 454 579 Laudes ipſe tibi tuas remittam.
329 581 446 599 In Aulum.
82 607 614 637 Dum cupidus famælaudem captabat inanem,
96 637 577 666 Pro nihilo ſummas Aulus habebat opes.
75 666 599 696 Idem nunc opibus laudem poſtponit auarus:
111 696 602 724 Nec retulit laudem; nec feret Aulus opes
298 727 443 748 Ad Gordium.
83 755 429 784 Illa marmoreâ puella fronte,
84 785 433 813 Ore purpureo, aureis capillis,
83 815 500 842 Sinu lacteolo; illa nuper, inquam,
82 843 474 872 Nobis pulerior omnibus puellis,
82 872 483 902 Nobis carior omnibus puellis,
81 902 497 930 Dum ſe in quadriuiis & angiportis
82 930 471 960 Paſſim proſtituit, venuſte Gordi,
83 960 475 989 Gemellos modo repperit miſella
82 990 465 1019 Ficos inguinibus ſuis tumentes.
347 1020 561 1050 Aloquitur Muſam.
83 1048 596 1076 Cum Latias vrbes hoſt is populetur & agros,
109 1077 601 1107 Perturberq; omnea Mars ferus Auſoniam
75 1107 613 1142 Cum ſuſpecta fides magnis terroribus Vibem
710 1143 755 1167 Iu.
