872 1312
359 73 573 94 IOACHIMI
149 77 191 99 42
175 110 658 139 Impleat, & trepidos cogat ad arma Duces;
836 132 870 162 M
146 139 673 167 Non te, Muſa, pudet mediis in faucibus Orci
175 168 563 197 Intempeſtivos ludere verſiculos ?
149 197 650 226 Quin potius clypeo, fidoque accingeris enſe,
176 228 620 256 Et valida torques ſpicula miſſa manu?
145 255 659 283 Non iſtas arteis poſcunt hæc tempora nec ſic
175 286 589 314 Depelles iugulo tela cruenta meo.
147 315 745 372 :ci-
144 373 869 425 Bella gerant queis Bella placent: mihi carmina curæ,
176 402 690 431 Et nemora, & fontes, & leue murmur aquæ.
145 431 643 461 Tu vero quem tanta mouet incendia belli,
178 461 610 489 De pauido vanos excute corde metus.
147 489 641 512 Carminibus conſide bonis, te noſtra tuetur
831 504 870 526 .
6 512 91 556 e
175 518 606 542 Laurea. ſunt aliis bella timenda viris,
145 548 688 577 Verum, ni Siculum miles, dum belia geruntur,
831 574 867 601 t
133 577 572 598 ntentum radio cæderet artificem.
318 607 598 632 In ſontem IuliiIII. P. .
144 634 497 664 Cur has pampineis iugis Iulus
147 666 546 693 Fontis Virginei Deas ſacrarit,
144 693 540 722 Hoſpes ſcire cupis? ferunt Lyæum,
144 722 525 749 Ignibus patriis adhuc rubentem,
144 752 597 782 Nymphas culmina montium colentes,
144 781 502 813 Hoc pellucidulo abluiſſe fonte.
201 811 745 841 In Mineruam argenteam a S. P. Q. Tholoſano Pen
287 842 673 872 Ronſardo decretam, & ab ipſo dicatam
393 872 529 901 Hſerrico Regi.
141 896 523 928 Abſenti, neq; tale quid petenti,
143 927 556 956 Sed toto Aonidum probante cœtu
142 956 538 981 Doctus Palladiæ chorus Tholoſæ
141 985 527 1014 Per pulcram tibi detulit Minervæ,
823 1009 870 1033 Mu
141 1014 610 1046 Ronſarde, effigiem, & quidem merenti.
823 1038 870 1068 t
140 1043 566 1078 Nam ſi pro merito æſtimare quemq;
141 1072 523 1101 Fas eſt, cui potius Minerua denr.
143 1101 605 1139 QuAm cui in pectoretota ſit Minerua?
769 1134 827 1162 Ta
