872 1312
276 65 475 87 BELLAII.
66 101 534 132 Tu vero ingenuo pudore tantum
66 130 493 160 Decerni tibi non ferens honorem
65 162 455 190 Sed malens propriâ locare ſede
66 190 458 221 Sacrum Palladium, pius ſacerdos
66 221 413 248 Regi Pallada rite conſecraſti,
66 249 475 280 Sub quo Palladij vigent honores.
329 282 438 302 De eadem.
66 309 563 339 uGrata tuis ſtudiis nuper ſtudioſa Tholoſa,
114 339 584 368 Sub qua Palladiæ nune viget artis honos.
66 368 517 398 Argentoe nitido ſpirantia Palladis ora
112 398 544 427 Carminibus poſuit. magne poëtatuis.
66 423 549 457 Tu vero hæc Regis iuſſiſt tecta ſubires
108 457 550 486 Pallada qui ſolus nouit vtramq; ſimul.
353 488 425 507 Eidem.
66 506 474 543 Tholoſa ingenua, & Tholoſa ver,
66 544 546 574 Tam bellam tibi quæ dedit Mineruam
66 574 488 603 Tu quoq ingenuus, tibi datam qui
66 602 419 629 Regi Pallada maximo dediſti.
66 629 479 659 Nunc ſuo poſita eſt loco Minerua:
66 658 522 691 Quid princeps tibi maximus rependet.
224 694 529 721 De eadem, æd Erricum Regem.
66 708 543 752 Vilius argentum eſt auro, virtute mmora
108 751 584 779 Carmina,magnanimo Rege poëta minor.
66 776 636 811 Sed tu, quem fas es, Rex ter maxime Regumo
106 809 560 838 Vel paruis meritis præmia larga dare,
65 833 553 868 Quæ tibi Ronſardus vates argentea miſit,
105 867 509 891 Aurea Ronſardo dona remitte tuo.
73 897 648 928 Aurea namq; decet ſolum dare munera Regem,
104 926 517 953 Qui ſolus nobis aurea ſecla dedit.
237 957 493 986 A Petrum Ronſardum.
66 982 474 1014 Cur, Ronſarde, nouo atq; inuſitato
73 1014 399 1036 Decreto tibi nobilis Tholoſa
66 1043 479 1070 Cælatam modo detulit Mineruam?
66 1068 409 1103 Vt qui ſcilicet vſitata Gallis
74 1099 460 1132 Sic veſtigia linquit, vt Pelaſgum-
649 1136 734 1157 rimus
