872 1312
276 65 475 87 BELLAII.
696 73 744 91 B2
32 101 534 132 Tu vero ingenuo pudore tantum
838 109 866 193 I
33 124 493 160 Decerni tibi non ferens honorem
34 162 455 190 Sed malens propriâ locare ſede
34 190 458 221 Sacrum Palladium, pius ſacerdos
35 222 413 248 Regi Pallada rite conſecraſti,
35 250 475 280 Sub quo Palladij vigent honores.
329 282 438 302 De eadem.
1 309 563 339 uGrata tuis ſtudiis nuper ſtudioſa Tholoſa,
114 339 584 368 Sub qua Palladiæ nune viget artis honos.
1 369 517 398 Argentoe nitido ſpirantia Palladis ora
112 398 544 427 Carminibus poſuit. magne poëtatuis.
36 423 549 457 Tu vero hæc Regis iuſſiſt tecta ſubires
108 457 550 486 Pallada qui ſolus nouit vtramq; ſimul.
353 488 425 507 Eidem.
36 506 474 543 Tholoſa ingenua, & Tholoſa ver,
36 545 546 574 Tam bellam tibi quæ dedit Mineruam
35 574 488 603 Tu quoq ingenuus, tibi datam qui
35 603 419 629 Regi Pallada maximo dediſti.
35 628 479 659 Nunc ſuo poſita eſt loco Minerua:
35 659 522 691 Quid princeps tibi maximus rependet.
224 694 529 721 De eadem, æd Erricum Regem.
36 708 543 752 Vilius argentum eſt auro, virtute mmora
108 751 584 779 Carmina,magnanimo Rege poëta minor.
37 775 636 811 Sed tu, quem fas es, Rex ter maxime Regumo
106 809 560 838 Vel paruis meritis præmia larga dare,
1 829 553 868 Quæ tibi Ronſardus vates argentea miſit,
105 867 509 891 Aurea Ronſardo dona remitte tuo.
73 897 648 928 Aurea namq; decet ſolum dare munera Regem,
104 926 517 953 Qui ſolus nobis aurea ſecla dedit.
237 957 493 986 A Petrum Ronſardum.
39 982 474 1014 Cur, Ronſarde, nouo atq; inuſitato
73 1014 399 1036 Decreto tibi nobilis Tholoſa
42 1043 479 1070 Cælatam modo detulit Mineruam?
42 1068 409 1103 Vt qui ſcilicet vſitata Gallis
74 1099 460 1132 Sic veſtigia linquit, vt Pelaſgum-
649 1136 734 1157 rimus
