872 1312
316 79 552 101 IOACIMI
121 114 532 144 Primus detegat abditos receſſus,
122 145 506 174 Is nouo quoq; munere augeatur.
121 173 444 202 At cur iudicio graui Senatus
121 203 491 233 Decreta eſt potius tibi Minerua,
123 232 603 261 Quam Phœbus fidicen, nepos ve Atlantis,
122 262 544 284 Aut vna Aonidum e choro ſororum?
121 291 512 315 Vt te non modo verſibus ſonoris,
123 319 531 349 Cantus edere quod ſolent inepti
123 348 473 375 Sed conſtet potius tuis ineſſe
123 377 459 404 Doclis verſibus & laborioſis,
113 408 538 437 Rerum multiplicem eruditionem.
124 436 487 459 Cur vero tibi candido e metallo
124 464 563 495 Hæc facta eſt Dea: nempe quod poëta
124 494 496 524 Purus, candidus, omnibus poëtis
124 523 455 551 Præſtes ingenuo tuo nitore;
124 553 511 582 Candore vt proprio nec aduocato
124 582 523 609 Argentum ſolet omnibus metallis.
330 615 493 641 Ad eandem.
124 639 692 677 Strinxerat in ſæuos qod fortiter arma Tyrannos
111 696 605 728 Aequoarbaries no tevindice terris
154 670 544 700 Alcæus vates, aurea plectra tulit.
152 727 631 757 Exulet, hoc poſita eſt docta Minerua tibi.
182 759 600 789 In nuptias . Momm orantij d Dianæ filiæ
319 791 446 818 Reg. Herrici.
125 814 588 842 Quâ iuncta eſt tibi nocte, Mommoranti,
124 844 512 877 Noſtri progenies Iouis Dana,
125 874 481 905 Ocellus patris, ipſiusq vultum,
123 904 493 933 Et mores referens, pudica, bella,
123 931 497 962 Prorſus vt ſimilem putes Dianæ,
124 961 505 994 Aut ipſam potius putes Dianam;
126 990 520 1020 Non ex fomite natus, aut lucetnâ,
125 1019 508 1051 Si qua ſit famulis ſides ſed alto
123 1050 525 1074 E eœlo vt rutilus cadens Comœtes
124 1077 472 1108 Sulcos tramite longiure ducit,
111 1104 461 1136 Dum ſopita tuis iacet lacertis
693 1140 782 1165 Conl
