872 1312
270 66 472 92 BELA
57 97 455 138 Coniux, per ſpeculas polo ſereno,
57 136 384 164 gneus radius repenteluxit,
56 164 516 194 Omnes qui thalami angulos pererrans,
57 192 449 223 Vittas, lintea, ceteras q; tandem
57 221 426 253 Ncctis munditias edax vorauit.
57 250 481 285 Tu vero, O iuuenum decus, patrisq;
57 284 490 312 Ma gni nomine digne Mommoranti,
56 309 411 343 Infelix aliquid fuge augurari:
56 339 403 369 Sed ipſum potius tuis putato
57 371 436 402 Nuptiis ymenæon adfuiſſe:
57 398 448 429 Qui tædam quatiens, tuæ peruſſit
57 430 452 464 Fauſto coniugis igne vouor
57 462 424 497 At cur ſic Deus hic tuæ peruſſit
57 491 458 527 Fauſto coniugis igne vlqss
57 524 405 552 Vt tu ſcilicet hanc ſcias mariti
57 552 382 587 Oblitam veteris, tuis peruri
57 583 462 617 Iam ſolum facibus, tuisq; lammis.
154 624 476 654 Ad Magaretam ſororem egis.
57 651 459 689 Clauſus corporeo miſer ſub Orco,
57 691 392 721 Orcus ille fuit diu carere
67 720 398 750 Sole, Diua, tuo tuaq, luce
68 751 488 779 Cœco in carcere quattuor per annos
66 779 496 811 Pœnas perſolui omnium malorum,
66 809 493 839 Quæ mentes ſibi contrahunt miſeilæ
61 836 497 867 Mole ex corporeâ, ſuisq; membris.
67 868 463 898 At nunccarcere tam graui ſolutus,
68 896 381 928 Sole Dlua tuo, tuaq; luee,
68 925 427 952 Solo igne æthereo mihi relicto,
66 954 439 986 Pondus corporeum diu peruſtus
68 984 437 1016 Tandem depoſui, Deis benignis.
69 1013 377 1042 Sic nune Elyſio fruor beato
68 1042 417 1073 Tuisauſpiciis, fruarq; ſemper,
61 1067 487 1095 Nec men vlla mihi hinc ſit exeundi
60 1098 455 1130 At tu, ne Elyſio ſub amne merſus,
642 1136 729 1166 Sopitus
