872 1312
283 69 599 97 OA
138 110 498 137 Sopitus iaceam memento vatis
133 137 497 167 Quæſo, Diua,tui, prioris æui
133 167 497 195 Amor ne redeat, velitq; rurſus
137 197 517 226 Claudi corporeo miſer ſub Orco.
283 227 476 255 In eiuſdem nuptias.
137 253 561 284 Qualia Virtuti virtus ſi nuberet ipſa,
166 283 646 305 Carmina Pieridum voce canenda forent.
136 313 679 343 Talia Margaridi Virtus nam Margaris ipſa eſt
166 343 617 363 Carmina Pieriis ſunt modulanda ſonis.
270 372 494 400 Ad Mariam Hayam.
136 400 594 430 Quid ſim.qud fuerim quid egerimve
136 430 510 460 Ex quo, Dia, tuis frui Camœnis,
134 460 482 488 Scriptis, ingenio, eruditione,
136 489 493 518 Lepore, intuitu, allocutione
136 518 514 545 Crudeles Superi inuidere nobis,
134 546 499 575 Ipſe tam memini, ſopore preſſus
137 576 511 604 Quam ſi, velnimio grauis Lyæo,
134 604 542 633 Aut forem Elyſio ſub amne merſus.
134 635 543 660 Hoc tantum memini, nihil fuiſle
136 664 599 693 Me, præter lapidem, grauemq; truncum,
133 693 601 722 Aut ſi his quid grauius. trucem, ſeuerum,
132 722 613 751 Elinguem, ſtupidum, Trophoni vt olim
133 751 536 781 Ex antro attonitos ferunt rediſſe.
133 780 528 810 Nec mirum: ipſa mihi tuis ocellis,
131 810 532 839 Formâ, atq; ingenio elegantiore,
132 838 523 868 Cum ſenſus animumq; ſurpuiſſes.
130 867 431 891 Et cui ſidereis tuis ocellis,
130 898 535 927 Formâ atq; ingenio elegantiore,
131 927 524 955 Non ſenſus animumq; ſurpuiſſes?
130 955 541 986 Quare ſi quid adhuc tui,quod opto,
128 986 494 1014 Bellai memor es, eupisq; ſcire
128 1015 542 1045 Quid ſit, quid fuerit, quid egeritve
128 1045 571 1073 Tot annos Latio in ſolo, mihi me
127 1073 552 1102 Redde. reddideris, mod huc reuerſo
126 1103 492 1133 Si te, quo ſolita es lepore, vultu,
693 1135 799 1171 Scriptis,
