872 1312
283 77 484 103 BEILLAII.
59 109 435 148 Scriptis, verſiculis, venuſtulisq;
59 137 364 174 Iocis & ſalibus faceiisq;
60 168 512 206 lam iam reddideris mih benignam.
283 217 505 244 In pctam decoctorem.
60 251 573 289 Egregium, Mæui, quis te neget eſſe poëtam,
103 283 554 317 Atq; adeo antiquis vatibus eſſe parem?
60 309 600 349 Struxiſſe Amphion Thebanas dicitur arceis,
60 343 558 377 Dum mouet argutæ plectra ſonoralyræ,
60 368 545 405 At tu dum ſidibus ſedes poſtponis auitas,
101 399 494 432 Verſibus euertis tecta paterna tuis.
313 445 425 466 In eundem.
59 459 629 506 Dum canit Eurydicem, ſiluæq; & ſaxa ſequuntur,
60 499 542 532 Et renet immaneis Thracius ipſe fetas.
59 528 626 565 At tu dum horriſonis ſiluas concentibus imples,
60 559 503 588 Attonitæ fugiunt in ſua luſtra feræ.
126 599 627 635 In nuptias Franciſei Galliarum Delphini, & Ma-
223 629 525 663 ria Stuarta Scotorum eginæ.
60 657 451 697 Raptus Tyndaridis parum pudicæ
66 695 520 726 Ob formam, & faeiem nimis venuſtam,
64 725 509 757 Europam atq; Aſiam decem per annos
52 754 405 784 Collſit nimium graui duello.
64 784 490 817 Caſtus Scottidis at torus puellæ,
63 813 491 848 Quâ nec pulcrior eſt venuſtiorque,
64 844 427 875 Qua nec candidior, benigniorq;
59 872 434 906 Aut eſt, aut fuit, aut erit puella,
63 902 551 933 Gallum belligerum ac ferum Brtannum
61 931 444 960 Bellis tam grauibus diu æſtuantes
60 958 417 990 Iſdem ſub titulis, Deo ſubvno,
61 990 458 1021 Vno ſub duce, legibus ſub iiſdem
61 1021 398 1053 Pace perpetuâ iugabit olim.
62 1051 434 1081 O ter coniugium, qunterq, ſeliæ.
62 1077 496 1107 O lætam populi hinc & inde ſuortem:
56 1104 545 1146 O pulcram, & lepidam, & piam puellam:
685 1153 719 1173 D
