872 1312
342 71 590 96 OAC I
372 113 550 141 De alelo recepta.
155 139 664 172 Quæ nulli tentata prius iam tuta manebant,
180 169 554 199 Illa tuus cepit mœnia Guiſiades.
132 198 654 225 Mœnia Gniades, fuſtra ſeruata tot annos,
182 228 567 256 Cepit, conſiliis ſed, Lotarene, tuis.
152 256 711 285 Sic male ab inſomni quondam ſeruata dracone
179 286 581 315 Amphitryoniades aurea mala tulit.
329 327 563 349 In Britænnos, icus.
152 352 708 382 Gallica quis credat? ſurgunt iam tecta Caleti,
181 382 540 410 Exultatq, ſuis Gallia littoribus.
151 412 747 441 Comprimit Oceanus metuendos claſſe Britannos.
180 441 604 463 Diuiſus toro iam obe Britannus erit.
338 481 609 508 nn reditum uiſfiani Duci.
152 504 780 546 Vt quondam in patriam rerulit cum ſigna Camillus.
183 537 635 569 Spectandum niueis ſe dedit altus equis.
153 566 631 595 Guiſius e domitis nuper ſic ipſe Britannis
183 595 649 627 Signa refert niueo ſic quoq; vectus equo.
150 624 643 653 quo præda Duci prædæ melioris auaro
183 654 622 682 Albus ceſſit equus: cetera miles habet.
150 683 672 712 Hæc ille ex capto retulit ſpolia ampla Caleto;
182 712 637 739 Hanc prædam victo victor ab hoſte tulit.
151 742 625 776 Atnon parua tulit virtutis præmia, victor
183 769 569 800 Hoſtis qui rediit, victor & ipſe ſui.
150 799 724 834 ultorum præda eſt, miles quam quiſq; reportat:
182 828 612 857 Vnius eſt magni præda, ſed iſta Ducis.
350 869 543 895 In laudem eiuſdem.
152 894 621 930 Cum bellis attrita diu, prope ciuibus orba
182 925 634 958 Roma. foret Libyæ iam ſubitura iugum;
148 954 772 993 Indomitum Annibalem tum primum poſſe domari;u
183 983 674 1016 Marcellus docuit, ſpemq; animumq; dedit.
152 1012 688 1045 Cum toties olim victorem experta Britannum
182 1042 619 1071 Gallia ab Oceano iam maltura foret:
151 1071 611 1102 iſius auſpiciis uper melioribus vſus,
180 1100 584 1136 allc,. .ibis du tibirſtituit,
738 1132 807 1162 Indo-
