872 1312
272 72 472 96 BEL LAI
61 105 574 146 Indomitos docuit ſuperari poſſe Britannos,
62 140 533 168 Atq, inuicta prius mœnia poſſe capi.
198 171 601 199 In eundem, & ard. Lotarenum fratrem.
62 192 632 231 Qui Martem ſpectare cupis, fera bella mouentem
62 229 595 258 Turbidus auriferis qua fluit Hebrus aquis,
62 256 602 285 Adſpice Guiſiadem hoſtili de cæde cruentum:
62 286 521 317 Guiſiadem Marti dixeris eſſe parem.
62 373 578 407 Adſpice purpurei columenq; decusq; galeri:
95 405 526 435 Mercurio ſimilis tunc Lotarenus erit.
51 433 626 465 Ile potens dextrâ; facundo hic munere linguæ:
51 464 543 493 His geminis tuta eſt Gallia numinibus.
51 488 616 520 His ergo auſpiciis ſume, Herrice, orbis habenas,
51 523 560 551 Et magnum in terris æquiparato louem.
194 553 575 582 De Comite Alcinoo, puellam pigente.
50 580 587 611 Alcinoum Comitem formoſa puella rogabat,
51 608 500 637 Vt ſe depictâ duceret in tabula.
51 633 643 676 Vt valeam quod poſcis, ait, mihi tota videnda es;
51 668 549 698 Præbenda eſt oculis nudaq; forma meis.
50 695 544 729 Spectabat nudas ſic Leuxis & ipſe puellas,
51 727 543 755 Dum pingit vultus, pulcra Lacæna, tuos.
51 755 590 786 Abnuit hoc primum vultu pudibunda puella:
51 785 480 814 Sed deſiderio ceſſit vt ipſe pudor.
51 811 550 844 Corpore nudato candentia pectora pandit,
87 843 551 872 Membraq; vel primâ candidiora niue.
51 873 536 898 Talem ſe Paridi nemoroſæ in vallibus Idæ
51 902 632 933 Spectandam,vt perhibent, præbuit alma Venus.
51 933 577 961 At cupidus pictor, dum neruos explicat artis,
89 961 544 992 Nec potis eſt dextram tollere de tabulâ.
51 982 554 1020 oonus ex magno Lyſippus factus Apelle,
51 1017 513 1058 Spiantem fecit pro rabulâ ſtatuam.
253 1053 487 1075 Ad Is mds .
50 1069 402 1104 urate, Aoniæ dccus cateruæ,
51 1105 414 1138 urateaucois ti Camœnis
648 1139 720 1163 Nobs
