872 1312
272 75 472 96 BEL LAI
36 105 574 147 Indomitos docuit ſuperari poſſe Britannos,
37 140 533 168 Atq, inuicta prius mœnia poſſe capi.
198 171 601 199 In eundem, & ard. Lotarenum fratrem.
37 192 632 231 Qui Martem ſpectare cupis, fera bella mouentem
45 229 595 258 Turbidus auriferis qua fluit Hebrus aquis,
1 252 602 285 Adſpice Guiſiadem hoſtili de cæde cruentum:
44 286 521 317 Guiſiadem Marti dixeris eſſe parem.
3 315 558 377 eeæ
6 369 578 407 Adſpice purpurei columenq; decusq; galeri:
95 405 526 435 Mercurio ſimilis tunc Lotarenus erit.
1 408 45 444 u
38 433 626 465 Ile potens dextrâ; facundo hic munere linguæ:
39 464 543 493 His geminis tuta eſt Gallia numinibus.
39 486 616 520 His ergo auſpiciis ſume, Herrice, orbis habenas,
1 510 45 531 l:
41 523 560 551 Et magnum in terris æquiparato louem.
194 553 575 582 De Comite Alcinoo, puellam pigente.
39 580 587 611 Alcinoum Comitem formoſa puella rogabat,
36 608 500 637 Vt ſe depictâ duceret in tabula.
34 633 677 676 Vt valeam quod poſcis, ait, mihi tota videnda es;
36 668 549 698 Præbenda eſt oculis nudaq; forma meis.
1 694 544 729 Spectabat nudas ſic Leuxis & ipſe puellas,
36 727 543 755 Dum pingit vultus, pulcra Lacæna, tuos.
38 753 590 786 Abnuit hoc primum vultu pudibunda puella:
36 785 480 814 Sed deſiderio ceſſit vt ipſe pudor.
2 810 550 844 Corpore nudato candentia pectora pandit,
36 843 551 872 Membraq; vel primâ candidiora niue.
40 873 536 898 Talem ſe Paridi nemoroſæ in vallibus Idæ
40 903 632 933 Spectandam,vt perhibent, præbuit alma Venus.
8 933 577 961 At cupidus pictor, dum neruos explicat artis,
89 961 544 992 Nec potis eſt dextram tollere de tabulâ.
1 966 554 1020 oonus ex magno Lyſippus factus Apelle,
1 1018 513 1058 Spiantem fecit pro rabulâ ſtatuam.
253 1053 487 1075 Ad Is mds .
36 1070 402 1104 urate, Aoniæ dccus cateruæ,
36 1105 414 1138 urateaucois ti Camœnis
448 1141 527 1162 e a
648 1139 720 1163 Nobs
