872 1312
353 75 595 96 IOACHIMI
154 111 502 139 Nobis aurea ſccla qui reducis;
154 138 627 169 Putabam ipſe quoque id quod & putabat
152 169 499 199 Ilio, & pelago miſer tot annos
144 198 480 228 Vlyſſes lh e luâ reuulſus,
152 228 523 250 Dulce ſci icet eſſe vel fauillam
155 257 491 285 Fumantis pstrij foci videre
156 285 585 314 Gaudebam atq; mihi ipſe gratulabar,
156 315 593 345 Sirenum inſidias iru:em Charybdim,
153 345 540 373 Pauces Antiphatis, domosq, diras
154 373 515 403 Cyclopum potuiſſe præterire.
152 401 644 430 Sed O ſpes hominum leues reuerſum
152 432 555 462 Per tot heu pelagi æſtuantis vndas,
151 462 508 491 Per tot flumina, ſaxeasq; rupes,
154 491 475 517 Per tot aëtias niues proterui
148 520 543 549 Edunt mille proci procos vocare
144 549 474 578 Si curas liceat, malasq; lites,
150 578 608 606 Quæ noſtrum male corculum perurunt,
151 607 600 635 Quæ noſtras penitus vorant medullas.
151 637 555 666 His, Aurate, malis premor miſellus:
150 667 601 697 Hæc, Aurate, meam domum frequentat
145 695 512 724 Turba; ſic patrios Lares reuiſo,
147 724 513 753 Saltem ſi qua mihi domi pudica
148 754 492 784 Foret Penelope, pius q; Natus,
145 783 543 814 Longæuus genitor, ſagaxq; nutrix,
146 812 529 840 Qui læti exciperent, piisq; feſſum
147 841 563 872 Fouerent manibus: nilil ſed horum
144 871 605 900 Repertum mihi: nevetus quidem me
142 900 581 931 Agnouit dominum canis. quid vltra?
144 929 515 955 Iam ſpes nulla mihi, mihi ſalutis
144 958 513 982 Nulla iam miſero via indicatur:
144 987 552 1016 Ni quemAurate, tibi dedere Muſæ,
141 1016 545 1043 Arcum mi dederis, malos necare
141 1047 559 1075 Procos. quei valeam potente dextrâ.
188 1077 528 1105 De Camilla, Iani Moreli filia.
137 1104 469 1128 Patris delicias ſui Camillam
731 1139 801 1174 Gum
