872 1312
259 73 463 96 BELLAII.
54 108 483 140 Quam finxit manibus ſuis Dione,
54 140 484 171 Quam ſinu Charites ſuo educarunt,
53 171 524 200 Auget quæ numerum nouem ſororum,
54 200 465 230 Amat plus oculis ſuis Morellus,
70 230 475 259 Seu quid plus oculis pote eſt amari.
68 258 390 280 Morello ſimilis ſuo Camilla
68 287 529 313 Sic eſt, tam ſimile haud ſit ouum vt ouo.
53 317 415 347 Illam moribus imbuit pudicis
68 346 488 375 Mater, ſicq́; ſuam excolit Camillam,
54 375 490 405 Vt florem tenerum excolunt puellæ.
68 404 423 432 Sic ludit Latiis modis Camilla,
67 436 476 465 Camillam vt Latij putes alumnam.
54 465 449 492 Sic Græcè loquitur Camilla, iures
54 491 433 520 Vt ipſas minus Atticas Athenas.
54 521 423 553 Hebræas quoq; literas Camilla
65 553 476 582 Tam pingit bene, quàm ſuas Latini.
65 583 427 610 Sic verſus patrios facit Camilla,
64 610 479 639 Ronſardus queat inuidere vt ipſe.
65 639 471 670 Sic cantat fidibus Camilla, vt ipſe
65 670 450 698 Camillæ queat inuidere Pœbus.
54 699 494 728 Et vix (quod ſtupeas) videt Camilla.
53 727 509 752 Videt vix decimam Camilla meſſem.
209 759 517 788 De eadem & gemini ſoribus.
54 783 676 818 Tres fuerant quondam Charites, Iouis inelita proles.
54 816 601 839 Tres iterum Charites naſcentur, non Iouis illæ
63 845 562 877 Progenies, docti ſed docta propago Morelli.
231 878 447 904 Ad Card. Lotarenum
64 904 553 933 Sutori ſutrina ſuo cùm alimenta miniſtret,
94 935 493 965 Certaq́; ſint arti præmia cuiq, ſua;
54 962 551 994 Quei fi, vt vna ſuo ſit Muſa ingrata poëtæ,
94 993 518 1023 Et ſemper vates ſors inimica premat ?
64 1022 636 1053 Scilicet eſt aliquod miſeris malè numen amicum,
94 1055 502 1083 Nec vates æquis aſtra vident oculis.
62 1081 546 1113 At tu,qui cunctos præclaris artibus anteis,
54 1112 543 1146 Cuiq; adeo ſoli numina & aſtra fauent.
678 1146 730 1167 Hæc
