872 1312
346 59 620 92 IOACIIMI
142 108 722 138 Hæc mihi concilia. tunc mi, tunc Carole Diuls,
176 138 591 166 Sideribusq; ipſis tu mihi maior eris.
359 168 560 194 In Ollum Vaſconem.
143 195 715 227 Viuere cum ſcribis, primam mal corripis, Olle;
175 226 642 252 Viuere ſed cum effers, corripis Olle bene.
146 254 640 285 Scilicet hoc lingua maternus poſtulat vſus,
179 284 624 314 Iaudq, tui norunt viuere, ſed bibere.
145 314 619 345 Sic bibis, & viuis, verbo facundus eodem:
176 343 612 372 Hacq; malos verſus efficis arte bonos.
388 373 498 393 In en.
147 401 589 430 Ni veteres illos ſuperares, Olle poëtas,
176 430 648 461 Debebas laqueo protinus ipſe animam.
146 461 649 488 Ecce tamen ſcribis, tutusq; poëmata pangis:
176 488 649 519 Euge, Olle,a laqueo iam nihil inde times.
389 531 512 552 Ad Coilum.
147 558 642 588 Inuide, quid nobis ſurdas ſic obiicis aureis?
178 587 688 620 Qui male non audit, non mihi ſurdus hic eſt.
368 630 508 658 Ad Gordium.
148 659 592 688 Cui donem potius nouum libellum
149 689 525 718 Quo raptum refero meæ puellæ,
149 717 599 746 Gordi, qum tibi, qui meam puellam
149 747 582 776 Sc amas. propriam vt putes ſororem?
149 777 538 811 Qure quidquid id eſt noui libelli
150 805 640 833 Gordi, quod tibi nune damus legendum
147 834 529 863 Sic velim accipias, ſcias vt illam
146 865 509 893 A me plus oculis meis amatam,
148 895 524 923 Et te plus oculis meis amatum.
365 937 503 956 d Venerem.
149 963 672 994 Bella per mathios non heic ciuilia camps,
181 994 625 1023 Fraternasve acies, arma virumq; cano:
152 1023 695 1051 Nec quoq; fert animus mutatas dicere formas;
182 1053 627 1083 Raptor s Stygij ne memorantur equi.
151 1082 717 1109 Aneadum genitrix cauſſa eſt mihi carminis vna:
183 1112 614 1141 Materiam vati da, enus alma, tuo.
775 1144 801 1163 Tu
