872 1312
300 58 529 98 BELLAII.
63 105 591 140 Tu quoq; Pauſtinam nobis, formoſa, dediſti
94 135 500 166 Quâ nihil eſt totâ pulerius Auſoniâ.
62 160 572 197 Hac mihi ſublatâ. periit mihi priſtinus ardor,
62 195 503 224 Et quidquid mentis, vel fuit ingenii
62 221 632 257 Redde ergo ingenium,ſolitaſq; in carmina vires;
62 252 561 283 Fauſtinam potius ſed mihi redde, precor.
309 284 481 310 Raptus Fauſtinæ.
63 309 563 343 Qualis tartareo quondam Proſerpina curru
98 342 543 371 Dum vaga diſcurrit ſaltibus, Enna, tuis
62 368 590 401 Nocturnis nuper rapta eſt Fauſtina quadrigis,
99 401 630 430 Dum tenet, ah demens, limina aperta domus.
62 428 644 461 Rapta eſt,me miſerum, & cæco ſub carcere clauſa,
63 461 591 488 Coniugis ingrato nanc gemit in ihalamo.
63 485 575 517 Et nunc ille ferus, tanquam de virgine rapt.
98 518 512 547 Exſultat, noſtris heu fniiturq; malis.
63 547 552 577 Interea infelix mater lym hata per vrbem
101 578 534 606 Currit, & ignotas excuat ante fores.
62 602 613 635 Te lolam Fauſtina vocans tu limina quærens,
62 635 543 664 Quæſiſſe vt natam dicitur aolma Ceres.
63 661 633 694 Aſt ego, quem aſſiduo torret malus igne Cupido,
63 693 534 723 Daferor, vt noto concita Baccha Deo.
62 782 664 816 Irruere armatus: vel, ſi hoc mala noſtra ferat ſors
63 813 480 841 Perferre audacs vincula Pirirhoi.
231 843 578 871 Fauſtina, Pomæ ſis primus amor.
63 871 569 903 Ipſetuas nupertemnebam, Roma, pucllas;
105 902 549 932 Nullaq; erat tanto de grege bella mihi
63 928 621 962 Et iom quarta Ceres copiti noua ſorta parabat,
105 959 540 991 Nec dederam ſæuo colla ſuperba iugo.
62 983 615 1020 Riſit cæcus Amor. tu verb hanc, inquit amato;
63 1019 518 1048 Fauſtinam nobis indicat ille ſimul:
62 1045 611 1077 iIndicat, & volucrem neruo ſtrid ente ſagittam
104 1077 491 1108 Infixit nobis corda ſub ima puer.
63 1103 654 1141 Necſatis hoc; tradit formoſam in vincla puellam,
712 1136 769 1164 E
