872 1312
300 58 529 98 BELLAII.
35 105 591 140 Tu quoq; Pauſtinam nobis, formoſa, dediſti
94 135 500 166 Quâ nihil eſt totâ pulerius Auſoniâ.
40 156 572 197 Hac mihi ſublatâ. periit mihi priſtinus ardor,
49 195 503 224 Et quidquid mentis, vel fuit ingenii
39 221 632 257 Redde ergo ingenium,ſolitaſq; in carmina vires;
42 252 561 283 Fauſtinam potius ſed mihi redde, precor.
309 284 481 310 Raptus Fauſtinæ.
41 310 563 344 Qualis tartareo quondam Proſerpina curru
98 342 543 371 Dum vaga diſcurrit ſaltibus, Enna, tuis
39 364 590 405 Nocturnis nuper rapta eſt Fauſtina quadrigis,
99 401 630 430 Dum tenet, ah demens, limina aperta domus.
39 421 644 461 Rapta eſt,me miſerum, & cæco ſub carcere clauſa,
48 461 591 488 Coniugis ingrato nanc gemit in ihalamo.
40 478 575 517 Et nunc ille ferus, tanquam de virgine rapt.
98 518 512 547 Exſultat, noſtris heu fniiturq; malis.
39 548 552 578 Interea infelix mater lym hata per vrbem
101 578 534 606 Currit, & ignotas excuat ante fores.
38 597 613 635 Te lolam Fauſtina vocans tu limina quærens,
38 635 543 664 Quæſiſſe vt natam dicitur aolma Ceres.
34 662 633 694 Aſt ego, quem aſſiduo torret malus igne Cupido,
32 690 534 723 Daferor, vt noto concita Baccha Deo.
32 724 587 783 ea
33 782 664 816 Irruere armatus: vel, ſi hoc mala noſtra ferat ſors
37 813 480 841 Perferre audacs vincula Pirirhoi.
231 843 578 871 Fauſtina, Pomæ ſis primus amor.
1 871 569 906 Ipſetuas nupertemnebam, Roma, pucllas;
105 902 549 932 Nullaq; erat tanto de grege bella mihi
32 921 621 962 Et iom quarta Ceres copiti noua ſorta parabat,
105 959 540 991 Nec dederam ſæuo colla ſuperba iugo.
32 980 615 1020 Riſit cæcus Amor. tu verb hanc, inquit amato;
32 1019 518 1048 Fauſtinam nobis indicat ille ſimul:
2 1045 611 1077 iIndicat, & volucrem neruo ſtrid ente ſagittam
104 1077 491 1108 Infixit nobis corda ſub ima puer.
1 1096 654 1141 Necſatis hoc; tradit formoſam in vincla puellam,
712 1136 781 1164 E
478 1140 547 1166 Ee 4
