872 1312
346 54 587 84 IOACHIMI
155 89 576 119 Et ſacræ cogit clauſtra ſubire domus.
125 119 652 151 Haud prius illa tamen nobis erepta fuit, quam
155 149 634 179 Venit in amplexus terque quaterq; meos.
124 175 591 208 Scilicet hoc Cypris nos acrius vrit, & ipſe
152 207 588 236 Altius in noſtro pectore regnat Amor.
351 239 572 264 Ad Fauſtinæ ianuam.
124 264 728 297 Hæc domus hæc illa eſt, noſtros quæ claudit amores.
153 294 589 326 Ah nimis atq; nimis ianua dura mihi
125 325 634 357 Tu veneres ingrata meas luſuſque iocoſque,
155 354 602 384 Tu prohibes vinclis gaudia noſtra tuis.
124 383 609 408 At nunc ille ſenex forſan roſea illa labella
156 411 632 443 Sugit, & amplexu mollia membra premit.
124 441 688 475 Interea vagus, atq; excors, ſine mente animoque,
155 470 571 500 Limina nocturnis nota tero pedibus.
124 499 560 530 Et circumſpicio Lyncæo lumine, ſi qua
154 527 582 558 Rimula ſit noſtris forte patens oculis.
125 557 653 589 Nulla patet, vel ſi qua patet, ſunt omnia muta
153 587 583 618 Vocibus ac noſtris peruia nulla via eſt.
124 615 687 648 Hei mihi, quod Dominæ nullâ ratione potis ſum
153 644 633 679 Me dulce in gremium mittere per tegulas.
310 678 595 707 Memoria Fauſtine perpetua.
124 702 644 735 Quod ſcelus admiſi infelix? quæ numina læſi,
156 733 583 764 Vt mihi ſic, mea lux, eripienda fores?
125 762 649 797 Nam cui tam ſubito tot gaudia ſunt prærepta,
154 793 549 818 Iratos omnes huic decet eſſe Deos.
121 821 683 852 Ergo ego te poſthac nunquam, mea vita, videbo?
154 851 589 878 Audiero abſentis nec tua verba miſer?
123 879 588 911 At certe inſixi noſtro ſub pectore vultus,
152 909 629 945 Fixaque perpetu verba loquentis erunt.
123 939 701 975 Hoc mihi non Superi abſtulerint non Iupiter ipſe;
154 967 530 1001 Non ſi me toto fulmine deiiciat.
292 1001 634 1032 De Vuleano & marito Fauſtinæ.
122 1025 655 1061 Vt Martem & Venerem vinclis excepit, & aſtu
152 1056 552 1089 Mulciber, & cœlo fabula nota fuit:
123 1082 567 1120 e tu ex inſidiis Fauſtinam ſurripuiſti;
738 1124 807 1158 scili-
