872 1312
265 56 523 87 CAII.
43 103 514 127 cilicet vt totâ notus in vrbe fores.
43 127 534 162 At cur non aſtu ſimili, ſimilique catenâ
108 163 655 186 Meme etiam vinctum maxima Roma videt?
44 184 613 226 Sic te vlciſci ambos, coniux generoſe, decebat.
48 222 594 250 Hoc demum poteras Mulciber eſſe modo.
271 252 576 278 Cur iraſctur marito Fauſtinæ.
1 267 633 311 Non te ideo ne forte aliquis nos dicat ineptos
112 310 537 340 Damnamus noſtris, impie, verſiculis,
42 340 579 370 Quod tu Fauſtinam nuper, de nocte ſilenti,
55 369 504 398 Materno ſæuus troxeris gremio:
85 398 637 428 Quodque illi miſeræ, & duro ſub carcere clauſæ,
113 429 502 459 Omnia crudelis gaudia ſuſtuleris.
41 455 564 487 Nouimus & leges, & quæ ſint iuta mariti,
113 487 566 516 Nec venitex vero noſtra querela toro:
41 516 653 546 Sed quod frigidulus coniux, turpiſque ſenexque
114 546 577 576 Ne quidquam de te durius ipſe loquar
40 575 665 605 Tam bellam & lepidam, tali nec coniuge dignam,
115 605 480 634 Externi cogas iura ſubire tori:
2 633 747 665 Hoc, inquam, eſt, ſæuum quod te faeit, improbe, quodque
114 665 572 694 Damnamus noſtris, impie, verſiculis.
261 694 580 718 Venus & Amor cum Fauſtin.
37 718 673 750 Clauſtra tenent noſtram, ſic Dii voluere, puellam:
117 752 611 781 Felix quem clauſum ferrea clauſlra tenent.
39 780 669 812 Illic ſunt Charites, Luſuſque, Iocique, Leporeſque.
116 811 502 839 Et quidquid ſedes ineolit Idalias.
40 839 607 870 Caſta Venus ſancto corpus iam velet amictu,
114 870 556 901 Sacraque iam diſcat relligioſus Amor.
275 900 564 926 Optat includi cum Fauſtinâ.
89 929 568 958 O mihi ſi liceat furtiuos iungere amores,
118 957 632 986 Heic vbi, me miſerum, clauſa puella mea eſt:
85 988 631 1018 Mentirique nonam mutatâ veſte ſiguram;
114 1018 554 1047 Iuppiter vt quondam caſta Diana fuit.
40 1047 614 1080 Qum bene virgineo tectus velamine corpus,
120 1075 501 1107 Perferrem ſancti iura ſeuera loci
30 1104 552 1135 Nulla Deis melius faceret ſolennia ſacra,
482 1137 570 1161 Ees
714 1135 762 1159 Al-
