<PcGts xmlns="http://schema.primaresearch.org/PAGE/gts/pagecontent/2017-07-15" xmlns:xsi="http://www.w3.org/2001/XMLSchema-instance" xsi:schemaLocation="http://schema.primaresearch.org/PAGE/gts/pagecontent/2017-07-15 http://schema.primaresearch.org/PAGE/gts/pagecontent/2017-07-15/pagecontent.xsd"><Metadata><Creator>User123</Creator><Created>2020-04-19T01:00:18</Created><LastChange>2020-04-19T01:00:18</LastChange></Metadata><Page imageFilename="0470.png" imageHeight="1312" imageWidth="872"><TextRegion id="r0" type="paragraph"><Coords points="1,1 870,1 870,1310 1,1310"/><TextLine id="r0_l001"><Coords points="496,85 429,84 424,82 417,75 410,75 409,72 244,72 244,93 496,93"/><TextEquiv index="1"><Unicode>BEILLI</Unicode></TextEquiv></TextLine><TextLine id="r0_l002"><Coords points="703,68 703,93 746,93 746,68"/><TextEquiv index="1"><Unicode>4S</Unicode></TextEquiv></TextLine><TextLine id="r0_l003"><Coords points="831,99 831,135 870,135 870,99"/><TextEquiv index="1"><Unicode></Unicode></TextEquiv></TextLine><TextLine id="r0_l004"><Coords points="58,146 72,146 79,141 434,141 491,138 536,138 547,137 547,104 538,104 531,106 479,107 310,108 206,106 111,107 78,104 42,103 42,148 55,148"/><TextEquiv index="1"><Unicode>cilicet humanos rides ſuiſſime luctus:</Unicode></TextEquiv></TextLine><TextLine id="r0_l005"><Coords points="501,168 588,166 591,165 591,139 491,139 434,142 352,141 202,143 112,142 112,171 456,171"/><TextEquiv index="1"><Unicode>Et ſperas precibus poſſe mouere Deos?</Unicode></TextEquiv></TextLine><TextLine id="r0_l006"><Coords points="574,196 574,170 478,170 456,172 255,172 255,197 520,197"/><TextEquiv index="1"><Unicode>Cum Fauſtinâ omnia ſibi erepta</Unicode></TextEquiv></TextLine><TextLine id="r0_l007"><Coords points="61,230 292,230 566,227 573,231 573,197 521,197 450,200 329,200 209,202 201,200 197,197 140,196 123,193 60,192 58,190 1,190 1,223 28,223 30,230 34,235 53,236"/><TextEquiv index="1"><Unicode>TT Veneri veneres, cæco tu ſpicula Amori,</Unicode></TextEquiv></TextLine><TextLine id="r0_l008"><Coords points="526,255 526,231 103,231 103,258 447,258"/><TextEquiv index="1"><Unicode>Mercurio linguæ munera ſurpueras.</Unicode></TextEquiv></TextLine><TextLine id="r0_l009"><Coords points="649,257 485,257 447,259 284,261 65,260 57,257 44,257 44,288 408,288 513,285 558,285 564,288 649,288"/><TextEquiv index="1"><Unicode>At qui te, mea lux, mea ſpes, mea vita, meu n ccr,</Unicode></TextEquiv></TextLine><TextLine id="r0_l010"><Coords points="569,315 569,289 564,289 561,287 466,287 304,290 117,290 117,317 119,318 289,319"/><TextEquiv index="1"><Unicode>Inuidus ah noſtris abſtulit ex oculis,</Unicode></TextEquiv></TextLine><TextLine id="r0_l011"><Coords points="671,315 570,315 519,317 289,320 242,319 138,320 119,319 112,317 85,317 75,323 44,323 44,347 391,347 525,345 562,345 566,347 671,347"/><TextEquiv index="1"><Unicode>lle oculos, ſenſuſq; omnes, mentemq; animumq;s</Unicode></TextEquiv></TextLine><TextLine id="r0_l012"><Coords points="503,375 522,373 522,347 117,350 117,376 460,376"/><TextEquiv index="1"><Unicode>Atq; adeo totum me mihi ſurripuit.</Unicode></TextEquiv></TextLine><TextLine id="r0_l013"><Coords points="518,402 596,401 596,374 519,374 503,376 401,378 246,379 240,376 223,377 223,404 480,404"/><TextEquiv index="1"><Unicode>Faſtina, vocanda potius Pandora.</Unicode></TextEquiv></TextLine><TextLine id="r0_l014"><Coords points="615,402 346,407 224,407 204,406 194,402 43,402 43,436 351,436 453,433 569,433 574,436 615,436"/><TextEquiv index="1"><Unicode>Quitibi Fauſtinæ, mea lux, nomen dedit; iſte</Unicode></TextEquiv></TextLine><TextLine id="r0_l015"><Coords points="119,435 119,464 536,464 536,435"/><TextEquiv index="1"><Unicode>Dixiſſet Pandoram aptius &amp; melius.</Unicode></TextEquiv></TextLine><TextLine id="r0_l016"><Coords points="612,460 562,460 559,462 548,463 454,465 251,467 133,467 107,465 77,465 66,460 42,460 42,494 333,494 534,490 599,490 612,494"/><TextEquiv index="1"><Unicode>Munera namq, Deos in te omnia congeſſiſſe,</Unicode></TextEquiv></TextLine><TextLine id="r0_l017"><Coords points="562,520 562,492 458,492 333,495 123,494 123,521 486,521"/><TextEquiv index="1"><Unicode>Oſtendunt dotes corporis atq; animi.</Unicode></TextEquiv></TextLine><TextLine id="r0_l018"><Coords points="635,519 260,525 112,524 78,521 66,522 64,519 39,519 39,554 71,554 94,552 338,553 518,549 599,550 606,554 635,554"/><TextEquiv index="1"><Unicode>Et tu etiam ex oculis,tanquam de pixide apert,</Unicode></TextEquiv></TextLine><TextLine id="r0_l019"><Coords points="556,578 556,550 338,554 123,554 123,582 293,583"/><TextEquiv index="1"><Unicode>Omnia depromis ſeu bona, ſiue mala.</Unicode></TextEquiv></TextLine><TextLine id="r0_l020"><Coords points="73,611 272,612 587,606 636,606 645,611 657,611 657,577 600,577 594,579 293,584 76,583 64,577 41,577 41,617 65,617"/><TextEquiv index="1"><Unicode>At mihi te ereptâ, mi quâ ſine viuere durum eſt,</Unicode></TextEquiv></TextLine><TextLine id="r0_l021"><Coords points="591,609 380,610 272,613 124,612 124,640 426,640 485,638 559,638 563,640 591,640"/><TextEquiv index="1"><Unicode>Spes, o memiſerum, nulla mihi remanet.</Unicode></TextEquiv></TextLine><TextLine id="r0_l022"><Coords points="340,668 480,668 522,666 522,640 296,642 296,672 334,672"/><TextEquiv index="1"><Unicode>ogne.</Unicode></TextEquiv></TextLine><TextLine id="r0_l023"><Coords points="836,666 836,700 870,700 870,666"/><TextEquiv index="1"><Unicode>I</Unicode></TextEquiv></TextLine><TextLine id="r0_l024"><Coords points="524,696 603,697 603,666 534,666 480,669 340,669 334,673 286,673 277,670 273,666 210,666 176,668 56,666 44,667 41,669 41,698 488,698"/><TextEquiv index="1"><Unicode>Attibi, ſi memini, nomen gentile columba,</Unicode></TextEquiv></TextLine><TextLine id="r0_l025"><Coords points="126,699 126,726 564,726 564,699"/><TextEquiv index="1"><Unicode>Conueniens formæ eſt ingenioq; tuo.</Unicode></TextEquiv></TextLine><TextLine id="r0_l026"><Coords points="868,720 845,719 839,712 839,700 837,700 837,740 868,740"/><TextEquiv index="1"><Unicode></Unicode></TextEquiv></TextLine><TextLine id="r0_l027"><Coords points="867,700 840,700 840,712 845,718 867,719"/><TextEquiv index="1"><Unicode></Unicode></TextEquiv></TextLine><TextLine id="r0_l028"><Coords points="586,783 586,726 181,731 96,730 89,735 61,736 40,739 40,789 47,786 73,786 95,788 205,789"/><TextEquiv index="1"><Unicode>ec.</Unicode></TextEquiv></TextLine><TextLine id="r0_l029"><Coords points="837,741 837,778 870,778 870,741"/><TextEquiv index="1"><Unicode></Unicode></TextEquiv></TextLine><TextLine id="r0_l030"><Coords points="446,816 524,813 595,813 602,818 672,817 672,783 205,790 95,789 73,787 47,787 40,791 40,819 160,819"/><TextEquiv index="1"><Unicode>Quid luſus, mea vita, tuos, quid murmura blanda</Unicode></TextEquiv></TextLine><TextLine id="r0_l031"><Coords points="544,842 544,815 476,815 446,817 359,817 279,819 161,819 130,821 130,847 231,847"/><TextEquiv index="1"><Unicode>Quid referam noti delitias thalami?</Unicode></TextEquiv></TextLine><TextLine id="r0_l032"><Coords points="585,873 585,845 387,845 231,848 100,847 100,874 463,874"/><TextEquiv index="1"><Unicode>Tu tenero morſus figebas dente proterua</Unicode></TextEquiv></TextLine><TextLine id="r0_l033"><Coords points="549,902 549,874 380,875 344,877 277,876 139,879 111,878 111,906 253,906"/><TextEquiv index="1"><Unicode>Atq; columbatim baſia longa dabas.</Unicode></TextEquiv></TextLine><TextLine id="r0_l034"><Coords points="87,935 122,934 183,936 408,934 549,931 589,931 605,932 612,936 642,936 642,900 591,900 584,902 551,903 254,906 196,908 89,906 80,904 74,900 52,900 47,908 1,908 1,939 81,939"/><TextEquiv index="1"><Unicode>Hei mihi quis raptor, credo Ioue miſſus ab ipſo,</Unicode></TextEquiv></TextLine><TextLine id="r0_l035"><Coords points="554,932 311,936 131,936 131,956 554,956"/><TextEquiv index="1"><Unicode>Te noſtro auulſit cara columba ſinu?</Unicode></TextEquiv></TextLine><TextLine id="r0_l036"><Coords points="662,960 570,960 529,962 176,966 103,964 103,993 341,993 427,991 491,991 520,993 662,993"/><TextEquiv index="1"><Unicode>Te malus accipiter captam tenet vnguibus vncis,</Unicode></TextEquiv></TextLine><TextLine id="r0_l037"><Coords points="547,1019 547,994 491,992 427,992 254,995 132,994 132,1021 485,1021"/><TextEquiv index="1"><Unicode>Et tua crudelis viſcera dilaniat.</Unicode></TextEquiv></TextLine><TextLine id="r0_l038"><Coords points="590,1020 520,1020 485,1022 327,1024 105,1024 105,1047 590,1047"/><TextEquiv index="1"><Unicode>Inunc, dic Veneri ſacratas eſſe columbas;</Unicode></TextEquiv></TextLine><TextLine id="r0_l039"><Coords points="137,1051 137,1079 611,1079 611,1051"/><TextEquiv index="1"><Unicode>Si tam, me miſerum, bella columba perit.</Unicode></TextEquiv></TextLine><TextLine id="r0_l040"><Coords points="306,1081 306,1108 564,1108 564,1081"/><TextEquiv index="1"><Unicode>Fauſtina, numen amoris.</Unicode></TextEquiv></TextLine><TextLine id="r0_l041"><Coords points="44,1108 44,1143 650,1143 650,1108"/><TextEquiv index="1"><Unicode>Per te, oculoſq; tuos nuper,mea Diua, ſine ateu,</Unicode></TextEquiv></TextLine><TextLine id="r0_l042"><Coords points="741,1137 741,1171 822,1171 822,1137"/><TextEquiv index="1"><Unicode>Ei,</Unicode></TextEquiv></TextLine></TextRegion></Page></PcGts>