872 1312
294 69 499 93 BEILLI
72 103 547 141 cilicet humanos rides ſuiſſime luctus:
112 139 591 171 Et ſperas precibus poſſe mouere Deos?
255 170 574 197 Cum Fauſtinâ omnia ſibi erepta
83 193 573 231 TT Veneri veneres, cæco tu ſpicula Amori,
103 231 526 258 Mercurio linguæ munera ſurpueras.
80 257 649 290 At qui te, mea lux, mea ſpes, mea vita, meu n ccr,
117 287 569 319 Inuidus ah noſtris abſtulit ex oculis,
80 315 671 347 lle oculos, ſenſuſq; omnes, mentemq; animumq;s
117 347 522 376 Atq; adeo totum me mihi ſurripuit.
223 374 596 404 Faſtina, vocanda potius Pandora.
87 402 615 436 Quitibi Fauſtinæ, mea lux, nomen dedit; iſte
119 435 536 464 Dixiſſet Pandoram aptius & melius.
88 460 612 494 Munera namq, Deos in te omnia congeſſiſſe,
123 492 562 521 Oſtendunt dotes corporis atq; animi.
85 519 635 554 Et tu etiam ex oculis,tanquam de pixide apert,
123 550 556 583 Omnia depromis ſeu bona, ſiue mala.
88 577 657 612 At mihi te ereptâ, mi quâ ſine viuere durum eſt,
124 609 591 640 Spes, o memiſerum, nulla mihi remanet.
296 640 522 672 ogne.
96 666 603 698 Attibi, ſi memini, nomen gentile columba,
126 699 564 726 Conueniens formæ eſt ingenioq; tuo.
95 783 672 819 Quid luſus, mea vita, tuos, quid murmura blanda
130 815 544 847 Quid referam noti delitias thalami?
100 845 585 874 Tu tenero morſus figebas dente proterua
111 874 549 906 Atq; columbatim baſia longa dabas.
96 900 642 936 Hei mihi quis raptor, credo Ioue miſſus ab ipſo,
131 932 554 956 Te noſtro auulſit cara columba ſinu?
103 960 662 993 Te malus accipiter captam tenet vnguibus vncis,
132 992 547 1021 Et tua crudelis viſcera dilaniat.
105 1020 590 1047 Inunc, dic Veneri ſacratas eſſe columbas;
137 1051 611 1079 Si tam, me miſerum, bella columba perit.
306 1081 564 1108 Fauſtina, numen amoris.
95 1108 650 1143 Per te, oculoſq; tuos nuper,mea Diua, ſine ateu,
741 1137 822 1171 Ei,
