872 1312
338 64 579 88 IOACHIM
114 67 164 88 44
140 100 589 130 Et vacuâ errabat cæcuslAmor pharetrâ.
775 98 867 132 u
109 129 620 161 His iaculis armata Deos, hominelq;, feraſq;
139 159 488 189 Cogebas ſæui iura ſub imperii.
110 187 652 219 Non ſenibus grauitas morum, non profuit vſus
138 217 625 247 Nec iuuit tardo in ſanguine ſanguis iners.
108 245 689 277 Non Sophiæ ſtudium doctos, non purpura Patres,
138 276 585 304 Non clypeus texit fortia corda Ducum.
109 304 631 336 Omnia ceſſerunt: ceſſit quoque publica cura,
141 333 537 363 Et poſuit Virtus triſte ſupercilium.
107 362 638 392 At nunc, proh Superi, captiuo numine Amoris,
136 390 630 425 Nil niſi trux Mauors, & fera bella placent.
257 423 592 452 Quanta in Fauſtin.
109 449 621 478 Inter ſe potuitſanctos committere Patres,
135 478 612 510 Fauſtina; vſque adeo forma ſuperba fuit.
114 508 603 536 Et quiſquam iuuenes furiis miratur iiſdem
137 538 527 567 Accendi, & ſæuo bella parare viro?
107 567 679 597 Qui talem, heu facinus, clauſtris cohibere puellam
133 595 596 627 Suſtinet, & noſtras deſpicit vlqae minas.
837 606 870 630 u
106 625 584 655 Sola decennali fuit hæc repetenda duello:
134 654 564 685 Debuit hanc ſolus nam rapuiſſe Paris.
343 688 512 715 Raptus Fauſtinæ.
98 703 605 744 Cum te crudelis nuper nil tale merentem,
132 744 534 775 Materno coniux velleret e gremio,
104 772 669 804 Tendentemq; manus traheret, paſſiſque capillis,
131 801 631 830 Quid tibi tunc ſenſus, quid tibi mentis erat?
100 830 657 863 Fama eſt flebilibus mœſtam te vlulaſſe querelis,
133 859 593 891 Sæpius & nomen congeminaſſe meum.
828 877 870 892 l
100 887 591 923 Et nunc crudelem demiſlâ voce maritum,
129 920 584 952 Nunc matrem lacrimis ſollicitaſſe piis.
841 929 870 949 e
99 946 678 980 Stat verus ile tamen, ſpernitque precantia verba,
128 975 574 1007 Verba vel immanes apta mouere feras.
98 1004 677 1039 Hei mihi, cur mœſtis cum impleres fletibus vrbem,
128 1037 532 1068 Non potui infelix obuius eſſe tibi:
843 1046 870 1069 l
97 1063 634 1098 Hud ſecus atq; olim furiatâ mente Corœbus,
127 1094 603 1127 Caſlandram cum Aiax impiua extraheret,
825 1105 869 1139 M
703 1134 825 1159 Tune
