872 1312
321 77 521 101 BELLAII.
38 100 678 150 unc me inieciſſem medium moriturus in agmen;
117 144 556 174 Nullaq; mors toto notior orbe foret.
229 176 661 207 Ad miltia allos, bello Neapolitano.
40 202 586 233 Quos carâ â patriâ auulſos & dulcibus aruis
124 234 548 262 Sæuus amor belli miſit in Heſpeiam,
2 256 531 296 Pergite felices fatiſque vocantibus ite,
120 292 596 324 Quo vos ipſa vocat Gallica Parthenope.
44 320 501 351 Illic ſi quid erit vobis virtutis auitæ,
119 353 552 379 Et tanget patrii pectora Martis amor.
43 379 607 412 Tot ftuſtra repetita Ducum infelicibus armis
118 409 580 441 Procumbent veſtrâ mœnia capta manu.
42 438 626 472 Tum Siculum ſcelus vlciſci, patriiſque ſepulcris
119 468 513 492 Soluere Achillæas inferias dabitur.
42 496 632 528 Aſt ego qui Veneris miles, Martemque peroſus,
117 527 562 556 Haud animo tantum concipio facinus,
87 556 538 585 Soluere tentabo captiuæ vincla puellæ,
117 585 551 612 Quæ mihi longe ipſis carior eſt oculis.
88 614 614 643 Hæc repetenda mihi tellus eſt vindice dextrâ;
117 643 650 676 Hæc bellum, hæc virtus, hæc mea Parthenope
267 675 569 703 Ad Polydorum, de Fauſtin.
87 701 521 730 Docte, quem primm Polydore nobis
88 731 500 759 Præpotens iunxit nemorum Diana,
88 759 462 789 Vinculo ſed mox propiore vinxt
253 790 431 815 Innuba Pallas.
1 794 41 818 l
88 818 501 851 Me fluens humor cerebro malignus,
85 847 483 875 Febris atq; ardens, & anhela tuſſis
85 877 440 902 Iam decem totis retinet diebus
259 908 495 939 Membra trahentem.
85 935 429 967 Non mihi dulcis latices Lyæi,
86 963 484 990 Sed ſitim ſedant medicata noſtram
84 993 479 1025 Pocula, atque imas penitus perurit
257 1025 473 1049 Flamma medullas.
84 1053 497 1082 Auget hunc ignem, Veneris fauilla,
82 1081 432 1112 Et puer ſæuo metuendus arcu,
81 1110 434 1142 Noſtra qui duus grauiore fixit
667 1146 753 1170 Pectora
