<?xml version="1.0" encoding="UTF-8" standalone="no"?><PcGts xmlns="http://schema.primaresearch.org/PAGE/gts/pagecontent/2019-07-15" xmlns:xsi="http://www.w3.org/2001/XMLSchema-instance" xsi:schemaLocation="http://schema.primaresearch.org/PAGE/gts/pagecontent/2019-07-15 http://schema.primaresearch.org/PAGE/gts/pagecontent/2019-07-15/pagecontent.xsd"><Metadata><Creator/><Created>2022-04-08T12:51:56</Created><LastChange>1970-01-01T00:00:00</LastChange><Comments/></Metadata><Page imageFilename="0472.png" imageHeight="1312" imageWidth="872"><TextRegion id="r1" orientation="0.0" type="paragraph"><Coords points="1,1 870,1 870,1310 1,1310"/><TextLine id="l1"><Coords points="321,77 321,101 521,101 521,77"/><TextEquiv><Unicode/></TextEquiv><TextEquiv index="1"><Unicode>BELLAII.</Unicode></TextEquiv></TextLine><TextLine id="l2"><Coords points="678,112 585,111 557,113 470,113 305,111 272,109 133,109 83,106 83,142 93,142 152,142 179,144 577,146 598,147 603,150 678,150"/><TextEquiv><Unicode/></TextEquiv><TextEquiv index="1"><Unicode>unc me inieciſſem medium moriturus in agmen;</Unicode></TextEquiv></TextLine><TextLine id="l3"><Coords points="117,144 117,174 556,174 556,144"/><TextEquiv><Unicode/></TextEquiv><TextEquiv index="1"><Unicode>Nullaq; mors toto notior orbe foret.</Unicode></TextEquiv></TextLine><TextLine id="l4"><Coords points="624,176 229,176 229,203 445,204 492,206 607,205 625,205"/><TextEquiv><Unicode/></TextEquiv><TextEquiv index="1"><Unicode>Ad miltia allos, bello Neapolitano.</Unicode></TextEquiv></TextLine><TextLine id="l5"><Coords points="586,206 492,207 445,205 204,204 184,202 83,202 83,233 586,233"/><TextEquiv><Unicode/></TextEquiv><TextEquiv index="1"><Unicode>Quos carâ â patriâ auulſos &amp; dulcibus aruis</Unicode></TextEquiv></TextLine><TextLine id="l6"><Coords points="548,236 377,234 131,234 127,237 124,237 124,261 548,262"/><TextEquiv><Unicode/></TextEquiv><TextEquiv index="1"><Unicode>Sæuus amor belli miſit in Heſpeiam,</Unicode></TextEquiv></TextLine><TextLine id="l7"><Coords points="83,290 273,292 398,291 418,293 531,294 531,265 115,262 83,259"/><TextEquiv><Unicode/></TextEquiv><TextEquiv index="1"><Unicode>Pergite felices fatiſque vocantibus ite,</Unicode></TextEquiv></TextLine><TextLine id="l8"><Coords points="596,292 589,292 582,295 418,294 398,292 120,292 120,319 123,320 327,321 463,324 596,324"/><TextEquiv><Unicode/></TextEquiv><TextEquiv index="1"><Unicode>Quo vos ipſa vocat Gallica Parthenope.</Unicode></TextEquiv></TextLine><TextLine id="l9"><Coords points="501,325 327,322 184,322 122,320 89,320 84,323 83,323 83,348 301,351 501,351"/><TextEquiv><Unicode/></TextEquiv><TextEquiv index="1"><Unicode>Illic ſi quid erit vobis virtutis auitæ,</Unicode></TextEquiv></TextLine><TextLine id="l10"><Coords points="119,353 119,379 552,379 552,353"/><TextEquiv><Unicode/></TextEquiv><TextEquiv index="1"><Unicode>Et tanget patrii pectora Martis amor.</Unicode></TextEquiv></TextLine><TextLine id="l11"><Coords points="607,379 603,379 599,382 591,384 502,384 479,382 176,379 83,378 83,406 112,406 127,408 190,409 341,409 459,412 607,412"/><TextEquiv><Unicode/></TextEquiv><TextEquiv index="1"><Unicode>Tot ftuſtra repetita Ducum infelicibus armis</Unicode></TextEquiv></TextLine><TextLine id="l12"><Coords points="580,414 459,413 341,410 118,409 118,436 265,439 580,441"/><TextEquiv><Unicode/></TextEquiv><TextEquiv index="1"><Unicode>Procumbent veſtrâ mœnia capta manu.</Unicode></TextEquiv></TextLine><TextLine id="l13"><Coords points="626,441 619,443 496,443 396,440 83,438 83,466 453,469 533,472 626,472"/><TextEquiv><Unicode/></TextEquiv><TextEquiv index="1"><Unicode>Tum Siculum ſcelus vlciſci, patriiſque ſepulcris</Unicode></TextEquiv></TextLine><TextLine id="l14"><Coords points="513,472 357,469 119,468 119,492 513,492"/><TextEquiv><Unicode/></TextEquiv><TextEquiv index="1"><Unicode>Soluere Achillæas inferias dabitur.</Unicode></TextEquiv></TextLine><TextLine id="l15"><Coords points="632,496 563,496 555,500 462,500 385,497 276,498 83,496 83,524 148,526 632,528"/><TextEquiv><Unicode/></TextEquiv><TextEquiv index="1"><Unicode>Aſt ego qui Veneris miles, Martemque peroſus,</Unicode></TextEquiv></TextLine><TextLine id="l16"><Coords points="562,532 558,531 359,527 117,527 117,555 562,556"/><TextEquiv><Unicode/></TextEquiv><TextEquiv index="1"><Unicode>Haud animo tantum concipio facinus,</Unicode></TextEquiv></TextLine><TextLine id="l17"><Coords points="538,560 313,556 87,556 87,584 117,583 327,585 538,585"/><TextEquiv><Unicode/></TextEquiv><TextEquiv index="1"><Unicode>Soluere tentabo captiuæ vincla puellæ,</Unicode></TextEquiv></TextLine><TextLine id="l18"><Coords points="550,588 374,587 326,585 117,585 117,612 551,612"/><TextEquiv><Unicode/></TextEquiv><TextEquiv index="1"><Unicode>Quæ mihi longe ipſis carior eſt oculis.</Unicode></TextEquiv></TextLine><TextLine id="l19"><Coords points="88,614 88,643 614,643 614,614"/><TextEquiv><Unicode/></TextEquiv><TextEquiv index="1"><Unicode>Hæc repetenda mihi tellus eſt vindice dextrâ;</Unicode></TextEquiv></TextLine><TextLine id="l20"><Coords points="650,648 304,643 117,643 117,676 221,676 239,675 254,672 295,670 334,670 361,674 650,676"/><TextEquiv><Unicode/></TextEquiv><TextEquiv index="1"><Unicode>Hæc bellum, hæc virtus, hæc mea Parthenope</Unicode></TextEquiv></TextLine><TextLine id="l21"><Coords points="569,677 449,675 267,675 267,701 569,703"/><TextEquiv><Unicode/></TextEquiv><TextEquiv index="1"><Unicode>Ad Polydorum, de Fauſtin.</Unicode></TextEquiv></TextLine><TextLine id="l22"><Coords points="521,705 223,701 87,701 87,729 521,730"/><TextEquiv><Unicode/></TextEquiv><TextEquiv index="1"><Unicode>Docte, quem primm Polydore nobis</Unicode></TextEquiv></TextLine><TextLine id="l23"><Coords points="500,734 452,732 328,731 88,731 88,758 500,759"/><TextEquiv><Unicode/></TextEquiv><TextEquiv index="1"><Unicode>Præpotens iunxit nemorum Diana,</Unicode></TextEquiv></TextLine><TextLine id="l24"><Coords points="88,759 88,789 462,789 462,759"/><TextEquiv><Unicode/></TextEquiv><TextEquiv index="1"><Unicode>Vinculo ſed mox propiore vinxt</Unicode></TextEquiv></TextLine><TextLine id="l25"><Coords points="253,790 253,815 431,815 431,790"/><TextEquiv><Unicode/></TextEquiv><TextEquiv index="1"><Unicode>Innuba Pallas.</Unicode></TextEquiv></TextLine><TextLine id="l26"><Coords points="501,818 475,818 466,821 441,822 232,820 210,818 88,818 88,846 283,847 501,851"/><TextEquiv><Unicode/></TextEquiv><TextEquiv index="1"><Unicode>Me fluens humor cerebro malignus,</Unicode></TextEquiv></TextLine><TextLine id="l27"><Coords points="483,852 283,848 85,847 85,875 483,875"/><TextEquiv><Unicode/></TextEquiv><TextEquiv index="1"><Unicode>Febris atq; ardens, &amp; anhela tuſſis</Unicode></TextEquiv></TextLine><TextLine id="l28"><Coords points="85,877 85,902 440,902 440,877"/><TextEquiv><Unicode/></TextEquiv><TextEquiv index="1"><Unicode>Iam decem totis retinet diebus</Unicode></TextEquiv></TextLine><TextLine id="l29"><Coords points="495,908 486,910 259,908 259,936 372,937 400,939 495,939"/><TextEquiv><Unicode/></TextEquiv><TextEquiv index="1"><Unicode>Membra trahentem.</Unicode></TextEquiv></TextLine><TextLine id="l30"><Coords points="429,940 400,940 372,938 220,937 214,935 85,935 85,962 429,967"/><TextEquiv><Unicode/></TextEquiv><TextEquiv index="1"><Unicode>Non mihi dulcis latices Lyæi,</Unicode></TextEquiv></TextLine><TextLine id="l31"><Coords points="484,964 475,968 374,968 327,966 86,963 86,990 484,990"/><TextEquiv><Unicode/></TextEquiv><TextEquiv index="1"><Unicode>Sed ſitim ſedant medicata noſtram</Unicode></TextEquiv></TextLine><TextLine id="l32"><Coords points="479,998 84,993 84,1025 207,1025 212,1022 257,1022 272,1024 320,1025 479,1025"/><TextEquiv><Unicode/></TextEquiv><TextEquiv index="1"><Unicode>Pocula, atque imas penitus perurit</Unicode></TextEquiv></TextLine><TextLine id="l33"><Coords points="473,1028 257,1025 257,1049 473,1049"/><TextEquiv><Unicode/></TextEquiv><TextEquiv index="1"><Unicode>Flamma medullas.</Unicode></TextEquiv></TextLine><TextLine id="l34"><Coords points="497,1060 485,1059 481,1057 300,1054 247,1055 208,1053 84,1053 84,1079 93,1080 200,1082 497,1082"/><TextEquiv><Unicode/></TextEquiv><TextEquiv index="1"><Unicode>Auget hunc ignem, Veneris fauilla,</Unicode></TextEquiv></TextLine><TextLine id="l35"><Coords points="432,1085 256,1084 199,1082 82,1081 82,1107 233,1112 432,1112"/><TextEquiv><Unicode/></TextEquiv><TextEquiv index="1"><Unicode>Et puer ſæuo metuendus arcu,</Unicode></TextEquiv></TextLine><TextLine id="l36"><Coords points="434,1114 233,1113 156,1110 81,1110 81,1142 434,1142"/><TextEquiv><Unicode/></TextEquiv><TextEquiv index="1"><Unicode>Noſtra qui duus grauiore fixit</Unicode></TextEquiv></TextLine><TextLine id="l37"><Coords points="667,1146 667,1170 753,1170 753,1146"/><TextEquiv><Unicode/></TextEquiv><TextEquiv index="1"><Unicode>Pectora</Unicode></TextEquiv></TextLine><TextEquiv><Unicode/></TextEquiv></TextRegion></Page></PcGts>