<?xml version="1.0" encoding="UTF-8" standalone="no"?><PcGts xmlns="http://schema.primaresearch.org/PAGE/gts/pagecontent/2019-07-15" xmlns:xsi="http://www.w3.org/2001/XMLSchema-instance" xsi:schemaLocation="http://schema.primaresearch.org/PAGE/gts/pagecontent/2019-07-15 http://schema.primaresearch.org/PAGE/gts/pagecontent/2019-07-15/pagecontent.xsd"><Metadata><Creator/><Created>2022-04-08T12:53:11</Created><LastChange>1970-01-01T00:00:00</LastChange><Comments/></Metadata><Page imageFilename="0474.png" imageHeight="1312" imageWidth="872"><TextRegion id="r1" orientation="0.0" type="paragraph"><Coords points="1,1 870,1 870,1310 1,1310"/><TextLine id="l1"><Coords points="295,77 295,110 517,110 517,77"/><TextEquiv><Unicode/></TextEquiv><TextEquiv index="1"><Unicode>BELLAII</Unicode></TextEquiv></TextLine><TextLine id="l2"><Coords points="549,142 549,111 313,111 128,106 106,106 99,111 91,105 72,105 72,144 445,144"/><TextEquiv><Unicode/></TextEquiv><TextEquiv index="1"><Unicode>Cum Puerin ſomnis viſus adeſſe mihi.</Unicode></TextEquiv></TextLine><TextLine id="l3"><Coords points="72,171 122,171 147,173 604,172 604,138 601,138 592,143 540,144 223,144 89,146 72,145"/><TextEquiv><Unicode/></TextEquiv><TextEquiv index="1"><Unicode>Arcum læua tenet, tenet aurea ſpicula dextra.</Unicode></TextEquiv></TextLine><TextLine id="l4"><Coords points="106,174 106,202 592,202 592,174"/><TextEquiv><Unicode/></TextEquiv><TextEquiv index="1"><Unicode>Candenti ex humero picta pharetra ſonat.</Unicode></TextEquiv></TextLine><TextLine id="l5"><Coords points="72,230 214,232 584,232 584,203 145,204 113,203 93,200 72,199"/><TextEquiv><Unicode/></TextEquiv><TextEquiv index="1"><Unicode>Ille meos cernens vigili ſub mente dolores,</Unicode></TextEquiv></TextLine><TextLine id="l6"><Coords points="558,233 72,233 72,257 113,260 558,260"/><TextEquiv><Unicode/></TextEquiv><TextEquiv index="1"><Unicode>Luminaq; elacrimis turgida facta meis,</Unicode></TextEquiv></TextLine><TextLine id="l7"><Coords points="582,263 575,262 342,261 136,262 72,258 71,289 225,291 582,291"/><TextEquiv><Unicode/></TextEquiv><TextEquiv index="1"><Unicode>Vltro me timidum verbis compellat amicis,</Unicode></TextEquiv></TextLine><TextLine id="l8"><Coords points="531,291 225,292 72,290 72,317 74,318 531,319"/><TextEquiv><Unicode/></TextEquiv><TextEquiv index="1"><Unicode>Atq; meas lacrimas ſic miſeratus, ait:</Unicode></TextEquiv></TextLine><TextLine id="l9"><Coords points="629,317 575,317 569,320 548,321 276,322 134,321 72,318 72,348 355,350 521,349 531,350 538,355 629,355"/><TextEquiv><Unicode/></TextEquiv><TextEquiv index="1"><Unicode>Parce tuum, iuuenis, conſuaere luctibus æuum</Unicode></TextEquiv></TextLine><TextLine id="l10"><Coords points="72,378 491,378 491,350 72,350"/><TextEquiv><Unicode/></TextEquiv><TextEquiv index="1"><Unicode>Et noſtrâ toties de leuitate queri.</Unicode></TextEquiv></TextLine><TextLine id="l11"><Coords points="574,378 479,380 72,378 71,407 198,406 239,406 260,408 574,408"/><TextEquiv><Unicode/></TextEquiv><TextEquiv index="1"><Unicode>Quæ tibi non noſtcâ, ſed ſæui fraude maiti</Unicode></TextEquiv></TextLine><TextLine id="l12"><Coords points="74,408 74,437 517,437 517,408"/><TextEquiv><Unicode/></TextEquiv><TextEquiv index="1"><Unicode>Rapta eſt illa tibi reſtinenda venit.</Unicode></TextEquiv></TextLine><TextLine id="l13"><Coords points="72,467 104,466 540,466 613,469 616,471 616,435 566,434 558,438 487,439 122,438 99,436 72,435"/><TextEquiv><Unicode/></TextEquiv><TextEquiv index="1"><Unicode>Quid me, ſæue Puer, deceptum fraude malignâ,</Unicode></TextEquiv></TextLine><TextLine id="l14"><Coords points="562,495 562,468 106,468 106,494 108,495 522,496"/><TextEquiv><Unicode/></TextEquiv><TextEquiv index="1"><Unicode>Tu quoq; nunc falſis ludis imaginibus:?</Unicode></TextEquiv></TextLine><TextLine id="l15"><Coords points="559,496 133,497 72,494 72,524 559,524"/><TextEquiv><Unicode/></TextEquiv><TextEquiv index="1"><Unicode>Si cupis vt credam, Stygias teſtare paludes,</Unicode></TextEquiv></TextLine><TextLine id="l16"><Coords points="604,526 441,525 106,526 106,553 118,554 525,554 546,556 604,556"/><TextEquiv><Unicode/></TextEquiv><TextEquiv index="1"><Unicode>Aut aliquo dubiam pignore ſtringe fidem.</Unicode></TextEquiv></TextLine><TextLine id="l17"><Coords points="575,558 551,558 545,556 72,554 71,582 126,582 156,584 575,584"/><TextEquiv><Unicode/></TextEquiv><TextEquiv index="1"><Unicode>Sume ait, &amp; pictis pennam de raxit ab alis;</Unicode></TextEquiv></TextLine><TextLine id="l18"><Coords points="502,585 107,584 107,611 502,611"/><TextEquiv><Unicode/></TextEquiv><TextEquiv index="1"><Unicode>Certior vt as hoc tibi pignus erit.</Unicode></TextEquiv></TextLine><TextLine id="l19"><Coords points="650,612 539,612 437,614 72,612 72,641 650,641"/><TextEquiv><Unicode/></TextEquiv><TextEquiv index="1"><Unicode>Sed quid ab hoc tandem ſperandum pignore certis</Unicode></TextEquiv></TextLine><TextLine id="l20"><Coords points="535,643 72,642 72,672 253,672 266,670 305,670 331,672 535,672"/><TextEquiv><Unicode/></TextEquiv><TextEquiv index="1"><Unicode>Firmatura fidem ſi mihi penna datur.</Unicode></TextEquiv></TextLine><TextLine id="l21"><Coords points="510,700 510,673 306,672 306,701 419,701"/><TextEquiv><Unicode/></TextEquiv><TextEquiv index="1"><Unicode>Votum Venerem.</Unicode></TextEquiv></TextLine><TextLine id="l22"><Coords points="681,698 669,697 566,697 561,700 555,701 294,702 260,701 252,699 248,696 187,697 114,696 92,694 72,693 72,728 76,728 150,728 162,730 588,730 597,735 681,735"/><TextEquiv><Unicode/></TextEquiv><TextEquiv index="1"><Unicode>Si per te alma Venus req; hominumq; creatrix,</Unicode></TextEquiv></TextLine><TextLine id="l23"><Coords points="569,731 162,731 150,729 109,729 109,759 569,759"/><TextEquiv><Unicode/></TextEquiv><TextEquiv index="1"><Unicode>Quâ ſine nil animis ctporibuſq; placet,</Unicode></TextEquiv></TextLine><TextLine id="l24"><Coords points="567,761 554,760 273,761 225,759 75,759 75,787 567,788"/><TextEquiv><Unicode/></TextEquiv><TextEquiv index="1"><Unicode>Sidereis Fauſtinæ oculis, verbiſque fruiſci,</Unicode></TextEquiv></TextLine><TextLine id="l25"><Coords points="105,790 105,812 539,812 539,790"/><TextEquiv><Unicode/></TextEquiv><TextEquiv index="1"><Unicode>Et liceat noto reddere membra toro.</Unicode></TextEquiv></TextLine><TextLine id="l26"><Coords points="630,819 75,819 75,845 133,845 164,847 630,847"/><TextEquiv><Unicode/></TextEquiv><TextEquiv index="1"><Unicode>Non tibi candenti ſtabunt de marmore templa,</Unicode></TextEquiv></TextLine><TextLine id="l27"><Coords points="539,849 522,848 314,849 106,847 106,869 539,869"/><TextEquiv><Unicode/></TextEquiv><TextEquiv index="1"><Unicode>Hoſtia nec ſanctos corruet ante focos.</Unicode></TextEquiv></TextLine><TextLine id="l28"><Coords points="542,878 211,878 76,876 76,904 108,904 131,906 265,907 354,905 390,907 542,907"/><TextEquiv><Unicode/></TextEquiv><TextEquiv index="1"><Unicode>Purpurei ſed enim floes, violæq; roſæq;</Unicode></TextEquiv></TextLine><TextLine id="l29"><Coords points="541,909 532,908 106,907 106,934 109,935 541,938"/><TextEquiv><Unicode/></TextEquiv><TextEquiv index="1"><Unicode>Parq; columbarum Diua, tibi dabitur.</Unicode></TextEquiv></TextLine><TextLine id="l30"><Coords points="515,940 504,940 495,938 75,936 75,963 515,963"/><TextEquiv><Unicode/></TextEquiv><TextEquiv index="1"><Unicode>Suſpensâq; tibi ſoluentur vota tabella,</Unicode></TextEquiv></TextLine><TextLine id="l31"><Coords points="574,964 562,967 106,964 106,992 188,994 574,994"/><TextEquiv><Unicode/></TextEquiv><TextEquiv index="1"><Unicode>Omnibus &amp; ſeclis charta loquetur anusa</Unicode></TextEquiv></TextLine><TextLine id="l32"><Coords points="527,996 522,995 312,996 280,994 188,995 139,993 73,993 73,1021 203,1023 527,1023"/><TextEquiv><Unicode/></TextEquiv><TextEquiv index="1"><Unicode>Amiſſam mihite Fauitinam reſtituiſſe;</Unicode></TextEquiv></TextLine><TextLine id="l33"><Coords points="496,1025 242,1025 202,1023 103,1023 103,1052 496,1052"/><TextEquiv><Unicode/></TextEquiv><TextEquiv index="1"><Unicode>Hoc eſt, ipſum me reſtituiſſe mihi.</Unicode></TextEquiv></TextLine><TextLine id="l34"><Coords points="336,1055 336,1078 448,1078 448,1055"/><TextEquiv><Unicode/></TextEquiv><TextEquiv index="1"><Unicode>Votiſolutio.</Unicode></TextEquiv></TextLine><TextLine id="l35"><Coords points="346,1111 427,1111 436,1113 470,1114 470,1082 67,1081 67,1108 91,1108 99,1110 137,1111 155,1113 181,1113 190,1111 250,1111 292,1115 322,1115"/><TextEquiv><Unicode/></TextEquiv><TextEquiv index="1"><Unicode>Iam mi mea reddita eſt columba;</Unicode></TextEquiv></TextLine><TextLine id="l36"><Coords points="446,1114 436,1114 427,1112 346,1112 322,1116 292,1116 250,1112 190,1112 181,1114 155,1114 113,1111 67,1111 67,1141 107,1141 107,1142 446,1142"/><TextEquiv><Unicode/></TextEquiv><TextEquiv index="1"><Unicode>Vos tlcs Elgg vale.c long u</Unicode></TextEquiv></TextLine><TextLine id="l37"><Coords points="712,1147 712,1168 741,1168 741,1147"/><TextEquiv><Unicode/></TextEquiv><TextEquiv index="1"><Unicode>A</Unicode></TextEquiv></TextLine><TextEquiv><Unicode/></TextEquiv></TextRegion></Page></PcGts>