872 1312
319 71 560 104 IOA.MI
123 105 482 139 At vos molliculi venite verſus,
123 136 537 164 Dum cano reditum meæ columbæ,
123 167 549 199 Quam plus ipſe oculis meis amabam,
123 199 547 227 Cuius baſia blandulumque murmur,
124 229 461 257 Luſus, nequitiæ proteruiores,
123 254 536 285 Et morſus oterant, micante roſtro,
123 285 503 315 Ipſum vincere paſſerem Catulli.
124 314 493 346 Nam pellita fuit, venuſta, bella,
121 344 482 371 Pulcracandidula,atq; delicata:
124 372 523 403 Nil mage vt queat eſſe delicatum,
123 401 553 431 Mellitum magis, aut magis venuſtum.
116 431 478 455 Vt vobis male it, mali Cinædi,
123 460 530 490 Fures improbati, invenuſtulique,
123 488 520 520 Qui talem mihi tam diu abſtuiſtis
123 516 588 545 Pulcram, candidulam, meam columbam
123 547 536 577 At vos hendecayllabi frequentes,
124 577 478 605 Verſus molliculi, venuſtulique,
123 605 585 635 Adeſſe huc precor; & quot eſtis omnes,
123 636 495 665 Formoſæ Veneri, boniſque Diuis
124 664 509 695 Votum ſoluite pro meâ columbâ.
338 695 488 722 Baſia Fauſtnæ.
123 720 535 747 Cum tu ad baſia noſtra ſic teflectis
123 752 511 783 Ceruicem niueam, columba, pæti
123 783 521 812 Molle vt neſcio quid natent ocelli,
122 813 450 842 Præ deſiderio mihi liqueſcit
121 840 520 870 Ipſa pene anima, in tuumq; ſenſim
121 871 493 894 Prorſus exanimis ſinum relabor.
121 899 558 926 Admotis ſed vbi hinc & hinc labellis,
122 929 495 952 Vdo tramite mutuum recurſant
122 958 535 989 Linguæ, & ambroſios anhelo ab ore
121 988 463 1017 Flores carpere mi licet beato,
123 1018 557 1045 Tunc mi, tunc videor Iouis tonantis
122 1047 518 1076 Aſſidere epulis, ſacrumque nectar
123 1076 497 1105 Haurire intrepide, Deſm ſodalis.
123 1105 557 1134 Si ſummis Bona ptoxima, columba,
710 1129 794 1170 Ptabes
