872 1312
306 63 513 87 BELEA
81 102 491 133 Præbes tam facilis beato amanti,
80 131 498 161 Cur tu ſumma negas miſello, & vn
80 161 454 185 Miſellum facis & facis beatum?
79 191 477 221 Num forſan metuis Deus fruendo
79 221 414 250 Ipſe ne efficiar, velimq; ſolus
79 250 438 279 Te ſine Elyſios videre campos?
77 280 564 309 Hunc. hunc pone metum, venuſta,bella,
78 309 441 336 Vitæ dimidium meæ, columba:
77 340 506 368 Nam quæcumq; oculos tuos tenbit
76 367 449 395 Sedes, illa mihi domos Deorum,
68 398 403 431 Et campos referet beatiores.
207 428 559 461 De amorib, poetarum. ad Gordius
68 447 436 486 Gordi, plus oculis amate nobis,
73 485 526 516 Quidquid Lesbia, Delia, & Corinna,
73 515 552 544 Quidquid Cynthia, quidquid & Lycoris,
72 544 535 572 Quidquid Stella, Nina & tecens Neæra,
71 574 489 599 Laura & Candida, vel fut Gelonis,
71 602 500 631 Vt noſtras quoq; neminem pellas
70 630 451 659 Caſſandra æmula Laureæ puellæ,
69 660 493 691 Qiequid Paſithea, & venuſta nuper
68 691 468 713 Mellina, & numeris Oliua noſttis
67 718 412 748 Dicta ſi locus inter has oliuæ
68 748 540 774 Hoc Fauſtina mea, hoc mea eſt columba,
67 777 512 800 Hoc Fauſtina tua hoc tua eſt columba.
69 806 512 835 Ob id nunc cupiam heic adeſſe Gordi,
66 836 483 865 Et quidquid cecinit tener Catullus,
65 866 488 894 Et quidquid cecinit tener Tibuilus,
67 895 476 924 Quidquid Naſo canit Propertiuſq-
67 925 395 953 Gallus, & Iouianus Actiuſq;.
66 953 507 982 Quicquid ipſe Marullus & Petrarcha,
66 983 501 1011 Quicquid Bea canit, canit Macrinus,
65 1011 491 1041 Vt noſtros quoq; nominem poetas
62 1041 510 1072 Ronſardus grauis & graois Thiardus,
62 1070 377 1099 Mollis Baifius, mihi ſi quis
57 1096 435 1132 Pobatos locus inter eſt poetas
658 1133 728 1161 -
