872 1312
340 56 580 82 IOACHIM
124 95 483 126 Optarim veteres meos calores,
122 122 532 156 Gordi vt ſic melius queam referre,
120 150 606 183 Fauſtinamq; meam, & meam columbam,
120 180 573 212 Fauſtinamq; tuam, & tuam columbam.
234 213 608 233 D amoris violentia. ex Ana creont
124 239 541 269 Frontem cornigeram dedit iuuencis
126 270 490 295 Natura, alitibus dedit volatum,
125 298 495 327 Fecit cornipedes equos fugaec
125 327 469 356 Auritos lepores, natatileſque
128 356 470 380 Piſces, fulmineos ſues, leones
130 383 519 413 Fecit magnanimos, viros ſagaces:
130 414 505 444 At hoc ingenio idens negatum
133 443 433 471 Eſſe femineo dedit puellis
133 471 557 499 Formam igne atq; acie potentiorem.
244 498 636 525 Ad Fabullam, cur non ſcribat amateis
134 528 546 559 Quod nullos faciam, Fabulla, verſus
138 557 568 587 Quamuis tot faciam, Fabulla, verſus
141 587 509 616 Qualeis qui populo ſuos amores
137 615 507 643 Laſciuis nimis explicant libellis,
139 646 548 672 Miraris; tetricum & vocas poetam,
138 674 567 703 Rugoſum nimis, & nimis Catonem;
138 703 563 729 Subinde hoc repetens Catullianum:
138 731 563 759 Nam caſtum eſſe decet pium poeram
137 759 530 789 Ipſum, verſiculos nihil neceſſe eſt.
143 790 525 817 Sed nobis aliter quidem videtur,
137 818 560 846 Nec vatem decet eſſe tam pudicum,
142 847 523 876 Qui verſus faciat parum pudicos.
144 875 576 905 Nam quid turpius eſt, Fabulla, quæſo,
143 905 559 933 Si gallum hunc facias, Deo ſalace,
142 934 523 961 Cui verſus decet eſſe prurientes?
145 962 589 992 Scimus quid ſit Amor, Fabulla, ſcimus:
146 992 547 1021 Eſtque in verſiculis bonus Cupido
147 1021 541 1050 Noſtris plurimus, & Venus iocoſa,
144 1051 551 1083 Blando quæ docuit ſonare plectro,
147 1078 511 1106 Dum noſtris licuit bonis fruilc,
