872 1312
289 63 498 87 EELLAI
694 60 740 93 e
57 102 491 126 Et noſtras Domin fouente flammas,
58 132 432 162 Ignis mollibus arſit in medullis.
60 161 488 192 Nunc nos læta fugit iuuenta, noſque
59 192 433 222 Diuexant animiæſtuantis vndæ,
58 222 418 250 Et curæ vigiles, metuſque ſæui
60 251 463 280 Omnes qui Veneres Cupidineſque
58 279 425 310 Luſus, nequitias, ſales, iocoſque
58 309 451 338 A noſtris abigunt, Fabulla, Muſis.
59 339 492 369 Quare quod ſupereſt, Fabulla bella,
59 368 414 398 Si quid te lepideiuuant libelli,
60 398 519 431 Quos ſcripſit manibus ſuis Cupido,
57 428 456 457 Dictarunt Charites, canuntpoetæ,
59 457 433 486 Ediſcunt iuuenes, tenent puellæ,
59 487 465 516 Et quos ipſi etiam audiunt libenter
59 516 454 544 Senes frigiduli graueſque matres;
60 546 446 575 Aut tu noſtra legas nimis pudica,
36 576 435 603 Aut tu nos facias minus pudicos.
222 606 472 628 De cæaco, viam indicante.
60 633 602 663 Nox erat & pactæ properabam ad tect puellæ,
91 664 488 694 Iunguntur fano quæ, Lodoice, tuo.
37 694 588 723 Qu ſit iter quæro nam me fallebat euntem
91 722 514 752 Tum forte in varias ſemita ſecta vias
62 751 614 781 Hac, aliquis dixit, dextrâ ſimul indicat; atque is
91 781 553 809 Cæcus erat. Cæcum ſuſpicor eſſe Deum.
285 813 506 840 Cur fugiat Mrinam.
63 841 455 870 Cur te ſie fugiam, tuumque limen
63 870 529 899 Currens præteream, canem vt bihentem
62 901 474 929 Ex Nilo perhibent, Marina, quæcis.
63 930 433 958 Cauſſas, accipies Marina paucis.
62 958 479 988 Es tupulera quidem, venuſta, bella,
64 987 580 1017 Perpulcramque habitas domum, ſuperbam,
64 1018 560 1048 Lautam, magnificam, omnibus patentem:
39 1048 453 1071 Verum nos habitare, fante Cauro
64 1076 521 1112 Tamlaxe, medico haud ſatis probatur.
292 1107 440 1136 Ad Naram.
664 1134 739 1159 Debes
446 1136 508 1158 F
