<?xml version="1.0" encoding="UTF-8" standalone="no"?><PcGts xmlns="http://schema.primaresearch.org/PAGE/gts/pagecontent/2019-07-15" xmlns:xsi="http://www.w3.org/2001/XMLSchema-instance" xsi:schemaLocation="http://schema.primaresearch.org/PAGE/gts/pagecontent/2019-07-15 http://schema.primaresearch.org/PAGE/gts/pagecontent/2019-07-15/pagecontent.xsd"><Metadata><Creator/><Created>2022-04-08T12:56:19</Created><LastChange>1970-01-01T00:00:00</LastChange><Comments/></Metadata><Page imageFilename="0479.png" imageHeight="1312" imageWidth="872"><TextRegion id="r1" orientation="0.0" type="paragraph"><Coords points="1,1 870,1 870,1310 1,1310"/><TextLine id="l1"><Coords points="615,61 461,67 371,67 371,87 614,87"/><TextEquiv><Unicode/></TextEquiv><TextEquiv index="1"><Unicode>AA</Unicode></TextEquiv></TextLine><TextLine id="l2"><Coords points="355,133 451,132 552,133 552,105 150,105 150,135 331,135"/><TextEquiv><Unicode/></TextEquiv><TextEquiv index="1"><Unicode>Debes pro hendecaſyllabis, Neæra,</Unicode></TextEquiv></TextLine><TextLine id="l3"><Coords points="511,133 355,134 331,136 229,138 155,137 155,160 511,160"/><TextEquiv><Unicode/></TextEquiv><TextEquiv index="1"><Unicode>Nobis baſiolum: Neæra, ſolue.</Unicode></TextEquiv></TextLine><TextLine id="l4"><Coords points="460,190 489,189 518,190 518,164 381,164 381,192 448,192"/><TextEquiv><Unicode/></TextEquiv><TextEquiv index="1"><Unicode>In Galloniam.</Unicode></TextEquiv></TextLine><TextLine id="l5"><Coords points="628,218 669,219 669,191 460,191 448,193 333,193 329,191 158,191 158,220 547,220"/><TextEquiv><Unicode/></TextEquiv><TextEquiv index="1"><Unicode>.tate Hectoream vincis, Gallonia, matremæ</Unicode></TextEquiv></TextLine><TextLine id="l6"><Coords points="517,248 686,247 686,221 415,222 187,228 187,253 257,254"/><TextEquiv><Unicode/></TextEquiv><TextEquiv index="1"><Unicode>Atq; eadem ſpiras, tru quod Auernus olet.</Unicode></TextEquiv></TextLine><TextLine id="l7"><Coords points="444,278 692,277 692,248 517,249 257,255 200,255 172,253 158,254 158,280 421,280"/><TextEquiv><Unicode/></TextEquiv><TextEquiv index="1"><Unicode>Caſta doces iuenes ſæui medicamen Amoris,</Unicode></TextEquiv></TextLine><TextLine id="l8"><Coords points="277,310 355,310 364,308 485,309 566,306 630,306 638,307 645,310 673,311 674,279 444,279 382,282 275,282 247,284 186,284 186,312 253,312"/><TextEquiv><Unicode/></TextEquiv><TextEquiv index="1"><Unicode>Et quo Philtra modo ſint fugienda, mones.</Unicode></TextEquiv></TextLine><TextLine id="l9"><Coords points="610,335 610,307 566,307 485,310 364,309 355,311 277,311 205,314 159,312 159,336 571,336"/><TextEquiv><Unicode/></TextEquiv><TextEquiv index="1"><Unicode>Scilicet &amp; ſuccos, &amp; Circes pocula noſti,</Unicode></TextEquiv></TextLine><TextLine id="l10"><Coords points="614,363 720,363 729,368 742,368 742,335 572,336 494,339 386,339 289,342 189,343 189,370 252,370"/><TextEquiv><Unicode/></TextEquiv><TextEquiv index="1"><Unicode>Quidque trahat Manes, quæq; ſit herba nocens.</Unicode></TextEquiv></TextLine><TextLine id="l11"><Coords points="412,396 493,396 569,393 687,393 689,392 689,364 421,367 390,369 253,370 188,372 160,371 160,399 300,399"/><TextEquiv><Unicode/></TextEquiv><TextEquiv index="1"><Unicode>Sed quid longa opus eſt artis præcepta referre,</Unicode></TextEquiv></TextLine><TextLine id="l12"><Coords points="407,425 498,425 529,423 675,422 675,394 569,394 493,397 412,397 171,402 171,427 321,428"/><TextEquiv><Unicode/></TextEquiv><TextEquiv index="1"><Unicode>Aut quid opus medicas adplicuiſſe manus?</Unicode></TextEquiv></TextLine><TextLine id="l13"><Coords points="442,454 544,454 566,453 576,451 612,452 619,457 749,457 749,422 686,422 656,424 529,424 498,426 407,426 263,430 208,430 185,428 161,428 161,458 278,458"/><TextEquiv><Unicode/></TextEquiv><TextEquiv index="1"><Unicode>Tevideat, quiſquis timet hunc, Gallonia,morbum:</Unicode></TextEquiv></TextLine><TextLine id="l14"><Coords points="576,454 442,455 190,460 190,480 576,480"/><TextEquiv><Unicode/></TextEquiv><TextEquiv index="1"><Unicode>Non aliis herbis tutior eſſe poteſt.</Unicode></TextEquiv></TextLine><TextLine id="l15"><Coords points="425,485 425,504 534,504 534,485"/><TextEquiv><Unicode/></TextEquiv><TextEquiv index="1"><Unicode>In endem.</Unicode></TextEquiv></TextLine><TextLine id="l16"><Coords points="720,509 574,509 546,511 508,510 499,512 379,511 374,509 270,509 245,512 161,511 161,544 310,544 432,541 498,542 550,540 648,540 655,544 720,544"/><TextEquiv><Unicode/></TextEquiv><TextEquiv index="1"><Unicode>Grandior &amp; Niobe, &amp; Pyrrhâ, Gallonia notra e,</Unicode></TextEquiv></TextLine><TextLine id="l17"><Coords points="609,543 389,543 311,544 286,546 191,545 191,570 609,570"/><TextEquiv><Unicode/></TextEquiv><TextEquiv index="1"><Unicode>Et, ſe noſſe virum, caſta puella negat.</Unicode></TextEquiv></TextLine><TextLine id="l18"><Coords points="729,568 647,568 641,570 614,571 469,571 431,573 325,573 237,576 161,575 161,602 314,602 346,600 487,600 595,598 699,598 706,602 729,602"/><TextEquiv><Unicode/></TextEquiv><TextEquiv index="1"><Unicode>Credo equidem. nam nullatibi Gallonnia forma,</Unicode></TextEquiv></TextLine><TextLine id="l19"><Coords points="390,630 657,628 657,599 346,601 275,604 189,604 189,633 273,633"/><TextEquiv><Unicode/></TextEquiv><TextEquiv index="1"><Unicode>Quam quiſqam ſanus poſſet amare, fuit.</Unicode></TextEquiv></TextLine><TextLine id="l20"><Coords points="412,658 524,659 541,657 712,656 712,629 555,629 274,633 274,660 280,660"/><TextEquiv><Unicode/></TextEquiv><TextEquiv index="1"><Unicode>In anum prurientem, &amp; puellam fugitiuam</Unicode></TextEquiv></TextLine><TextLine id="l21"><Coords points="372,688 699,686 699,660 161,660 161,691 288,691"/><TextEquiv><Unicode/></TextEquiv><TextEquiv index="1"><Unicode>Quædam Neſtoream ſuperans ætate parentem,</Unicode></TextEquiv></TextLine><TextLine id="l22"><Coords points="223,719 261,720 340,717 435,718 701,715 715,716 720,719 733,719 733,687 372,689 288,692 191,693 191,722 215,723"/><TextEquiv><Unicode/></TextEquiv><TextEquiv index="1"><Unicode>Quæ iuuenem ex Satyro redderet Hippoltum,</Unicode></TextEquiv></TextLine><TextLine id="l23"><Coords points="691,716 435,719 340,718 261,721 223,720 215,724 182,723 160,720 160,749 284,749 326,747 544,745 642,745 649,749 691,749"/><TextEquiv><Unicode/></TextEquiv><TextEquiv index="1"><Unicode>Me ſequitur, noſtriſq; ſalax amplcxibus hæret;</Unicode></TextEquiv></TextLine><TextLine id="l24"><Coords points="317,776 597,775 597,746 326,748 284,750 189,751 189,778 282,778"/><TextEquiv><Unicode/></TextEquiv><TextEquiv index="1"><Unicode>At riget in noſtro pectore dura ſile</Unicode></TextEquiv></TextLine><TextLine id="l25"><Coords points="619,776 317,777 264,780 158,779 158,805 619,805"/><TextEquiv><Unicode/></TextEquiv><TextEquiv index="1"><Unicode>Me tenera &amp; prima floreus ætate puella,</Unicode></TextEquiv></TextLine><TextLine id="l26"><Coords points="614,833 614,806 544,805 412,807 318,806 276,809 191,809 191,835 346,835"/><TextEquiv><Unicode/></TextEquiv><TextEquiv index="1"><Unicode>Quæ poſſet Pylium ſollicitare ſenem,</Unicode></TextEquiv></TextLine><TextLine id="l27"><Coords points="396,863 677,862 677,833 529,835 347,835 239,838 175,838 157,836 157,865 339,865"/><TextEquiv><Unicode/></TextEquiv><TextEquiv index="1"><Unicode>Heu fugit, &amp; noſtros crudelis ſpernit amores;</Unicode></TextEquiv></TextLine><TextLine id="l28"><Coords points="402,892 707,892 707,865 396,864 339,866 279,866 247,868 187,867 187,894 358,894"/><TextEquiv><Unicode/></TextEquiv><TextEquiv index="1"><Unicode>Qoq; magis ſpernit, me magis vrit amor.</Unicode></TextEquiv></TextLine><TextLine id="l29"><Coords points="500,921 664,922 664,893 402,893 313,896 193,895 184,897 156,896 156,924 327,924"/><TextEquiv><Unicode/></TextEquiv><TextEquiv index="1"><Unicode>Quid faciam? duris illinc me cautibus vrget</Unicode></TextEquiv></TextLine><TextLine id="l30"><Coords points="672,923 500,922 417,924 328,924 285,926 185,926 185,950 672,950"/><TextEquiv><Unicode/></TextEquiv><TextEquiv index="1"><Unicode>Caucalus, hinc ſæuis ignibus .tna coquit</Unicode></TextEquiv></TextLine><TextLine id="l31"><Coords points="442,954 442,981 519,981 519,954"/><TextEquiv><Unicode/></TextEquiv><TextEquiv index="1"><Unicode>Idem.</Unicode></TextEquiv></TextLine><TextLine id="l32"><Coords points="716,981 153,981 153,1012 323,1012 378,1010 616,1009 691,1009 699,1012 716,1012"/><TextEquiv><Unicode/></TextEquiv><TextEquiv index="1"><Unicode>Frigidius Scythico cum ſit tibi marmore corps,</Unicode></TextEquiv></TextLine><TextLine id="l33"><Coords points="650,1011 378,1011 323,1013 140,1014 138,1017 139,1039 650,1039"/><TextEquiv><Unicode/></TextEquiv><TextEquiv index="1"><Unicode>Cur mea cum tangis pectora, non rigeo?</Unicode></TextEquiv></TextLine><TextLine id="l34"><Coords points="650,1040 463,1040 250,1043 190,1043 153,1041 153,1068 650,1068"/><TextEquiv><Unicode/></TextEquiv><TextEquiv index="1"><Unicode>i faculas ſubdit nimium formoſa puella,</Unicode></TextEquiv></TextLine><TextLine id="l35"><Coords points="388,1097 613,1097 619,1096 619,1069 450,1068 402,1070 254,1071 185,1073 185,1100 281,1101"/><TextEquiv><Unicode/></TextEquiv><TextEquiv index="1"><Unicode>Atq; oculis noſtram diſſoluit glaciem.</Unicode></TextEquiv></TextLine><TextLine id="l36"><Coords points="711,1126 727,1126 727,1124 737,1124 737,1095 658,1095 649,1097 613,1098 388,1098 281,1102 153,1101 153,1129 706,1129"/><TextEquiv><Unicode/></TextEquiv></TextLine><TextLine id="l37"><Coords points="809,1115 779,1115 774,1120 767,1123 762,1123 762,1157 809,1157"/><TextEquiv><Unicode/></TextEquiv><TextEquiv index="1"><Unicode>il.</Unicode></TextEquiv></TextLine><TextEquiv><Unicode/></TextEquiv></TextRegion></Page></PcGts>