<?xml version="1.0" encoding="UTF-8" standalone="no"?><PcGts xmlns="http://schema.primaresearch.org/PAGE/gts/pagecontent/2019-07-15" xmlns:xsi="http://www.w3.org/2001/XMLSchema-instance" xsi:schemaLocation="http://schema.primaresearch.org/PAGE/gts/pagecontent/2019-07-15 http://schema.primaresearch.org/PAGE/gts/pagecontent/2019-07-15/pagecontent.xsd"><Metadata><Creator/><Created>2022-04-08T12:56:54</Created><LastChange>1970-01-01T00:00:00</LastChange><Comments/></Metadata><Page imageFilename="0480.png" imageHeight="1312" imageWidth="872"><TextRegion id="r1" orientation="0.0" type="paragraph"><Coords points="1,1 870,1 870,1310 1,1310"/><TextLine id="l1"><Coords points="506,96 501,81 481,84 469,84 422,82 418,83 301,83 301,105 506,105"/><TextEquiv><Unicode/></TextEquiv><TextEquiv index="1"><Unicode>EELLA</Unicode></TextEquiv></TextLine><TextLine id="l2"><Coords points="98,119 98,151 580,151 580,119"/><TextEquiv><Unicode/></TextEquiv><TextEquiv index="1"><Unicode>ec cinis in cineres corpus abire meum.</Unicode></TextEquiv></TextLine><TextLine id="l3"><Coords points="582,155 339,153 280,151 102,149 49,149 49,177 283,181 582,181"/><TextEquiv><Unicode/></TextEquiv><TextEquiv index="1"><Unicode>Sic mihi reſtituit torpentia frigore membra,</Unicode></TextEquiv></TextLine><TextLine id="l4"><Coords points="563,185 97,180 97,213 563,213"/><TextEquiv><Unicode/></TextEquiv><TextEquiv index="1"><Unicode>Sic flammas Cypris temperat ipſa meas.</Unicode></TextEquiv></TextLine><TextLine id="l5"><Coords points="327,214 327,237 457,237 457,214"/><TextEquiv><Unicode/></TextEquiv><TextEquiv index="1"><Unicode>Ad Stellam.</Unicode></TextEquiv></TextLine><TextLine id="l6"><Coords points="422,243 285,242 280,241 273,236 216,236 204,235 188,231 49,230 49,267 53,266 122,266 175,267 185,269 243,271 422,271"/><TextEquiv><Unicode/></TextEquiv><TextEquiv index="1"><Unicode>Stella, Palladiæ decus cateruæ,</Unicode></TextEquiv></TextLine><TextLine id="l7"><Coords points="437,274 430,273 243,272 184,269 67,269 67,296 437,296"/><TextEquiv><Unicode/></TextEquiv><TextEquiv index="1"><Unicode>Stella, Delitiæ nouem ſororum,</Unicode></TextEquiv></TextLine><TextLine id="l8"><Coords points="443,304 392,304 292,301 67,301 67,327 137,329 287,330 333,332 443,332"/><TextEquiv><Unicode/></TextEquiv><TextEquiv index="1"><Unicode>Quo nec doctior eſt probatiorqi</Unicode></TextEquiv></TextLine><TextLine id="l9"><Coords points="447,336 445,335 287,331 68,331 69,357 102,356 202,359 285,359 312,361 447,361"/><TextEquiv><Unicode/></TextEquiv><TextEquiv index="1"><Unicode>Quo nec candidior, benigniorqs,</Unicode></TextEquiv></TextLine><TextLine id="l10"><Coords points="369,363 312,362 285,360 202,360 102,357 59,358 55,356 49,355 49,383 369,383"/><TextEquiv><Unicode/></TextEquiv><TextEquiv index="1"><Unicode>i Nec eſt oficioſior ſodalis:</Unicode></TextEquiv></TextLine><TextLine id="l11"><Coords points="521,388 420,387 403,392 362,392 311,390 160,389 106,386 49,385 49,419 72,419 80,414 237,419 521,420"/><TextEquiv><Unicode/></TextEquiv><TextEquiv index="1"><Unicode>Cum ferox nimium, &amp; maligna Parca,</Unicode></TextEquiv></TextLine><TextLine id="l12"><Coords points="457,424 455,423 326,422 310,420 237,420 149,417 75,417 72,420 63,420 63,444 457,444"/><TextEquiv><Unicode/></TextEquiv><TextEquiv index="1"><Unicode>Crudelis nimium, &amp; ſeuera Parca</Unicode></TextEquiv></TextLine><TextLine id="l13"><Coords points="457,453 322,452 76,446 49,443 49,472 50,472 94,475 235,477 268,479 457,479"/><TextEquiv><Unicode/></TextEquiv><TextEquiv index="1"><Unicode>Hoc te orbauerit optimo parente,</Unicode></TextEquiv></TextLine><TextLine id="l14"><Coords points="440,483 268,480 197,477 49,477 48,501 80,502 119,505 224,506 312,509 440,509"/><TextEquiv><Unicode/></TextEquiv><TextEquiv index="1"><Unicode>Vnus qui fuit optimus virorum;</Unicode></TextEquiv></TextLine><TextLine id="l15"><Coords points="461,513 459,512 388,510 312,510 174,506 49,506 49,529 74,531 90,534 240,536 278,538 461,538"/><TextEquiv><Unicode/></TextEquiv><TextEquiv index="1"><Unicode>Vt præter lacrimas, graueſq; luctus</Unicode></TextEquiv></TextLine><TextLine id="l16"><Coords points="419,541 90,535 74,532 49,530 49,562 116,563 165,566 419,566"/><TextEquiv><Unicode/></TextEquiv><TextEquiv index="1"><Unicode>Dolenti modo nil tibi relictum</Unicode></TextEquiv></TextLine><TextLine id="l17"><Coords points="463,571 241,567 165,567 135,565 49,564 49,591 184,595 254,595 350,599 463,599"/><TextEquiv><Unicode/></TextEquiv><TextEquiv index="1"><Unicode>Iam ſit quid potius dolens &amp; ipſe,</Unicode></TextEquiv></TextLine><TextLine id="l18"><Coords points="516,594 500,600 350,600 254,596 85,594 68,592 49,592 49,623 516,623"/><TextEquiv><Unicode/></TextEquiv><TextEquiv index="1"><Unicode>Quam luctum &amp; lacrituas tibi dicarim?</Unicode></TextEquiv></TextLine><TextLine id="l19"><Coords points="286,630 286,652 515,652 515,630"/><TextEquiv><Unicode/></TextEquiv><TextEquiv index="1"><Unicode>Pomæ eteris tumulus.</Unicode></TextEquiv></TextLine><TextLine id="l20"><Coords points="576,658 562,658 553,661 501,661 243,656 232,652 49,651 49,679 57,681 191,683 242,686 311,686 354,688 576,688"/><TextEquiv><Unicode/></TextEquiv><TextEquiv index="1"><Unicode>Nontibus ſeptem totum diſfſa per orbems</Unicode></TextEquiv></TextLine><TextLine id="l21"><Coords points="473,691 311,687 242,687 191,684 49,683 49,708 63,710 473,710"/><TextEquiv><Unicode/></TextEquiv><TextEquiv index="1"><Unicode>Sidera ſubolimi vertice Roma tuli.</Unicode></TextEquiv></TextLine><TextLine id="l22"><Coords points="543,715 518,715 514,718 503,720 452,720 391,718 314,718 285,716 164,713 93,713 72,711 49,710 49,742 189,742 348,747 543,747"/><TextEquiv><Unicode/></TextEquiv><TextEquiv index="1"><Unicode>Sub pedibus terras vtroq; ab littore preſſi,</Unicode></TextEquiv></TextLine><TextLine id="l23"><Coords points="575,751 348,748 189,743 49,742 49,769 57,769 94,771 271,774 301,776 575,777"/><TextEquiv><Unicode/></TextEquiv><TextEquiv index="1"><Unicode>Atlantem tenuit dextra, ſiniſtra Scyham.</Unicode></TextEquiv></TextLine><TextLine id="l24"><Coords points="559,781 391,779 368,777 301,777 184,773 49,773 49,799 71,799 190,803 279,804 303,806 559,806"/><TextEquiv><Unicode/></TextEquiv><TextEquiv index="1"><Unicode>Iupiter hos etiam diſiecit fulmine montes,</Unicode></TextEquiv></TextLine><TextLine id="l25"><Coords points="495,810 303,807 279,805 190,804 153,802 49,802 49,829 97,831 214,832 247,834 495,834"/><TextEquiv><Unicode/></TextEquiv><TextEquiv index="1"><Unicode>Et tumulos iuſſit corporis eſſe mei</Unicode></TextEquiv></TextLine><TextLine id="l26"><Coords points="483,838 471,837 379,838 214,833 49,830 48,858 139,858 185,862 256,864 483,864"/><TextEquiv><Unicode/></TextEquiv><TextEquiv index="1"><Unicode>Incubuit capiti rupes Tarpeianoſtro,</Unicode></TextEquiv></TextLine><TextLine id="l27"><Coords points="528,869 502,870 379,868 309,865 185,863 169,861 49,861 49,887 67,887 85,889 129,889 184,893 528,893"/><TextEquiv><Unicode/></TextEquiv><TextEquiv index="1"><Unicode>Preſſirinalpectora monte iacent.</Unicode></TextEquiv></TextLine><TextLine id="l28"><Coords points="573,897 565,899 426,899 296,895 184,894 151,891 85,890 67,888 49,888 49,922 85,922 92,918 116,918 125,920 160,920 184,922 573,922"/><TextEquiv><Unicode/></TextEquiv><TextEquiv index="1"><Unicode>Crura Palatinus, geminos hinc inde lacertos</Unicode></TextEquiv></TextLine><TextLine id="l29"><Coords points="524,929 431,929 344,927 327,925 244,925 183,922 49,922 49,945 55,945 61,948 143,949 249,953 342,953 361,955 524,955"/><TextEquiv><Unicode/></TextEquiv><TextEquiv index="1"><Unicode>Collis Auentinus, Viminenſq; tegunt.</Unicode></TextEquiv></TextLine><TextLine id="l30"><Coords points="586,953 572,954 564,958 507,959 361,956 342,954 249,954 143,950 49,949 48,977 81,977 168,981 205,981 233,983 302,983 360,986 586,988"/><TextEquiv><Unicode/></TextEquiv><TextEquiv index="1"><Unicode>Exquiliæ hincſurgunt, &amp; ſurgitCælius illinc:</Unicode></TextEquiv></TextLine><TextLine id="l31"><Coords points="606,990 360,987 302,984 233,984 139,980 49,980 49,1006 103,1009 346,1015 606,1015"/><TextEquiv><Unicode/></TextEquiv><TextEquiv index="1"><Unicode>Hæc quoq; ſunt pedibus facta ſepulcra meis.</Unicode></TextEquiv></TextLine><TextLine id="l32"><Coords points="562,1019 383,1017 345,1015 295,1015 143,1010 103,1010 77,1008 49,1008 49,1036 188,1041 266,1042 291,1044 562,1044"/><TextEquiv><Unicode/></TextEquiv><TextEquiv index="1"><Unicode>Sic quæ viua ſibi ſeptem circuudedit arceis,</Unicode></TextEquiv></TextLine><TextLine id="l33"><Coords points="567,1050 563,1049 380,1047 155,1041 99,1038 49,1038 49,1072 567,1073"/><TextEquiv><Unicode/></TextEquiv><TextEquiv index="1"><Unicode>Mortua nunc ſeptem conregitur tumulis.</Unicode></TextEquiv></TextLine><TextLine id="l34"><Coords points="521,1078 381,1077 301,1074 252,1075 252,1101 390,1105 522,1105"/><TextEquiv><Unicode/></TextEquiv><TextEquiv index="1"><Unicode>Leonis Stroæ epitaphium.</Unicode></TextEquiv></TextLine><TextLine id="l35"><Coords points="613,1102 575,1103 569,1106 559,1107 489,1107 334,1105 310,1103 205,1101 197,1097 49,1097 49,1126 105,1126 155,1129 261,1131 354,1135 613,1135"/><TextEquiv><Unicode/></TextEquiv><TextEquiv index="1"><Unicode>aud iaceo anguſtâ magnus Leo conditus vrn:</Unicode></TextEquiv></TextLine><TextLine id="l36"><Coords points="621,1139 492,1138 390,1135 354,1136 261,1132 183,1131 128,1128 49,1127 48,1160 52,1160 64,1158 87,1158 94,1162 258,1168 376,1168 379,1166 394,1166 406,1164 457,1164 489,1166 499,1168 621,1168"/><TextEquiv><Unicode/></TextEquiv><TextEquiv index="1"><Unicode>Non bene tam magnum tam brenis vrna capit</Unicode></TextEquiv></TextLine><TextLine id="l37"><Coords points="681,1169 681,1192 729,1192 729,1169"/><TextEquiv><Unicode/></TextEquiv><TextEquiv index="1"><Unicode>æ</Unicode></TextEquiv></TextLine><TextEquiv><Unicode/></TextEquiv></TextRegion></Page></PcGts>