<PcGts xmlns="http://schema.primaresearch.org/PAGE/gts/pagecontent/2017-07-15" xmlns:xsi="http://www.w3.org/2001/XMLSchema-instance" xsi:schemaLocation="http://schema.primaresearch.org/PAGE/gts/pagecontent/2017-07-15 http://schema.primaresearch.org/PAGE/gts/pagecontent/2017-07-15/pagecontent.xsd"><Metadata><Creator>User123</Creator><Created>2020-04-19T01:00:16</Created><LastChange>2020-04-19T01:00:16</LastChange></Metadata><Page imageFilename="0480.png" imageHeight="1312" imageWidth="872"><TextRegion id="r0" type="paragraph"><Coords points="1,1 870,1 870,1310 1,1310"/><TextLine id="r0_l001"><Coords points="506,96 482,96 477,94 470,86 419,85 418,83 301,83 301,105 506,105"/><TextEquiv index="1"><Unicode>EELLA</Unicode></TextEquiv></TextLine><TextLine id="r0_l002"><Coords points="656,92 656,115 745,115 745,92"/><TextEquiv index="1"><Unicode>?</Unicode></TextEquiv></TextLine><TextLine id="r0_l003"><Coords points="98,119 98,151 580,151 580,119"/><TextEquiv index="1"><Unicode>ec cinis in cineres corpus abire meum.</Unicode></TextEquiv></TextLine><TextLine id="r0_l004"><Coords points="582,155 339,153 280,151 102,149 27,150 27,181 38,181 45,177 283,181 582,181"/><TextEquiv index="1"><Unicode>Sic mihi reſtituit torpentia frigore membra,</Unicode></TextEquiv></TextLine><TextLine id="r0_l005"><Coords points="563,185 97,180 97,213 563,213"/><TextEquiv index="1"><Unicode>Sic flammas Cypris temperat ipſa meas.</Unicode></TextEquiv></TextLine><TextLine id="r0_l006"><Coords points="327,214 327,237 457,237 457,214"/><TextEquiv index="1"><Unicode>Ad Stellam.</Unicode></TextEquiv></TextLine><TextLine id="r0_l007"><Coords points="422,243 285,242 280,241 273,236 216,236 204,235 188,231 32,230 32,266 43,266 46,268 53,266 122,266 175,267 185,269 243,271 422,271"/><TextEquiv index="1"><Unicode>Stella, Palladiæ decus cateruæ,</Unicode></TextEquiv></TextLine><TextLine id="r0_l008"><Coords points="437,274 430,273 243,272 184,269 67,269 67,296 437,296"/><TextEquiv index="1"><Unicode>Stella, Delitiæ nouem ſororum,</Unicode></TextEquiv></TextLine><TextLine id="r0_l009"><Coords points="443,304 392,304 292,301 67,301 67,327 137,329 287,330 333,332 443,332"/><TextEquiv index="1"><Unicode>Quo nec doctior eſt probatiorqi</Unicode></TextEquiv></TextLine><TextLine id="r0_l010"><Coords points="447,336 445,335 287,331 68,331 69,357 102,356 202,359 285,359 312,361 447,361"/><TextEquiv index="1"><Unicode>Quo nec candidior, benigniorqs,</Unicode></TextEquiv></TextLine><TextLine id="r0_l011"><Coords points="369,363 312,362 285,360 202,360 102,357 59,358 55,356 43,355 41,353 41,347 1,347 1,374 7,375 8,383 369,383"/><TextEquiv index="1"><Unicode>i Nec eſt oficioſior ſodalis:</Unicode></TextEquiv></TextLine><TextLine id="r0_l012"><Coords points="521,388 420,387 403,392 362,392 311,390 160,389 106,386 31,386 31,420 72,419 80,414 237,419 521,420"/><TextEquiv index="1"><Unicode>Cum ferox nimium, &amp; maligna Parca,</Unicode></TextEquiv></TextLine><TextLine id="r0_l013"><Coords points="457,424 455,423 326,422 310,420 237,420 149,417 75,417 72,420 63,420 63,444 457,444"/><TextEquiv index="1"><Unicode>Crudelis nimium, &amp; ſeuera Parca</Unicode></TextEquiv></TextLine><TextLine id="r0_l014"><Coords points="457,453 322,452 76,446 43,443 40,440 40,436 34,427 3,427 3,466 9,466 10,469 19,472 50,472 94,475 235,477 268,479 457,479"/><TextEquiv index="1"><Unicode>Hoc te orbauerit optimo parente,</Unicode></TextEquiv></TextLine><TextLine id="r0_l015"><Coords points="440,483 268,480 197,477 32,477 32,501 80,502 119,505 224,506 312,509 440,509"/><TextEquiv index="1"><Unicode>Vnus qui fuit optimus virorum;</Unicode></TextEquiv></TextLine><TextLine id="r0_l016"><Coords points="461,513 459,512 388,510 312,510 174,506 31,506 31,525 33,527 39,529 74,531 90,534 240,536 278,538 461,538"/><TextEquiv index="1"><Unicode>Vt præter lacrimas, graueſq; luctus</Unicode></TextEquiv></TextLine><TextLine id="r0_l017"><Coords points="419,541 90,535 74,532 39,530 33,528 26,522 4,522 4,558 8,558 13,566 17,566 24,562 116,563 165,566 419,566"/><TextEquiv index="1"><Unicode>Dolenti modo nil tibi relictum</Unicode></TextEquiv></TextLine><TextLine id="r0_l018"><Coords points="463,571 241,567 165,567 135,565 36,565 36,589 43,591 184,595 254,595 350,599 463,599"/><TextEquiv index="1"><Unicode>Iam ſit quid potius dolens &amp; ipſe,</Unicode></TextEquiv></TextLine><TextLine id="r0_l019"><Coords points="516,594 500,600 350,600 254,596 85,594 68,592 43,592 37,590 1,590 1,618 32,619 33,623 516,623"/><TextEquiv index="1"><Unicode>Quam luctum &amp; lacrituas tibi dicarim?</Unicode></TextEquiv></TextLine><TextLine id="r0_l020"><Coords points="286,630 286,652 515,652 515,630"/><TextEquiv index="1"><Unicode>Pomæ eteris tumulus.</Unicode></TextEquiv></TextLine><TextLine id="r0_l021"><Coords points="840,624 840,664 870,664 870,624"/><TextEquiv index="1"><Unicode></Unicode></TextEquiv></TextLine><TextLine id="r0_l022"><Coords points="576,658 562,658 553,661 501,661 243,656 232,652 1,652 1,674 20,674 23,677 30,679 45,679 57,681 191,683 242,686 311,686 354,688 576,688"/><TextEquiv index="1"><Unicode>Nontibus ſeptem totum diſfſa per orbems</Unicode></TextEquiv></TextLine><TextLine id="r0_l023"><Coords points="869,704 869,670 841,670 841,705 867,705"/><TextEquiv index="1"><Unicode></Unicode></TextEquiv></TextLine><TextLine id="r0_l024"><Coords points="473,691 311,687 242,687 191,684 1,683 1,705 40,705 48,708 63,710 473,710"/><TextEquiv index="1"><Unicode>Sidera ſubolimi vertice Roma tuli.</Unicode></TextEquiv></TextLine><TextLine id="r0_l025"><Coords points="543,715 518,715 514,718 503,720 452,720 391,718 314,718 285,716 164,713 93,713 72,711 1,711 1,739 22,739 40,742 189,742 348,747 543,747"/><TextEquiv index="1"><Unicode>Sub pedibus terras vtroq; ab littore preſſi,</Unicode></TextEquiv></TextLine><TextLine id="r0_l026"><Coords points="869,705 842,706 842,739 869,739"/><TextEquiv index="1"><Unicode></Unicode></TextEquiv></TextLine><TextLine id="r0_l027"><Coords points="575,751 348,748 189,743 1,742 1,774 34,774 43,769 57,769 94,771 271,774 301,776 575,777"/><TextEquiv index="1"><Unicode>Atlantem tenuit dextra, ſiniſtra Scyham.</Unicode></TextEquiv></TextLine><TextLine id="r0_l028"><Coords points="559,781 391,779 368,777 301,777 184,773 36,773 34,775 34,802 39,800 71,799 190,803 279,804 303,806 559,806"/><TextEquiv index="1"><Unicode>Iupiter hos etiam diſiecit fulmine montes,</Unicode></TextEquiv></TextLine><TextLine id="r0_l029"><Coords points="495,810 303,807 279,805 190,804 153,802 36,802 33,804 33,825 47,829 97,831 214,832 247,834 495,834"/><TextEquiv index="1"><Unicode>Et tumulos iuſſit corporis eſſe mei</Unicode></TextEquiv></TextLine><TextLine id="r0_l030"><Coords points="483,838 471,837 379,838 214,833 37,830 37,859 139,858 185,862 256,864 483,864"/><TextEquiv index="1"><Unicode>Incubuit capiti rupes Tarpeianoſtro,</Unicode></TextEquiv></TextLine><TextLine id="r0_l031"><Coords points="528,869 502,870 379,868 309,865 185,863 169,861 38,861 38,885 43,887 67,887 85,889 129,889 184,893 528,893"/><TextEquiv index="1"><Unicode>Preſſirinalpectora monte iacent.</Unicode></TextEquiv></TextLine><TextLine id="r0_l032"><Coords points="573,897 565,899 426,899 296,895 184,894 151,891 85,890 67,888 1,888 1,920 4,922 85,922 92,918 116,918 125,920 160,920 184,922 573,922"/><TextEquiv index="1"><Unicode>Crura Palatinus, geminos hinc inde lacertos</Unicode></TextEquiv></TextLine><TextLine id="r0_l033"><Coords points="524,929 431,929 344,927 327,925 244,925 183,922 38,923 38,945 55,945 61,948 143,949 249,953 342,953 361,955 524,955"/><TextEquiv index="1"><Unicode>Collis Auentinus, Viminenſq; tegunt.</Unicode></TextEquiv></TextLine><TextLine id="r0_l034"><Coords points="586,953 572,954 564,958 507,959 361,956 342,954 249,954 143,950 35,950 35,979 39,977 81,977 168,981 205,981 233,983 302,983 360,986 586,988"/><TextEquiv index="1"><Unicode>Exquiliæ hincſurgunt, &amp; ſurgitCælius illinc:</Unicode></TextEquiv></TextLine><TextLine id="r0_l035"><Coords points="606,990 360,987 302,984 233,984 139,980 38,980 38,1006 45,1007 49,1006 103,1009 346,1015 606,1015"/><TextEquiv index="1"><Unicode>Hæc quoq; ſunt pedibus facta ſepulcra meis.</Unicode></TextEquiv></TextLine><TextLine id="r0_l036"><Coords points="562,1019 383,1017 345,1015 295,1015 143,1010 103,1010 77,1008 1,1008 1,1044 21,1044 29,1038 49,1036 188,1041 266,1042 291,1044 562,1044"/><TextEquiv index="1"><Unicode>Sic quæ viua ſibi ſeptem circuudedit arceis,</Unicode></TextEquiv></TextLine><TextLine id="r0_l037"><Coords points="567,1050 563,1049 380,1047 155,1041 99,1038 35,1038 35,1072 567,1073"/><TextEquiv index="1"><Unicode>Mortua nunc ſeptem conregitur tumulis.</Unicode></TextEquiv></TextLine><TextLine id="r0_l038"><Coords points="521,1078 381,1077 301,1074 252,1075 252,1101 390,1105 522,1105"/><TextEquiv index="1"><Unicode>Leonis Stroæ epitaphium.</Unicode></TextEquiv></TextLine><TextLine id="r0_l039"><Coords points="613,1102 575,1103 569,1106 559,1107 489,1107 334,1105 310,1103 205,1101 197,1097 37,1097 37,1127 105,1126 155,1129 261,1131 354,1135 613,1135"/><TextEquiv index="1"><Unicode>aud iaceo anguſtâ magnus Leo conditus vrn:</Unicode></TextEquiv></TextLine><TextLine id="r0_l040"><Coords points="621,1139 492,1138 390,1135 354,1136 261,1132 183,1131 128,1128 1,1128 1,1160 52,1160 64,1158 87,1158 94,1162 258,1168 376,1168 379,1166 394,1166 406,1164 457,1164 489,1166 499,1168 621,1168"/><TextEquiv index="1"><Unicode>Non bene tam magnum tam brenis vrna capit</Unicode></TextEquiv></TextLine><TextLine id="r0_l041"><Coords points="434,1165 434,1193 489,1193 489,1165"/><TextEquiv index="1"><Unicode>Vf</Unicode></TextEquiv></TextLine><TextLine id="r0_l042"><Coords points="681,1169 681,1192 729,1192 729,1169"/><TextEquiv index="1"><Unicode>æ</Unicode></TextEquiv></TextLine></TextRegion></Page></PcGts>