872 1312
344 86 580 110 IOACHIMI
125 125 606 155 Nec me terra capit: terrâ ſed gloria maior
157 154 607 176 Iam certum nautis ſidus ad aſtra vehit.
123 184 638 212 Vtq; meas quondam late tulit vnda carinass
158 211 635 242 Sic iuuat immenſi nunc maris eſſe Deum.
125 241 636 269 Ergo age, qui noſtris ſuccedes lætus habenis,
155 270 610 300 Iam facilem tutus per mare carpe viam.
365 302 456 330 Eiuſlem.
124 328 610 356 erculis ad littus fato ſum raptus acerbo,
158 358 611 386 Herculeâ noſter laude perennis honos.
127 386 641 416 erculis in terris notus labor, æquore noſtem
159 416 621 446 Ignea vis fatum; præmium vtriq; polus.
399 448 493 473 Eiudem.
129 474 628 502 Pladis & Mortis, Neptuni numine fretus,
162 504 623 532 Conſilio, dextrâ, puppe timendus eras.
111 531 676 566 Mente Ithacus pugnax, bello ſpectatus Achilles,
124 561 587 590 Nauigio Typhis: hæc, Leo, trina tibi.
110 588 575 618 Sic ſuus Auſoniæ fato ſublatus Vlyſſes,
162 620 610 648 acides, Tiphiis: mors fuit vna tribus.
414 651 485 671 cCiem.
132 678 649 703 Non tibi Germanus miles, nos miles Iberus
164 707 629 736 Funeris eſt auctor cauſſaque.magne Leo.
135 735 682 765 Gallica proh facinus ITte te dedit impia letho,
164 765 669 794 Magnanimum fratrem quæ premit, inuidia,
134 795 614 824 Inuidam frater forti nunc pectore vincit:
164 824 631 851 Mortuus hanc veris laudibus ipſe domas.
258 854 677 882 In eundem && ſyrrhum Stroam fratrem,
136 881 613 906 t fratrem Pollux alternâ morte redemit,
137 911 628 941 Sic fratrem vellet ſupetas euadere ad auras
135 940 699 969 Magnanimus Pyrrhus: ſed nil præſtare neceſſe et
135 970 672 999 Hoc pietatis opus: cum bello inſignis & armis
138 999 625 1027 Germanum referat geminato ſidere frater.
327 1028 607 1050 Siluiæ Mirandulæ tumulus.
138 1057 683 1085 Coniugis heu manibus paruo iacet ubdita ſaxo
156 1085 693 1115 Cetera diſce hoſpes cum gemitu & lacrimis
136 1116 660 1145 luia, cui clarum dederat Mirandula nomen,
756 1139 809 1172 Ipſi
