872 1312
347 86 590 108 IOACHIMI
132 122 612 154 Dura quidem lex iſta fuit, ſed durior illo,
168 152 630 183 Nuper quam immeritâ Liuia morte tulit.
136 182 588 206 Liuia defuncto dudum viduata marito,
160 210 654 239 Cum viuax nimium, cum foret& locuples.
140 239 675 270 Tanquam caſta parum, priſciq; oblita pudoris,
165 269 560 298 Heredis generi concidit icta manu.
135 297 626 328 Hanc igitur legem ſanguis ſacrabit inultus,
168 327 610 358 Diues quæ fuerit, mœcha ſit vt genero?
135 353 732 385 Oſenium infelix, metuendum & matribus aurm
167 385 610 411 Si ſcelus eſt, nimium viuere, diuitibus.
333 416 598 436 Iulii III.
137 443 617 472 Si poma arboribus naſcuntur, vitibus vuæ,
166 472 614 499 Et ſua non mendax fœnera redditager:
135 500 608 530 Si ephyris tellus fundit violaſq; roſaſq;,
167 530 579 559 Naſcunturq; ſuis omnia ſeminibus:
119 555 718 596 æ Non poma,aut vuæ clauſo heicde corpore ſurgent,
165 589 639 616 Nec feret hæc violas nec dabit vrna roſas.
119 616 607 646 Allia naſcentur, naſcetur ſectile porrum,
163 647 607 676 Et cepe & quidquid ſpirat odore graui:
130 676 580 705 eliciæ Iulii, veſci queis ſucuerat olim,
161 705 548 733 Iupiter vt dulci veſcitur ambroſiâ.
131 733 604 761 Vos igitur magni fatum quos tangit Iulij,
162 762 649 790 Serta quibus deſunt, balſama, thura, dapet,
128 791 604 821 os ius tumulo diuinos ſpargite odores,
160 821 561 848 Vt dignas habeat Iulius exſequias.
285 848 599 878 Marceli II. P. M. tumulus
128 878 583 907 Tu quoq; ſi fati potuiſſes rumpere iura,
160 907 588 930 Tu Marcellus eras, miſerande ſenex.
127 937 603 966 At te fata tuis ſolum oſtendere, neq; vltia
160 965 526 987 Pontificis titulo te voluere frui:
128 994 622 1024 Te, quo nec melior Romanæ contigit vrbi,
157 1024 598 1052 Nec meritis maior, nec probitate prior.
124 1053 641 1082 eu pietas, heu nora fides, deuotaq; Chrſts
156 1082 588 1110 Pectora, & antiquæ relligionis amor
108 1110 627 1141 on illo quiſquam bellicomponere motus
695 1139 774 1170 Aptios
