872 1312
321 75 526 97 BLLLAII
111 115 505 145 Aptior, aut vitiis acrior hoſtis erat.
69 138 637 175 Quante ill in dubiis conſtans prudentia rebus,
114 172 595 206 Quantum illi ingenium conſiliumq; fuit;
69 203 624 232 Ah nimium felix, propria hæc ſi dona fu:ſſent,
111 232 570 262 Ah nimium feli tu quoq;, Roma, fores.
370 264 462 292 Eiuſiem.
69 290 627 320 oc tumulo ſitus eſt vrbis pater, & pater orbis,
114 321 627 352 Rom aq; cum propriis publica damna gcmit.
69 350 566 380 Marcelium cecinit diuini Muſa Maronisc
112 381 558 412 Heia quoq; Mareellus, ſi licuilet, erat.
381 412 475 438 Eiuſdem.
80 440 587 471 Romanum imperium ſarcello fata dedere,
111 471 555 499 Marcellus dignus quod foret Imperio.
69 499 598 529 Abſtulit Imperio Marcellum vis quoq;, fati,
69 529 598 559 Marcello indignum quod foret Imperium.
323 559 541 586 iuſdem & Iulii III.
69 587 574 618 Litera Pythagoræ Petri ſpectatur in æde:
112 617 550 648 Quâ libet hinc igitur carpe, viator, iter.
69 646 651 674 Marcelli tumuium,tumulum quoq; cernis Iulij
79 676 575 707 Hoc tegitur vitus; hoc ſcelus & vitium
355 707 466 726 Eeundem.
68 732 603 768 Vt quis conatur rapidas extinguereftammas,
112 763 512 793 Sæpe ſolet mediis ipſe perire rogis:
69 788 566 823 Siceteres Iulij cupiens purgare cloacas
110 823 510 852 Marcellus, diro tactus odore perijt.
328 853 503 882 Canis epitaphium.
82 883 496 913 Latratu fures excepi mutus amanti
110 912 559 941 Sic placui domino ſic placui dominæ
171 941 640 971 Aſcanii Sa epiraph, Caraſa â pocu
69 971 556 1001 i matris te damna tuæ luctuſq; tuorum,
113 1000 547 1030 Et tangunt generis funera acerba tui:
69 1030 635 1059 eic iterum fer, ſæue Puer, verſamq; pharetram,
111 1059 514 1084 Et fractos arcus, & ſine luce facem.
69 1083 594 1123 Non tibi iam pater eſt pulcri deflendus Iuli;
108 1116 533 1154 Eſt tibi deſendus ſed puer Aſcanius
688 1144 751 1170 Aſea-
