872 1312
345 79 592 118 IOACIMI
127 82 172 109 t
132 118 600 149 Aſcanrus cui pace Iouis concederet ipſc
159 149 581 188 Qui Superis miſcet pocula grata puer.
377 181 549 208 Petronillæ puellæ.
124 201 651 238 Quas potius decuit noſtro te inferre ſepulers
165 236 609 266 Petronilla, tibi ſpargimus has lacrimas:
135 265 745 295 Spargimus has lacrimas, mœſti monumenta parentis,
165 294 697 322 Et tibi pro thalamo ſternimus hunc tumulum.
134 323 612 355 Sperabam genitor tædas præferre iugales,
164 353 568 380 Et titulo patris iungere nomen aui.
135 381 681 412 Heu gener eſt Orcus, quique,o dulciſſime, per te
164 410 575 439 Se ſperabat auum, deſinit eſſe pate
400 444 566 471 Deliæ pellæ.
134 469 708 500 Gratia, forma, decus, pietas, candorque pudorque,
165 499 589 526 Ingenium, virtus, & probitatis amor,
1 513 52 548 .
135 528 661 557 Quæ Bona nulla ſinit longis caneſcere ſæclis
826 537 868 567 n
167 557 589 585 Si ſolita his cſſet parcere Parca ferox,
135 585 655 614 Haud ſurrepta fores primo ſub flore iuuentæ,
834 591 866 613 is
127 613 656 642 Delia, nec tecum hoc tecta forent tumulo,
833 621 870 649 ul
133 642 711 675 Gratia, forma, decus, pietas , candorque pudorque,
822 649 870 673 s
164 673 576 702 Ingenium virtus, & probitatis amor.
834 679 870 701 uii
277 704 657 732 Iani Brinonis Senat. Tartenſis obitus.
136 729 660 761 Brino olim locuples, magno poſt ære grauatus,
823 738 870 768 u
167 759 618 790 Confugit ad Muſas, pauperiem fugiens.
835 768 870 796 u
136 788 678 821 oc vnum ſolamen erat, requieſque malorum.
835 799 870 819 i
168 818 618 848 Spes vna hæc miſero præſidiumque fuit
136 846 671 874 Ergo is, quicquid adhuc vacuâ reſtabat in arcâ,
167 876 659 907 Contulit in Muſas. tunc quoque munificus.
140 903 721 938 Tandem vbi paupertas hominem ſic preſſit iniqua,
823 914 870 947 n
165 932 603 964 Nil foret vt Muſis quod daret interiit,
414 967 520 987 De eodem.
136 990 595 1022 Multis Brino fuit diues ſtipatus amicis;
169 1019 615 1047 Exhuſtus Muſas ſolum habui comites.
138 1048 646 1080 Per fida iuentem liquit me turba clientum;
166 1077 699 1110 Defunctum ſequitur nunc quoq; Muſa comes.
362 1111 571 1143 Idem adbuc lequitus.
734 1141 822 1189 i
