872 1312
349 69 529 98 ELLAI
87 96 489 137 Sedfelix nimis & nimiſque felix,
106 136 489 165 Cui, ne ſcilicet amplius videres
104 166 500 197 Luxum, mollitiem, libidinemque,
87 194 473 226 Faſtum, ſæuitiam, ſuperbiamq;,
87 225 499 255 Bella, & vineula, ceteraſq; peſtes,
107 254 562 286 Queis noſtrum male ſæculum laborat,
112 286 528 314 Cum mori obtigit, inuidere mortem
107 315 487 345 Cum poſſent tibi vel beatiores.
365 345 616 370 Monluci iuniori atum.
87 372 699 403 ittora Dardaniæ quondam vt contingere pris
136 403 596 432 Dum cupis, & primus, Proteſilae, cadis:
87 432 613 464 Sic cupidus pugnæ, foſſa Monlucius hoſtem
96 461 671 490 Dum prohibet primus, primus ab hoſte cadit,
87 490 611 521 oſtia prima cadit Monlucius. Oſtia nempe
135 521 533 549 Haud aliâ poterat conditione capi.
87 550 656 576 Aſt hæc ne decimum, Galli, vos ducat in annum
136 580 586 609 Oſtia, Monlucii pectora quiſque gerat.
345 609 471 639 Eiuſdem.
106 638 590 668 Hoſpes ſiſte gradum rogo heic parumpe,
107 669 496 698 Quemq; prætereas locum videto.
105 698 511 724 Hoc hoc ſub tumulo iacet ſepultus
105 727 497 756 Monlucii illius hoc ſat eſt viator
105 757 478 787 Natus optimus optimi parentis.
105 787 525 817 Qui dum ſorte datum locum tuetu,
104 817 532 845 Pro foſſa vigil excubatq; primus,
105 846 536 875 Cæco vulnere primus eſt peremptus.
104 876 549 904 Illum mœſta prius cohors Tribunum,
101 904 512 934 Mox cæſum ingemuere tota caſtra.
282 933 577 963 Fonteii vii fortiſmi obtus,
104 963 629 993 Dum patriâ virtute furit Memorantius heros,
134 993 582 1016 Inuidus hunc Mauors vidit & erubuit.
87 1022 642 1052 Ergo Deus iuuenem ceo petit improbus ica.
97 1052 558 1080 Quem texit clypeo dia Minerua ſuo.
86 1079 647 1112 Adſtabat tum forte comes Fonteius: in lum
133 1112 466 1135 Decidit iuati vis inimica Dei
728 1138 766 1160 -
