872 1312
345 66 559 89 IOACIMI
117 98 606 130 Felix, cui tantæ conceſſa eſt copia mortis,
146 130 508 154 Et venit domini fata ſubire ſui.
280 161 604 189 Mlontebelli iuuenis fortiſſ. mors
118 188 483 212 Nec te carminibus meis tacebo
118 218 481 244 Odecus iuuenum ferociorum,
119 247 537 276 Digne Apolline, Montibelle, noſtro;
120 276 557 301 Cui cum vix decimo addidiſſet anno
119 306 570 337 Annos Parca decem, genaſque prima
119 335 482 364 Vix lanugine pingeret Iuuenta,
119 362 487 394 Vitæ ſtamina rupit immerenti.
120 393 588 422 At non indecoram oppetiſſe mortem
121 420 640 455 Te quiſquam arguat. ipſe namque primus
112 451 600 482 Dum murum ſuperas, manuque ſignum
121 479 541 512 Præfers intrepidus ferum per agmen,
121 509 553 537 Pulcram. magnanimus necem ſubiſti,
122 537 529 570 Obrutus lapidum furente nimbo,
122 566 530 599 Crebris glandibus, igneiſque telis.
122 594 534 628 Te cœſum ingemuit piuſque frater,
121 625 485 658 Militumq; manus; duces & ipſi
123 655 502 686 Certatim ſine fine Montibellum
124 684 531 709 Summis laudibus efferunt ad aſtra.
211 714 702 746 Iuuentuti Gallicæ pro Paulo IV. P.M. æſ bbe
368 748 496 775 Parthenopæo.
124 772 574 806 Quo nam vos iubeam ſacra hac tabellâ
123 803 487 829 Ad cœlum merito volare verſu,
123 830 505 863 OMartis ſoboles, Deumq; cura
123 859 474 886 Pubis robora lecta Gallicanæ?
123 890 457 918 Vos dico iuuenes ferociores,
124 918 490 953 Qui dulci patria proculrelictâ,
123 948 476 975 Natis, coniugibus, focis & aris.
124 975 519 1010 Aut ſi carius his poteeſt quid eſſe,
124 1005 533 1042 Per tot heu pelagi æſtuantis vndas,
123 1037 531 1066 Per tot culmina montium niuoſa,
124 1065 490 1096 Flaui littora Tibridis petentes,
123 1093 601 1123 Pulcram magnanimi necem heic ſubiſtis.
