872 1312
340 65 565 102 IOACIM
145 70 192 98 AS
145 102 869 142 Hectora flet genitor, carum gemit ectora mate,
175 134 692 162 Hectora Dardanidum mænia congeminant?
144 163 627 193 Adſtabat laniata genas, turbata capillos
172 193 623 222 Andromache coniux, & puer Aſtyanax.
827 201 870 232 s
144 221 656 253 OPhrygii columen regni, quo ſuſpite Troia.
175 252 599 275 Tuta fuit, ſæuos nee timuit Danaosl
143 280 716 310 Quis mihi te eripuit coniux dulciſſime? quis te,
825 284 869 319 o
173 309 702 341 Quis miſeram tecum perdidit Andromachen?
143 338 703 368 Tu ſpes Dardanidis quondam, tu terror Achiuis.
172 367 727 398 Per te annos durat nunc quoq; Troia decem,
142 397 733 426 Heu qualem adſpicio quam fœdos puluere erines?
172 426 693 456 Quam laceros artusl quam tumidoſq; pedes
807 440 869 465 si
140 457 656 485 At non talis eras cum te manus Argiuorum
816 466 870 496 h
173 485 563 512 Armatum ſæuis adſpieret iaculis.
823 496 869 522 io
142 513 741 544 Cum pedibus premeres ingentes, hoſtium aceruos,
171 544 705 574 Cm flammam Argolicis puppibus iniiceres.
141 574 656 603 Quis nunt attonitæ defendet mæœnia Troiæ?
822 579 870 611 i
170 601 614 630 Quo ſtabit miſeri tuta domus Priami?
131 631 702 659 Tu pulcra, heu, moriens vertiſti Pergamaæ te cur
819 643 870 673 i
169 660 689 689 Te cum na hoc tumulo Troia ſepulta iacet.
139 690 713 712 Sic mæeſta Andromacbe: cicum flet cetera turba.
822 702 870 732 uss
168 718 598 749 Gallica ſic forſan pignora cata gemit.
137 746 652 771 Viuetis tamen, O iuuenes, nec nomina vetra
166 777 573 807 Vlla dies noſtris obteret ex animis.
821 788 870 817 u
136 806 683 836 Sed pro coniugibus, natiſque ariſque, fociſque,
821 817 870 843 u
166 835 601 864 Pro patriâ, aut ſi quid carius eſt patria,
134 863 677 893 os quondam intrepide pugnantes occubuiſſe,
165 894 632 925 Omnibus in chartis fama loquetur anus.
99 923 696 953 Nec non & memores veſtri, pia turba, quotanns
818 939 870 965 u
163 953 632 981 Ad tumulum matres munere perſoluent.
816 965 869 998 I
132 981 663 1012 Eemplum vt natis, ſeriſq; ucpotibus hoc ſit,
164 1012 621 1042 Atq; alii hoc faciant, atq; ali, atq; alii.
131 1041 581 1074 Interea Elyſios campos ſedeſq; beatas.
818 1038 870 1074 u
112 1070 529 1099 Incolite, & ſolis littora nota piis.
129 1099 747 1131 Vos procetum cipecanttumæ, quæ pectore læn
745 1130 786 1152 M
