872 1312
340 65 565 102 IOACIM
145 102 761 136 Hectora flet genitor, carum gemit ectora mate,
175 134 692 162 Hectora Dardanidum mænia congeminant?
144 163 627 193 Adſtabat laniata genas, turbata capillos
172 193 623 222 Andromache coniux, & puer Aſtyanax.
144 221 656 253 OPhrygii columen regni, quo ſuſpite Troia.
175 252 599 275 Tuta fuit, ſæuos nee timuit Danaosl
143 280 716 310 Quis mihi te eripuit coniux dulciſſime? quis te,
173 309 702 341 Quis miſeram tecum perdidit Andromachen?
143 338 703 368 Tu ſpes Dardanidis quondam, tu terror Achiuis.
172 367 727 398 Per te annos durat nunc quoq; Troia decem,
142 397 733 426 Heu qualem adſpicio quam fœdos puluere erines?
172 426 693 456 Quam laceros artusl quam tumidoſq; pedes
140 457 656 485 At non talis eras cum te manus Argiuorum
173 485 563 512 Armatum ſæuis adſpieret iaculis.
142 513 741 544 Cum pedibus premeres ingentes, hoſtium aceruos,
171 544 705 574 Cm flammam Argolicis puppibus iniiceres.
141 574 656 603 Quis nunt attonitæ defendet mæœnia Troiæ?
170 601 614 630 Quo ſtabit miſeri tuta domus Priami?
131 631 702 659 Tu pulcra, heu, moriens vertiſti Pergamaæ te cur
169 660 689 689 Te cum na hoc tumulo Troia ſepulta iacet.
139 690 713 712 Sic mæeſta Andromacbe: cicum flet cetera turba.
168 718 598 749 Gallica ſic forſan pignora cata gemit.
137 746 652 771 Viuetis tamen, O iuuenes, nec nomina vetra
166 777 573 807 Vlla dies noſtris obteret ex animis.
136 806 683 836 Sed pro coniugibus, natiſque ariſque, fociſque,
166 835 601 864 Pro patriâ, aut ſi quid carius eſt patria,
134 863 677 893 os quondam intrepide pugnantes occubuiſſe,
165 894 632 925 Omnibus in chartis fama loquetur anus.
128 923 696 953 Nec non & memores veſtri, pia turba, quotanns
163 953 632 981 Ad tumulum matres munere perſoluent.
132 981 663 1012 Eemplum vt natis, ſeriſq; ucpotibus hoc ſit,
164 1012 621 1042 Atq; alii hoc faciant, atq; ali, atq; alii.
130 1041 581 1074 Interea Elyſios campos ſedeſq; beatas.
154 1070 529 1099 Incolite, & ſolis littora nota piis.
129 1099 747 1131 Vos procetum cipecanttumæ, quæ pectore læn
745 1130 786 1152 M
