872 1312
292 71 507 108 BELLAI.
60 108 616 142 t ſupereſſe queas lætos longæuus in annos
60 142 560 171 Viue tos, coniux optime, viue meos.
60 168 634 200 M. Viuam. ſed ſine te vitâ o mihi carior ipsâ,
59 200 542 230 Ti Sic viuam, poſſim mœſtus vt eſſe diu.
60 230 624 259 V. Deſine iam tandem triſtes renouare querelas;
60 259 555 290 Turbantur lacrimis gaudia noſtra tuis.
60 285 625 319 t M. Vt tibi do lacrimas, oculos ſic ipſe dediſſem,
60 318 566 348 Nimihi perpetuo collacrimanda fores.
199 350 521 376 In cineres mariti, vxoris lacrimæ.
59 376 564 402 Marmore de Pario, fuſo nec mollius ære,
60 405 543 435 Nec cineri ſtatuam picta ſepulcra tuo?
59 434 571 464 i Nec cineres ipſos nimio ſtimulata furore.
60 465 536 493 Mortali condam corporis in tumulo;
59 493 600 523 Cum tua, mi coniux, femper viuentis & ora,
98 522 617 551 Et greſſum, & voccm pectora noſtra ferant:
60 551 593 582 Pectora quæ quondam fido ſpectata marito
72 581 557 610 Tam bene pectoribus iuncta fucre tuis,
60 608 589 641 iqVt ſi verus amor mentes poſt facta ſequatur,
73 639 527 668 Iam tumulo nolis ſplendidiore tegi.
60 666 627 699 lla igitur veterem captet de marmore laudem,
100 697 553 725 Extincto imponens vaſta ſepulcra viro,
60 725 574 758 u Hauriat aut cineres, longo quæ feſſa dolore
104 755 506 784 Solamen luctus quærit habere ſui.
72 782 644 815 Ipſa ego candenti lacrimas pro marmore ponm,
103 815 516 842 Perpetuo manes ſic gemitura tuos.
60 842 621 872 Donec longa dies noſtrum miſerata dolorem,
60 870 528 901 eNos iterum optato iungat in Elyſio.
73 899 591 930 Myrtea tunc animas vallis ſpectabit euntes,
88 930 591 959 Atque eadem cineres eonteget vrna duos.
347 962 416 981 Aliud.
76 982 693 1019 Spargimus hioc ſaxum lacrimis: vtinamque marif
102 1017 568 1041 In ſaum e lacrimis verſa forem Niobe.
343 1051 427 1069 Aliud.
61 1073 615 1107 Ios fores atque has violas, cariſſime conius,
60 1104 570 1136 Spargimus in cineres vltima dona tuos.
686 1126 738 1155 -
