872 1312
288 73 464 95 BELLAII.
684 72 731 94 A
256 110 541 139 Pamphgi ſedici tumlis.
1 135 604 174 Moc tumulo Tumulus tegitur. miraris? at ipſe
41 168 525 195 Plus etiam audito nomine credideris.
40 199 597 231 Pamphagus heic iaceo, vaſt, cui mole grauato
40 229 527 257 Pro tumulo venter ſeſquipedalis erar.
41 254 696 288 Somnus, & Ingluuies, Bacchuſque, Venuſq; Iocus que
41 287 494 320 Numina, dum vixi, ſola fuere mihi
41 313 625 349 Cetera quis neſcit? fuit ars mihi cura medendi;
40 346 495 369 Maxima ridendi ſed mihi cura fuit.
40 371 697 407 Tu quoque non lacrymas, ſed riſum heic ſolue,viator,
40 405 504 438 Si gratus noſtris manibus eſſe cupis.
351 436 442 459 Eiuſdem.
40 461 616 495 Si quid eras, viuum de quo dubitaſſe queraris;
71 491 569 523 Parce hoſpes, nunc id mortuus experior.
281 522 536 550 Phylidis mæ ha tumulus.
1 549 553 581 Mœcha fui Phyllis; nil vltra dicere poſſum:
93 579 544 609 Hoc tantum poſſum dicere, mæcha fui
251 607 576 631 Pærentum & natorum tumulus,
62 639 453 668 Mortis diſce nouum genus viator,
63 665 585 696 Horrendum aut potius ſtupendum, & ingens
63 696 519 722 Portentum. hoc tumulo iacent ſepulti
64 727 512 757 Gemelli, & ſoror, & parens vterque:
64 755 429 779 Fame illi rabidâ, ii dolore ſæuo
66 783 484 815 Abſumpti. heic igitur, viator, adſta:
66 814 489 841 Rem totam breuiter tibi explicabo.
64 843 497 872 Pater cum validam famem timeret,
67 871 533 904 Quæ totam prope Neuſttiam premebat,
66 901 490 933 Nullaque ars miſero foret, moduſve.
69 932 529 959 Nec res vlla domi; domum relinquens
66 961 454 990 Pauper Armoricas petiuit vrbeia,
67 990 441 1021 Victum quæreret vt ſibi ſuiſque.
67 1021 472 1049 Ergo pignora caro, ſe domumque
68 1051 445 1079 Aut ſi carius iis quid eſt, viator,
71 1079 387 1102 Vxori miſeræ miſer maritus
70 1106 537 1139 Gommendat larimans: rogat iubetque
673 1134 736 1167 ane
425 1140 506 1167 Gg2
