872 1312
352 67 580 105 IOACHIMII
159 111 663 143 Hanc bono eſſe animo; breui affuturums
161 142 503 171 Seſe illi recipit. reuulſus ægr.
157 171 562 200 Diſcedit: reditus, famiſque coniux
159 201 575 230 Sed longæ impatiens, gemens & ipſa
159 230 602 259 Virum vt repperiat domum relinquit.
158 257 588 288 Natæ hæc maior eratmiſella mater
159 287 604 317 Commendat geminos; iubet, precatu,
157 317 542 346 Promittitq; eadem, pius maritus
159 346 575 374 Quæ ante dixerat. obſequens puella
160 374 545 404 Sedulo hoc ſatagit. ſuum ſed ipſa
159 403 562 432 Dum fraudat Genium, ſuis vt eſſet
157 432 540 461 Fratribus ſatis, heu pium ſororis
159 462 565 490 Exemplum nimio grauatus imbre,
159 490 506 513 Solis vel nimiâ face vſtulatus
156 519 564 549 Flos vt languidulus cadit, miſcella
160 549 563 572 Sic tandem iacuit. fames ſed illos
157 576 509 605 Egit in miſeros iacentis artus.
157 605 563 635 Reuerſi interea domum parentes,
158 634 548 665 Heu ſpectacula dira? ſemipaſtum
159 665 533 694 Corpus repperiunt, feroſq; iuxta
157 694 576 722 Hiantes pueros vident. quod vltr?
157 722 535 747 Horror cetera non ſinit. miſellis
157 751 496 775 In os iniiciunt cibos: at illi
159 780 569 810 Guſtato minimum cibo, parentum
157 810 590 839 Ante ora exanimes cadunt. parentes
157 838 528 868 Mœror occupat. in ſuoſq; natos
158 866 564 898 Et ipſi exanimes cadunt. teguntur
158 899 601 925 Vno omnes tumulo. i viator, i nun
158 925 505 952 Orbatæ Niobes feros dolores,
155 954 577 986 Aut diram memora famem Sagunti.
280 986 628 1015 Briſſacæ nobiliſ. matonæ tumulus,
157 1013 536 1043 Lugete o charites bonæq; Muſæ,
157 1043 527 1075 Lugete o Probitaſq; Caſtitaſq;,
156 1072 547 1096 Et quantum veteris fuit Pudoris.
155 1098 550 1134 Briſſaca hoc tumulo iacet ſepulta:
