872 1312
248 65 450 89 BELLAI
63 101 464 132 Quæ dum florida Ver peregit ætas,
66 130 417 154 Tam formoſa fuit, iuiſſe fertur
65 157 508 192 Quam vel ipſa Venus, proba & pudica,
65 190 502 221 Quam quæ vertice prodiit paterno,
67 217 520 249 Quam Phœbi ſoror, aut ſoror Tonantis.
70 246 430 278 Poſt ætate grauis, valente ſed ſic
71 274 517 308 Corpore, atq; animo, vt valent puellæ,
71 306 462 336 Cultu, pectore, moribusq; ſanctis,
70 337 457 367 Qualis Veſta fuit, Demq; mater
73 364 459 393 Sic tamen facilis, benigna, blanda
74 396 460 421 Conuictu,intuitu, allocutione,
71 425 424 454 Omni vt depoſitâ ſeueritate
76 452 526 482 Quam triſtis nimum aduehit ſenectu
77 482 463 511 Nil præter ſenium, ſenile haberet.
75 511 506 541 Si quæris ſcbolem, genusq; clarum:
78 540 443 563 Orta Boiſiadum e domo vetuſtâ
76 570 451 598 Briſſacum genuit. ſat hoc viator:
76 598 487 626 Norunt cetera Thuſcus atq; Iberus,
82 628 501 657 Germanusq; ferox,ferox Britannus,
78 656 541 687 Et quicumq; alio ſub axe Phœbum-
80 686 541 710 Naſcentemvidet, aut videt cadentem-
81 715 409 745 Iilam regia Margaris ſolebat
81 746 539 771 Vt matrem colere, & vocare matrem;
83 771 593 804 Vt matrem quoq; nunc gemens ademptam.
81 803 545 836 Hunc ergo tumulum optimæ vt parenti
83 835 458 866 Atq; hoc unior ſui doloris,
86 868 479 898 Quando nil aliud licet, nihilq; eſt,
84 898 470 928 Quod ſolui melius queat ſepultæ,
84 928 461 955 Princeps optima, nobilisq; virgo
86 956 450 980 Briſſacæ lacrimans ſuæ ſacrauit,
296 988 412 1014 Eiuſdem.
86 1014 695 1046 Magna parens, matrona potens, decus addita cœlo,
117 1045 557 1074 Briſſace hoc tegitur contnmulata ſolo.
42 1072 570 1103 Felix Briſſaci cui contigit eſſe parentem,
41 1104 575 1137 Cuius & interitum Margatis ipſa gemit.
692 1131 753 1161 i
