872 1312
331 40 587 74 IOACHIMI
296 89 577 119 Boniueti viri forti.epiaah.
156 115 570 147 Si cuius tumulum heic vides, viator,
153 145 548 174 Hunc dicam acidæ parem fuiſſe,
155 172 552 206 Seu ſpectes faciem, decusq; ſormæ,
152 203 649 235 Seu dextram indomitam, igneas q; plantass
152 233 587 264 uæ tagno ſolita eſt haberi Homero,
152 261 550 291 Fidem veſibus hanc meis habebit,
151 291 512 319 At ſi magnanimi eſſe Bonniueti
152 322 569 350 Hunc dicam tumulum; mihi viator,
151 351 622 381 oc hoc ipſe mihiampliusq; credes.
358 381 451 407 Eiuſdem.
142 409 728 445 Galla, Taurinum, Mars, Pallas & Orbis,
184 439 633 470 Singula pro tumulo ſunt, Boniuete tib.
148 468 618 497 ATaurino carus & Aſtris,
180 499 631 530 Militibus Gallis tu quoq; carus eras.
151 529 685 565 Aduit ingenium; terris tua fama vagata eſt;
183 560 698 591 Nunc aliquid repetunt hæc quoq; cuncta tui,
153 589 708 619 Gallia corpus habet, Taurini cor tumulatum eſt,
180 618 627 648 Cœlo animus, Marti ceſſit at ipſe dolor.
150 646 566 673 Virtutem Pallas ſacratâ ſede locauit,
180 676 676 705 At famam & titulos maximus Orbis habet,
329 709 562 734 Pyrrhi Stroæ tumulus.
151 734 650 768 Quanta fuit Pyrrho caſtrorum cura, Philippi
178 764 573 794 Quanta fuit nato Martia vis animi.
149 794 669 826 Quanta fuit Pœno patientia, quantaq; virtus
158 824 632 854 Scipiadæ, aut rigido quanta fuit Mario;
141 852 625 881 Quanta fuiſſetibi fertur vigilantia Cæſar,
179 883 580 912 Quanta fuit cunctis gloria militiæ;
147 912 653 941 Tanta fuit Stroæ dubij experiertia Martis:
172 942 613 972 At tanto non tam ſors fuit æqua Duei
357 972 452 997 Eiuſdem.
147 1000 637 1029 Per varios caſus, per multos Stroa labores,
175 1029 602 1062 Mille per inſidias, vulnera, tela, neces.
144 1059 588 1090 Aërium ſibi fecit iter, cloq; receptus,
176 1088 625 1122 uria ub pedibus conſpicit aſtra ſuis,
763 1120 812 1162 s
