872 1312
279 54 485 84 BELLAII.
75 93 619 131 Sie magni Alcidæ ſortem perpeſſus iniquam
85 130 580 160 Ipſe quoq; Alcidæ præmia Strora refert:
74 157 621 189 Et quam non potuit viuus, nunc lumine caſſus
110 191 555 216 Fortunam vincit, vincit & inuidiam.
231 221 519 249 Gul Bellaij Lagei tumulus.
74 238 603 278 Heic ſitus eſt Langeus. vltra nil quære viato:
116 279 506 308 Nil maius dici; nil potuit breuius.
243 310 517 339 Melini Sangelaſii tumulus.
75 332 542 368 Pierides, Paphiæq; ſimul lugete puellæ,
114 367 546 398 Et ſi quod priſcis numen Amoris erat.
82 396 609 427 Tuq; adeo, tu Phœbe parens, tu dia Minerua,
117 428 601 458 Et cum blandiloquo Suada diſerta Deo.
89 458 622 485 Tu Diua ante omnes ccelo quæ nomina dcis,
117 486 548 515 Aurea quod cœli idera cuncta notes.
75 515 599 546 Lugete, vno omnes poſitas in corpore dotes,
120 546 511 575 Vnius interitu nunc periiſſe graui.
89 575 530 603 Hen periit noſtri Mellinus gloria ſecli,
118 604 519 634 Ipſe etiam humani deliciæ generis.
75 633 569 662 Auribus ille fuit Regum gratiſſimus vnus,
120 663 506 693 Melliluus vates vnus & ille fuit.
75 692 577 722 .Cumq; ex munificâ ſtudioſi Principis aulâ
84 721 559 750 Ipſe ſibi ingentes quærere poſſet opes.
75 744 754 785 Quod proprium vatum eſt paruo contentus,in omne
121 781 513 811 Vel minimos vates officioſus erat.
75 805 594 844 Teſtantur multi, hoc commendatore, poëtæ
119 839 507 869 Diuitiis aucti muneribusq; nouis.
75 867 602 900 Cetera quis neſcit nec Pindo Delius ipſe,
120 899 527 930 Nec magis eſt ſiluis Delia nota ſuis.
75 924 607 956 Quam Gallis Mellinus erat, cui melle fluebat
122 960 565 990 Mellitâ ex linguâ dulcius eloquium.
91 989 527 1018 Illius vt cecinit mellitos Regia verſus,
118 1019 577 1050 Illius interitum fic quoq; & ipſa gemat.
298 1053 402 1071 De vodem.
85 1077 510 1108 Sepultus, hoſpes, heie iacet Gelaſius,
85 1108 425 1143 Pater leporis & loci Gelaſius:
659 1134 754 1166 Smuli;
