872 1312
286 70 490 94 E.LAII.
712 69 752 97 s
46 110 467 138 Nomen verſibus inuidus poëta,
93 139 435 169 ltio ſcilicet id benigna fama
94 169 450 198 Illi detulit, & quidem merenti,
95 198 463 228 Quid ſi quæ latuere nocte long
47 228 461 256 Cum blattis iineisq; muribusq
48 257 415 280 Dias luminis exeant in oras.
207 294 613 326 De verſibus Mellini ipſius, cum animam
352 328 455 348 e halaret.
100 363 595 395 Barbite, qui varios leniſti pectoris aſtus,
128 393 614 424 Dum canit, atq; animâ deſiciente cadit.
45 424 613 452 Scilicet vt niueo referebat pectore olorem
130 453 595 480 Sic Mellinus erat tunc moribundus olor.
100 481 621 512 Et poterat ſæuum tam dulci carmine Ditem
129 510 577 536 Flectere, ſi Ditis viſeret ille domos.
101 538 652 567 Sublimem euexit ſed Phœbus ad aſtra, Lyramqs
130 569 574 592 Ad citharæ ſidus iuſſit habere locum--
294 599 511 626 Sui ipſius epitaphium.
105 621 479 656 Clarâ progenie, & domo vetuſtâ
824 644 869 680 ,
103 655 561 686 Quod nomen tibi ſat meum indicarit
103 686 486 713 Natus, contegor hac, viator, vrnâ.
90 715 477 744 Sum Bellaius, & poëta. lam me
105 744 544 773 Sat noſti puto.num bonus poëta,
105 773 496 802 Hoc verſus tibi ſat mei indicarint.
105 803 488 833 Hoc ſolum tibi ſed queam, viator,
105 831 476 860 De me dicere; me pium fuiſſe,
107 861 482 890 Nec læſiſſe pios: pius ſi & ipſe es,
106 891 455 917 Manes lædere tu meos caueto,
229 930 577 951 Ad Ianam Morallum. e cru.
108 958 680 988 Quod petis vt Latiis, noſtrisve, Morelle, Camœnis
138 989 585 1018 Henricum mortis limine reſtituam;
109 1018 709 1047 Id mihi pergratum eſt; dignum quia ducis amicum,
138 1048 581 1076 Qi tanto hæc Regi munera perſoliat.
109 1076 639 1105 Sed totum hoc ſtudium totâ de mente fgaui,
138 1105 564 1137 Tam dulcis mœſto Principis interitu.
735 1136 771 1164 T
