872 1312
275 67 480 91 EELLAIIi.
710 81 755 100 qs
123 104 570 136 Quæq; tenet miles Corſica ſaxa Ligut?
48 132 666 167 Qid Latias vrbeis, ipſam quid deniq; Romam,
124 165 539 194 Quam Regis texit relligioſus amor?
48 184 614 224 Sic non ipſe ſibi, pacem dum quærit in armis,
123 223 526 253 Aſt aliis victor, Rex pius arma tulit.
49 251 658 288 Fortunam belli, Martemq; expertus vtrumque
124 282 629 312 Maxima damna tulit, maxima damna dedit,
96 311 607 341 Ceperat is partim, partimq, receperat vrbeis,
123 341 565 371 In queis Guina fuit, Calliſiumq; ferox.
96 368 613 402 Multa ſoris, permulta domi, præclaraq; geſit,
124 398 553 430 Viribus indomitus, conſilioq; potens.
91 427 534 459 Formauit mores, leges edictaq;, panxit,
123 456 522 487 Artibus ingenuis fauit, & ingeniis.
94 486 582 518 Non atmis illi quiſquam ſe contulit heros,
121 516 555 544 Armata ancipiti ſeu manus enſe foret.
94 544 576 574 Seu validâ pugnax vibraret ſpicula dextrâ,
121 574 586 606 Curreret aduerſo ſeu cataphractus equo.
45 603 572 634 Venatu, aucupio, curſu gaudebat equeſtri;
120 631 541 662 Arte lyræ doctus, doctus & arte pilæ.
45 658 582 694 Impiger & patiens, & natusrebus agendis;
118 690 536 721 Parcus erat ſomni, parcus eratq; cibi.
44 718 630 753 Sermo fuit ſimplex, nimiaq; haud arte politus
116 747 560 778 Sed qualem magni Principis eſſe decet.
45 771 563 809 Acceſſu facilis, mixtâ grauitate verendus
116 806 527 835 Vultu, qui placido fingitur eſſe Ioui.
46 832 533 869 Ornatu inſignis, regali ſplendidus aulâ.
113 864 549 897 Magnificus Princeps munificusq; fuit.
47 893 542 925 Sedibus expulſos patriis ſic ille fouebat.
114 923 535 954 Gallia communis iam foret vt patria.
48 950 511 982 Italici gnarus, gnarus ſermonis Iberi,
112 981 494 1013 Antiqui ignarus nec fuit Auſonij.
48 1009 556 1044 Militiæ claris ſummos adiunxit honores
110 1039 539 1072 Doctrinâ inſignes auxit honore togæ.
48 1056 543 1103 Propoſiti certus, nullâ ſuperabilis arte
44 1096 462 1127 As delatorum tutus ab inſidiis,
2 1128 50 1157 i
674 1139 737 1170 uos
