<?xml version="1.0" encoding="UTF-8" standalone="no"?><PcGts xmlns="http://schema.primaresearch.org/PAGE/gts/pagecontent/2019-07-15" xmlns:xsi="http://www.w3.org/2001/XMLSchema-instance" xsi:schemaLocation="http://schema.primaresearch.org/PAGE/gts/pagecontent/2019-07-15 http://schema.primaresearch.org/PAGE/gts/pagecontent/2019-07-15/pagecontent.xsd"><Metadata><Creator/><Created>2022-04-08T13:10:06</Created><LastChange>1970-01-01T00:00:00</LastChange><Comments/></Metadata><Page imageFilename="0504.png" imageHeight="1312" imageWidth="872"><TextRegion id="r1" orientation="0.0" type="paragraph"><Coords points="1,1 870,1 870,1310 1,1310"/><TextLine id="l1"><Coords points="275,67 275,91 480,91 480,67"/><TextEquiv><Unicode/></TextEquiv><TextEquiv index="1"><Unicode>EELLAIIi.</Unicode></TextEquiv></TextLine><TextLine id="l2"><Coords points="570,104 123,104 123,132 331,134 376,136 570,136"/><TextEquiv><Unicode/></TextEquiv><TextEquiv index="1"><Unicode>Quæq; tenet miles Corſica ſaxa Ligut?</Unicode></TextEquiv></TextLine><TextLine id="l3"><Coords points="666,144 664,140 658,136 649,135 588,136 567,138 476,138 255,134 145,134 121,132 75,132 75,167 84,167 114,163 185,162 500,167 666,167"/><TextEquiv><Unicode/></TextEquiv><TextEquiv index="1"><Unicode>Qid Latias vrbeis, ipſam quid deniq; Romam,</Unicode></TextEquiv></TextLine><TextLine id="l4"><Coords points="539,168 409,167 366,165 124,165 124,193 206,192 270,194 539,194"/><TextEquiv><Unicode/></TextEquiv><TextEquiv index="1"><Unicode>Quam Regis texit relligioſus amor?</Unicode></TextEquiv></TextLine><TextLine id="l5"><Coords points="614,194 605,193 580,193 568,197 270,195 206,193 122,194 90,192 80,188 76,184 75,184 75,224 99,221 180,221 220,223 285,222 337,224 614,224"/><TextEquiv><Unicode/></TextEquiv><TextEquiv index="1"><Unicode>Sic non ipſe ſibi, pacem dum quærit in armis,</Unicode></TextEquiv></TextLine><TextLine id="l6"><Coords points="526,226 397,226 285,223 123,223 123,250 290,250 374,253 526,253"/><TextEquiv><Unicode/></TextEquiv><TextEquiv index="1"><Unicode>Aſt aliis victor, Rex pius arma tulit.</Unicode></TextEquiv></TextLine><TextLine id="l7"><Coords points="658,257 653,254 589,251 575,251 571,254 563,256 374,254 290,251 75,251 75,281 76,280 81,278 128,278 210,281 554,284 608,288 658,288"/><TextEquiv><Unicode/></TextEquiv><TextEquiv index="1"><Unicode>Fortunam belli, Martemq; expertus vtrumque</Unicode></TextEquiv></TextLine><TextLine id="l8"><Coords points="629,290 578,286 305,282 124,282 124,309 292,310 364,312 629,312"/><TextEquiv><Unicode/></TextEquiv><TextEquiv index="1"><Unicode>Maxima damna tulit, maxima damna dedit,</Unicode></TextEquiv></TextLine><TextLine id="l9"><Coords points="607,316 571,316 537,314 399,314 292,311 96,311 96,339 225,339 292,341 607,341"/><TextEquiv><Unicode/></TextEquiv><TextEquiv index="1"><Unicode>Ceperat is partim, partimq, receperat vrbeis,</Unicode></TextEquiv></TextLine><TextLine id="l10"><Coords points="565,345 435,344 360,341 123,341 123,365 128,366 178,368 343,369 413,371 565,371"/><TextEquiv><Unicode/></TextEquiv><TextEquiv index="1"><Unicode>In queis Guina fuit, Calliſiumq; ferox.</Unicode></TextEquiv></TextLine><TextLine id="l11"><Coords points="613,371 598,374 264,369 96,368 96,395 104,396 366,399 495,402 613,402"/><TextEquiv><Unicode/></TextEquiv><TextEquiv index="1"><Unicode>Multa ſoris, permulta domi, præclaraq; geſit,</Unicode></TextEquiv></TextLine><TextLine id="l12"><Coords points="553,405 547,404 298,399 124,398 124,425 296,429 553,430"/><TextEquiv><Unicode/></TextEquiv><TextEquiv index="1"><Unicode>Viribus indomitus, conſilioq; potens.</Unicode></TextEquiv></TextLine><TextLine id="l13"><Coords points="534,432 296,430 200,427 91,427 91,455 165,455 280,458 534,459"/><TextEquiv><Unicode/></TextEquiv><TextEquiv index="1"><Unicode>Formauit mores, leges edictaq;, panxit,</Unicode></TextEquiv></TextLine><TextLine id="l14"><Coords points="522,462 420,461 391,459 280,459 123,456 123,483 129,484 213,484 236,486 362,487 522,487"/><TextEquiv><Unicode/></TextEquiv><TextEquiv index="1"><Unicode>Artibus ingenuis fauit, &amp; ingeniis.</Unicode></TextEquiv></TextLine><TextLine id="l15"><Coords points="582,486 567,491 501,489 398,489 361,487 94,486 94,513 190,513 236,515 451,518 582,518"/><TextEquiv><Unicode/></TextEquiv><TextEquiv index="1"><Unicode>Non atmis illi quiſquam ſe contulit heros,</Unicode></TextEquiv></TextLine><TextLine id="l16"><Coords points="555,521 547,520 296,516 121,516 121,542 190,544 555,544"/><TextEquiv><Unicode/></TextEquiv><TextEquiv index="1"><Unicode>Armata ancipiti ſeu manus enſe foret.</Unicode></TextEquiv></TextLine><TextLine id="l17"><Coords points="576,549 385,547 331,545 94,544 94,570 290,574 576,574"/><TextEquiv><Unicode/></TextEquiv><TextEquiv index="1"><Unicode>Seu validâ pugnax vibraret ſpicula dextrâ,</Unicode></TextEquiv></TextLine><TextLine id="l18"><Coords points="586,580 580,579 526,579 492,577 384,577 289,574 121,574 121,600 586,606"/><TextEquiv><Unicode/></TextEquiv><TextEquiv index="1"><Unicode>Curreret aduerſo ſeu cataphractus equo.</Unicode></TextEquiv></TextLine><TextLine id="l19"><Coords points="572,608 564,607 361,605 329,603 75,603 75,629 264,630 442,634 572,634"/><TextEquiv><Unicode/></TextEquiv><TextEquiv index="1"><Unicode>Venatu, aucupio, curſu gaudebat equeſtri;</Unicode></TextEquiv></TextLine><TextLine id="l20"><Coords points="541,637 530,636 264,631 120,631 120,658 126,659 234,659 353,662 541,662"/><TextEquiv><Unicode/></TextEquiv><TextEquiv index="1"><Unicode>Arte lyræ doctus, doctus &amp; arte pilæ.</Unicode></TextEquiv></TextLine><TextLine id="l21"><Coords points="582,661 578,661 574,664 564,666 488,666 234,660 126,660 87,658 75,657 74,687 162,689 265,689 472,694 582,694"/><TextEquiv><Unicode/></TextEquiv><TextEquiv index="1"><Unicode>Impiger &amp; patiens, &amp; natusrebus agendis;</Unicode></TextEquiv></TextLine><TextLine id="l22"><Coords points="536,696 426,693 352,693 265,690 118,690 118,716 120,717 239,717 397,721 536,721"/><TextEquiv><Unicode/></TextEquiv><TextEquiv index="1"><Unicode>Parcus erat ſomni, parcus eratq; cibi.</Unicode></TextEquiv></TextLine><TextLine id="l23"><Coords points="630,720 586,720 579,723 548,724 434,723 396,721 338,721 239,718 75,718 74,744 98,744 122,746 171,747 351,748 409,751 475,751 513,753 630,753"/><TextEquiv><Unicode/></TextEquiv><TextEquiv index="1"><Unicode>Sermo fuit ſimplex, nimiaq; haud arte politus</Unicode></TextEquiv></TextLine><TextLine id="l24"><Coords points="560,755 557,754 409,752 351,749 116,747 116,775 287,778 560,778"/><TextEquiv><Unicode/></TextEquiv><TextEquiv index="1"><Unicode>Sed qualem magni Principis eſſe decet.</Unicode></TextEquiv></TextLine><TextLine id="l25"><Coords points="563,784 166,776 76,776 75,775 75,803 77,803 322,808 563,809"/><TextEquiv><Unicode/></TextEquiv><TextEquiv index="1"><Unicode>Acceſſu facilis, mixtâ grauitate verendus</Unicode></TextEquiv></TextLine><TextLine id="l26"><Coords points="527,813 524,812 480,812 446,809 322,809 189,806 116,806 116,832 124,833 192,835 527,835"/><TextEquiv><Unicode/></TextEquiv><TextEquiv index="1"><Unicode>Vultu, qui placido fingitur eſſe Ioui.</Unicode></TextEquiv></TextLine><TextLine id="l27"><Coords points="533,841 531,840 192,836 144,835 98,832 75,832 75,861 115,861 169,863 233,863 307,866 533,869"/><TextEquiv><Unicode/></TextEquiv><TextEquiv index="1"><Unicode>Ornatu inſignis, regali ſplendidus aulâ.</Unicode></TextEquiv></TextLine><TextLine id="l28"><Coords points="549,871 381,867 307,867 233,864 113,864 113,891 121,892 433,897 549,897"/><TextEquiv><Unicode/></TextEquiv><TextEquiv index="1"><Unicode>Magnificus Princeps munificusq; fuit.</Unicode></TextEquiv></TextLine><TextLine id="l29"><Coords points="542,901 531,900 494,900 432,897 280,896 239,894 75,893 75,919 92,919 143,919 162,922 269,924 542,925"/><TextEquiv><Unicode/></TextEquiv><TextEquiv index="1"><Unicode>Sedibus expulſos patriis ſic ille fouebat.</Unicode></TextEquiv></TextLine><TextLine id="l30"><Coords points="535,930 354,925 114,923 114,950 360,954 535,954"/><TextEquiv><Unicode/></TextEquiv><TextEquiv index="1"><Unicode>Gallia communis iam foret vt patria.</Unicode></TextEquiv></TextLine><TextLine id="l31"><Coords points="511,958 504,957 287,953 138,952 112,950 75,950 75,979 139,979 263,982 511,982"/><TextEquiv><Unicode/></TextEquiv><TextEquiv index="1"><Unicode>Italici gnarus, gnarus ſermonis Iberi,</Unicode></TextEquiv></TextLine><TextLine id="l32"><Coords points="494,987 369,983 112,981 112,1007 120,1008 239,1011 335,1011 377,1013 494,1013"/><TextEquiv><Unicode/></TextEquiv><TextEquiv index="1"><Unicode>Antiqui ignarus nec fuit Auſonij.</Unicode></TextEquiv></TextLine><TextLine id="l33"><Coords points="556,1012 542,1012 532,1017 509,1017 335,1012 239,1012 139,1009 75,1008 75,1041 89,1041 96,1036 141,1036 146,1038 215,1040 368,1041 450,1044 556,1044"/><TextEquiv><Unicode/></TextEquiv><TextEquiv index="1"><Unicode>Militiæ claris ſummos adiunxit honores</Unicode></TextEquiv></TextLine><TextLine id="l34"><Coords points="539,1047 368,1042 278,1042 175,1039 110,1039 110,1065 117,1066 222,1069 328,1068 337,1070 368,1071 539,1072"/><TextEquiv><Unicode/></TextEquiv><TextEquiv index="1"><Unicode>Doctrinâ inſignes auxit honore togæ.</Unicode></TextEquiv></TextLine><TextLine id="l35"><Coords points="543,1079 530,1076 438,1072 337,1071 328,1069 222,1070 136,1068 75,1064 75,1094 105,1094 105,1095 144,1095 189,1097 411,1100 442,1103 543,1103"/><TextEquiv><Unicode/></TextEquiv><TextEquiv index="1"><Unicode>Propoſiti certus, nullâ ſuperabilis arte</Unicode></TextEquiv></TextLine><TextLine id="l36"><Coords points="462,1105 430,1102 129,1096 105,1096 105,1127 462,1127"/><TextEquiv><Unicode/></TextEquiv><TextEquiv index="1"><Unicode>As delatorum tutus ab inſidiis,</Unicode></TextEquiv></TextLine><TextLine id="l37"><Coords points="674,1139 674,1170 737,1170 737,1139"/><TextEquiv><Unicode/></TextEquiv><TextEquiv index="1"><Unicode>uos</Unicode></TextEquiv></TextLine><TextEquiv><Unicode/></TextEquiv></TextRegion></Page></PcGts>