872 1312
326 67 570 93 IOACHIMI
132 103 717 137 Quos ſemel in numerum cepiſſet habere ſuorum
161 134 669 165 Optimus hic Princeps, ſemper & hos habuit.
131 163 716 195 Adde, quod & famulos memori ſic mente tenebat,
162 193 610 221 Ilorum vt noſſet nomine quemq; ſuo.
134 217 780 253 Quod poterat, regnum adflictum populumq; leuabats
165 251 649 279 Nec niſi dura forent tempora, durus erat.
134 279 711 311 Miſcuit hic iuſto princeps æquumq; bonumque
167 310 535 341 Officio cunctos continuitq; ſuo
134 337 619 368 Præcipue ſacris, Diuûmq; addictus honori,
167 368 570 397 Antiquæ vindex relligionis erat:
135 394 643 427 Vt qui ſcepera Deûm ſolo data munere ſches
167 424 567 453 Seruari ſolo munere poſſe Deûm.
137 455 599 482 Illi caſta fuit coniux, numeroſaq; proles:
168 483 530 511 Externis carus, carus & ipſe ſuis.
140 511 673 544 Quin Iani templum nuper ſic clauſerat, illum
167 543 603 571 Auguſto vt poſſes dicere iure parem.
139 569 758 599 Nec ſatis hoc: generum ſibi iunxerat ille Philippuns
169 600 609 630 Quo nullus poterat dignior eſſe gener
138 629 702 659 Vtq; foret regnum magis ac magis vndiq; tutum
167 659 586 681 Auſtraſio natam iunxerat ante Duci.
141 687 741 718 Quid plura? Herricus iam totum impleuerat orbe;
172 718 590 746 Orbis & Herrici nomine plenus erat.
140 745 677 775 Haud tamen iis magnum ſe felicemq; putabat,
171 776 676 805 Queis poterat ſummum vel ſuperare Iouem
140 804 656 834 Ni digno coniuncta viro, dignisq; hyrenæis,
171 833 648 862 Digna Deo coniux, Margaris aucta foret.
141 865 608 892 Ergo,quod toties votis optauerat vnums
174 892 543 915 Germanæ tædas vidit, & interiit.
142 921 616 951 ntariit viditq, ſimul proh triſtia fata:
171 950 595 972 Efferri tædas etumulo ad thalamum.
143 979 605 1008 Sic Superis viſum, tam læuis triſtia rebus
175 1009 626 1034 Et miſcere nouis, heu, bona tanta malis,-
143 1039 648 1071 Vicenos æui bit iam numerauerat annos,
175 1068 514 1095 Bis ſenos regni viderat iile ſui.
145 1091 730 1130 llum enit Eques, fcuis Populusq; Senatusqe
768 1121 796 1146 I
