872 1312
270 71 469 104 BELLA
697 76 745 100 A
1 95 491 138 . Et euit Diuis quæ pia ſacra facit.
78 140 604 169 alis erat Romæ, uguſtum lugentis, imago?
1 156 50 182 ,
104 169 534 199 Nec minus Auguſto carus & iſte fuit.
74 196 591 227 Et merit fuit ille quidem: nam mitior alter
1 215 43 235 lus
105 228 531 257 Non fuit in terris, iuſtior, aut melior.
76 257 520 284 Regali elatus pompâ de more vetuſto,
1 276 52 306 q
105 286 549 316 Maiorum antiquis eſt ſitus in tumulis,
76 316 530 346 Heredem patriæ, laudis, regniq reliquit
104 344 608 375 Franciſcum, qui nunc Gallica ſceptra regi
76 373 631 403 Qui magnum virtute refert animoq; parentem,
108 403 571 431 Quiq, refert magni nomen & omen aui.
76 432 561 462 Talis vita fuit. Fatum ſi forte requiras,
108 461 670 489 Hoc quoq; diſce, hoſpes, cum gemitu & lacrimiss
78 490 510 519 Bella decennali cum ſe geſſiſſe duello
107 520 550 549 Cerneret, & priſcos æquiparaſſe duces.
77 549 616 579 Adſlictum bello populum miſeratus; ab armis
107 579 557 599 Ceſſandum ducens nec tamen eſſe ſibi.
76 607 574 636 Dum putet ignauâ fortem certare palæſtra,
107 636 577 668 Nec niſi ſanguineo ludere Marte iuuat;
2 646 31 663 s
76 666 584 694 Heu cadit effracti non digno vulnere conti,
106 695 508 717 Indomitus veris hoſtibus & iaculis.
2 700 41 725 s
78 724 631 753 Compoſitis tamen ante cadit ſic rebus, & armis-
109 753 591 778 Aurea vt hæc demum ſecula noſtra forent.
80 783 581 813 Sic populus gratus, gratus ſic omnibus vnus,
109 812 513 839 Vt poſſet ſummis æmulus eſſe Deis.
77 841 614 870 Iupiter hoc metuens, ne quid fortuna noceret,
109 871 535 893 Scilicet hanc fato ſuſtulit inuidiam-
79 900 617 930 Hoc tibi, Rex Macedo, Dij conceſſere benigni;
81 930 564 958 Hæc tibi ſors, Cæſar, morsq; negata fuit.
78 958 520 983 Sic viit, ſic interiit; bona dicite verba,
108 989 512 1017 Et lacrimis funus concelebrate piis.
78 1017 556 1047 nferias puei, iuuenesq; ſenesq; verend,
108 1047 510 1075 Herrico inferias femina viq; ferat.
77 1075 518 1103 rtis Apellææ, Lvſippiq; æmule laudis,
103 1104 566 1138 t, tu Piiias quem iuuat attis onos
654 1135 740 1168 ers
