872 1312
340 76 556 100 IOACuIMI
312 115 611 145 Anagrammatiſmus eiuſdem:
250 152 662 179 NATVSRVINAMINOIS.
140 189 679 223 Quod tibi ſancta forent Minois pectora nuper.
176 221 622 245 Hinc tibi, Minati, nomen & omen erat.
135 243 698 276 Nunc adeo Minos ſedem tibi cedit & vrnam,
176 276 577 308 Summittitq; tuis faſcibus ipſe ſuos.
135 308 497 340 Sic tu Minois natus dicere, ruina,
175 334 666 362 Nec iam Cres Minos, ſed mod Gallus erit.
334 375 605 404 In nomen Rgu HerriiI.
147 405 635 436 Ab Ioue principium veteres dixere poëtæ;
178 434 664 464 Et mihi ab Herrico ſit quoq; principium:
148 463 647 494 Cuius facta meis cupiam ſi intexere chartis,
178 493 555 520 Nomine laudabit ſe ſatis ipſe ſuo.
148 523 638 551 Nam ſi Gemanâ ducas ao origine nomen,
177 552 575 579 Herrici, Herrichus Diues honoru erit.
150 583 621 611 Sinid ab Hebræâ libeat deducere voce
180 610 701 644 Quæ Lentum Auſoniis, quæ ſonat & Placidum:
149 640 735 674 Ipſe erit Herricus placidus que, & lentus ad iram;
179 669 660 702 Qualem animum veri principis eſſe decet.
150 700 732 735 Quod ſi Græca magis placeat vox; gos Aa,
179 735 594 760 Mæonidæ vt fortis dicitur acides;
149 764 576 794 Finibus? regni depulſis victor tberis,
181 794 622 823 Vallum erit HIerricus præſidiumq; ſuis.
309 834 599 862 Franciſcus I. Galliæ Rex.
150 862 688 892 Dicere Franciſcus; quod aui ſucceſſor, & heres,
181 893 680 925 Tu quoq; ranciſci, Pallada vtramq; colas:
151 923 685 953 Pallada, quâ doctæ gaudent ceu præſide Muſæ;
181 952 652 981 Et ſimul armigerum Pallada fortis amas.
395 992 505 1013 In eundem.
153 1020 686 1051 Quod fera Barbaries noſtris procul exulet oris,
179 1050 551 1071 Franciſco debet Gallia tota ſuo.
149 1079 627 1108 N.mulus aſt olim quod fis virtutis Auitæ,
179 1108 693 1138 Hinc, Franciſce, refers tu quoq; nomen Aui.
