872 1312
344 80 622 111 IoOACIMI
834 106 869 139 M
268 120 704 156 Mich. Hoſpitalius. mgnus Galliæa noms
430 156 506 183 phylax.
844 173 870 193 u
151 180 682 214 Cum bonus excipias doctos, doctiſſime, vates,
182 212 614 242 Et tua ſit Muſis ſemper aperta domus.
154 238 667 279 Quis neget ex ipſo contingere nomina cœlo,
184 270 638 306 Hoſpitij nomen nec ubi ſorte datum?
154 300 649 338 n&eſt priſcis dictus cognomine Graiis
183 331 635 372 Iupiter, Hoſpitibus iura quod ipſe daret.
151 357 689 402 Ergo parua meos enie, accipe munera verſus:
2 375 43 397 u
166 389 632 429 Parua placent enio munera ſæpe Ioui.
2 390 101 419 n
2 419 53 432 ,I
287 427 615 460 Lancilotu Carlus Ep Rh gienſis.
2 433 54 450 I
155 455 789 491 Cum tibi ſint Charites, Veneresq; iocique, Leporesque;
1 482 56 511 l
186 487 612 519 Aonio cum ſis carus & ipſe choro:
93 514 751 564 Cum populis tam grata fluant tibi carmina, Carle
184 545 652 580 Iam mihi non Carlus, ſed Charilaus eris.
294 576 618 606 i ron. Roborcus Ep. Tholonenſis.
158 601 708 640 Glandiferas Quercus coluit veneranda vetuſtas,
184 632 687 666 Cum Cereris nondum munera nota forent.
153 663 656 697 Fatid cas etiam Quercus reſponſa dediſſe,
183 695 564 731 Teſtatur magno ſilua dicata Ioui.
154 721 714 759 Laurigeros nondum ſpectarat Roma triumphos,
833 748 870 773 M
185 757 661 789 Cingebatq; Ducum querna corona caput
153 779 869 820 Hæc quoq; Pontificum geminos bona Quercus honores,
795 808 870 828 M
184 812 637 843 Seruat adhuc multis conſpicienda locis.
154 840 685 873 Illa tibi nomen, tibi quod ſit ad ardua quæqs
181 870 661 907 Magnum animi Robur. Roboriane, dedit.
304 901 626 930 Antomus Heroëtus Ep. Diner ſi.
152 929 636 963 Non tua ſit quamuis Gallis Heroica Muſa,
182 959 583 988 Herois nomen Muſa tibi impoſuit.
151 990 690 1028 Tam bene quod nobis verum deſcribis Eoa,
832 1024 869 1048 ue
179 1027 628 1063 Impo.uu Graio nomine nomen Eos.
351 1064 545 1093 anus uanſonius.
153 1092 644 1125 Cum tot ſuſtineas noctesq; diesq; labores,
180 1123 621 1155 Pubiica dum patriæ munia ſolus obis:
738 1145 848 1186 Ecqiis
