872 1312
298 71 507 94 BELLAII.
726 79 769 102 qt;
98 107 638 137 Ecquis Auanſonio dulces mea carmina Muſas,
126 138 625 167 Aut Clarium credat poſſe placere Deum?
96 168 608 197 Attamen ille placet, nec Phœbo gratior alter
124 197 556 220 Dulcia Muſarum carmina voce ſonat.
96 226 613 255 Ergo ſuum poſthac non te vir maxime, dicat
123 255 666 287 Hhœbus Auanſonium, ſed magis Auſonium
223 295 614 327 Dellai & aamlaaMMrrlll ddaalgſmus
338 328 470 356 ex: emporalu,
1 352 53 377 i
92 363 625 392 BE. Verſibus alternis certemus, dia Camilla.
80 393 564 424 Tu mihi tu Pallas, tu Calliopea, Camilla.
92 424 652 455 CAM. At tu Muſarum princeps, uſolus Apollo.
91 453 692 484 BEL. Omnes exuperas homines q: Deosq; puella.
120 482 623 512 CAM. Exſuperare queam ſi tibi ſim ſimilis.
89 512 751 545 BL. Iamq, Camilla vale. CAM. Charitum decus ipſe
183 543 269 563 valeto.
78 570 746 601 BEL. Muſarum decima es. CA..Tu nater Aonidum.
232 601 571 630 Ad a.
1 605 51 628 l
1 630 630 664 . ger eram, mobusq; meos ſœdauerat atus;
117 659 531 690 In facie pallor, corpore languor erat.
49 688 638 718 Cum mihi Carolidæ ſunt reddita carmina vatis,
118 719 534 748 Carmina quæ Clarij d xeris eſſe Dei.
1 728 34 759 ti
1 748 613 789 Morbus abit, totoq; fugit de corpore languo,
116 777 543 810 Et veſtit niueas purpura pima genas.
2 789 48 812 uu
86 807 582 838 At redeat morbus, redeat pallorq; fugatus?
116 837 638 868 Sæpius Vtenhouij dummodo ſcripta legam
270 877 526 906 In Petrum Ronſardum,.
49 902 594 937 Qui te noſſe cupit, ſolo ſat nomine notum,
117 935 557 960 Nominis inuertat Græca elementa tui.
54 963 699 995 Terpandrum inueniet Ronſardi in nomine ſaluum;
114 993 550 1025 Teq; ideo priſcis vatibus eſſe parem.
83 1021 573 1054 Ille quod inter ſe pugnantes forte Lacones
112 1052 580 1082 Doctiloquis potuit flectere carminibus;
83 1080 559 1112 Vi quiſq; eximius vates foret, alter ab illo
52 1111 527 1143 Cantoris Lesbij nomine promeruit.
528 1147 610 1173 Hh
717 1148 749 1169 At
