872 1312
337 79 580 102 IOACIMI
143 80 191 108 as
146 116 663 146 At tua, quod Gallos Hiſpanâ cæe madents
178 146 593 174 Hortatur placidâ ponere tela manu;
148 174 681 203 Iam Muſa obtinuit, vates ſit vt optmus ille
177 204 603 234 Vindocino vati quiſq; ſecundus erit.
347 244 574 269 Franciſcus Franchinus.
150 270 649 296 Cum tibi ſit Francis æterno fœdere iunctus
178 302 569 330 Mecœnas, Latii gloria prima ſoli
149 330 708 361 Cumq; ipſos referas geminato nomine Francos,
177 360 663 389 Franchine Aonij lausq; decusq; chori:
149 389 643 414 Francorum mores ſic te laudaſſe dolemus;
178 419 641 442 Hanc Francis laudem nullus vt inuideat.
358 458 573 492 Adrianus Turnebus,
151 492 649 526 Copia cui tanta eſt, tantâ qui diſſerit arte
180 526 672 555 Cuiq; adeo eſt vni clauſa & aperta manuss
151 555 624 585 Cui ſeſe natura parens, cœlumq; recludit,
180 585 634 615 Quiq; agitans molem ſpiritus intus alit.
151 613 647 645 Qui caua perſpexit telluris viſcera, cuiq; eſt
1 628 33 653 r
181 643 624 673 Cognita Erythræis eruta geama vadis.
802 648 870 674 I
150 672 869 704 Qui volucrum ſpecies varias, hominumq;, ferarumque.
178 702 591 730 Et nouit quidquid naſcitur Oceano.
151 730 702 761 Qui didicit plantas, ſtirpesq; herbasq; ſalubres,
179 759 616 790 Et quidquid paſſim dædala terra creat.
832 768 870 787 l
151 789 624 820 Cui terræ, tractusq; maris, cui ſidera cœli.
181 819 623 843 Cui radius notus, circinus, & numerus.
149 846 676 878 Tempora qui nouit longos digeſta per annos,
181 876 608 910 Et ſacra, & leges, & pia iura Patrum.
150 905 652 938 Qui Muſas etiam noſtras, Phœbiq; receſſus,
180 935 581 966 Qui colit Aonij numina docta iugi.
147 964 715 995 Qui veteres Graios, ſacram & populatus Idume,
180 993 688 1021 Qui priſcam ad Gallos tranſtulit Auſoniam:
147 1023 633 1053 Deniq; qui tantis opibus ditiſſimus vnus,
181 1053 604 1083 Quiq; tot inſtructus dotibus ingenij.
147 1080 647 1113 Nil niſi limatum profert, aq arte tolitum,
170 1107 669 1142 Defacili Torno quam bene nomen habet.
781 1136 856 1166 s
