872 1312
301 70 513 95 RELLAII
729 73 774 96 a?
345 112 452 131 De eodem.
105 138 607 168 Sidecus eloquij nobis concederet Hermes,
1 161 34 190 i
132 169 553 194 Doctrinam Pallas, carmina Pierides:
104 198 625 228 Non ego facundi cuperem Demoſthenis ora,
132 228 575 257 Eſſe nec optarem, quod fuit ipſe Plaro:
104 257 655 286 Nec mihi Mæonidæ peteretur Muſa. quid ergo?
135 287 639 318 Quod triplicis laudis Turnebus vnus habet.
313 326 504 355 Stephanus lodelius.
1 327 41 353 l
104 423 587 452 Delius hanc ſequitur: Iodeli, Delius eſto;
132 453 683 482 Quandoquidem Phœbi nomen & omen habes,
256 493 555 521 In aroli Vtenhoui Nonnum.
101 531 673 561 Nune etum magnus q; adeo tibi cedat Homerus;
131 561 561 591 Nunc aliquid maius naſcitur Iliade.
101 591 603 620 Ille tuus vtes Nonnus, tua gloria Bacche
128 620 543 647 Ingentes Graim depopulatus opes.
100 649 592 678 Hactenus itfelix longa ſub nocte ſepultus,
129 679 570 702 Vtenhou. ſtudio nunc rediuiuus adeſt.
98 709 669 737 Hinc, velut ex horto vincat quod Adonidis horto,
129 737 615 767 Cuiq; hous cedat nobilis Heſperidum;
1 744 36 770 l
97 767 579 796 Aonidum flores, dulcesq; excerpere fœtus
126 797 549 820 E Charitum ſacris fas erit arboribus.
97 826 642 856 Hunc hortun coluit Nonnus, cuſtosq; recludit
126 856 545 885 Germani itenhoui gloria prima foli.
1 873 28 893 i
95 885 680 910 Hinc etiam Venhouus Latiis Hortenſius. Houe
125 915 605 946 Nam quodGermanis, Hortus id eſt Latiis.
293 955 500 976 In eundem Carolum.
1 990 639 1029 e i Grais caput et, bn& integer; ipſee
1 1023 606 1059 Totus eris crebrum, totus & ingenium.
256 1080 605 1102 FINIT BELLAIVS
653 1141 758 1165 REMI
