872 1312
315 71 587 93 RRANCISCI
147 108 647 137 Quæ dulceis viridi nutriui fronde racemos,
799 115 870 147 u
176 137 590 165 Ramorum patulâ florida luxurie.
144 167 586 192 Tales ſocias iuuenes nutrite, ſenectæ
832 181 870 201 u
174 196 653 226 Mutua quæ poſſint reddere quæq; velint.
831 206 869 229 i
375 226 463 253 Muſici.
99 253 621 290 Mecolite,o Muſæ,dicebat Cypria; matris
834 265 870 294 s
174 284 623 313 Filius arma gerens aut grauis vltor erit.
145 313 665 342 At Muſæ, Citherea tuo loquere iſta Gradiuo:
177 342 620 375 Non volat ad Muſas criſpulus ille puer.
407 372 479 396 Oneſiæ.
145 399 869 431 Magnum Helicona quidem, ſi forte adſcendis, anhelas;
176 429 568 457 Nectare Pegaſeæ ſed ſtiaris aquæ.
144 458 746 486 Arduus & Sophiæ labor eſt: ſed enim ardua vince
174 487 602 515 Præmia & a Muſis digna labore feres.
414 518 500 538 Luciani.
104 538 643 574 Vtere diuitiis ceu iam moritutus: eaſdem
174 576 661 605 In pretio, nunquam ceu moriturus, habe
1 594 719 655 Inter virumq; vola, nec parcus nec male rerum
173 634 672 663 Prodigus, & punctum prouidus omne feres.
410 665 483 685 Incerti.
143 692 616 722 Et multas moliri ædes, & paſcere multos,
172 722 703 751 Pauperiem ad ſummam cetta breuisq; via eſt,
425 753 496 773 Inceti.
145 779 611 810 Adſentatores propter te, peſſime venter,
173 810 568 832 Vel Libertatis vendere iura ſolent.
421 842 504 862 Archiæ.
142 868 641 898 Infantem Thraces lugent, vt mattis ab aluo
172 899 677 928 Prodiit: hos animos quo quis honore colat?
141 927 702 957 Aſt homines in morte beant. laudantq; ſepultos,
172 957 678 987 Traxit in imperium quos fera Parca ſuum
142 986 683 1016 Accelerant viui, ſemperq; recentia currunt
832 1000 870 1027 I
170 1016 637 1039 In mala: certa aliis iam medicina ſua eſt.
392 1048 496 1075 Incerti.
139 1072 688 1105 lus age, fle vitam, quam dum tibi vita ſuperſtes
171 1104 594 1135 Heraclite, licet: plus ſcatet illa malis.
750 1135 835 1170 lus
