<?xml version="1.0" encoding="UTF-8" standalone="no"?><PcGts xmlns="http://schema.primaresearch.org/PAGE/gts/pagecontent/2019-07-15" xmlns:xsi="http://www.w3.org/2001/XMLSchema-instance" xsi:schemaLocation="http://schema.primaresearch.org/PAGE/gts/pagecontent/2019-07-15 http://schema.primaresearch.org/PAGE/gts/pagecontent/2019-07-15/pagecontent.xsd"><Metadata><Creator/><Created>2022-04-08T13:19:02</Created><LastChange>1970-01-01T00:00:00</LastChange><Comments/></Metadata><Page imageFilename="0519.png" imageHeight="1312" imageWidth="872"><TextRegion id="r1" orientation="0.0" type="paragraph"><Coords points="1,1 870,1 870,1310 1,1310"/><TextLine id="l1"><Coords points="315,71 315,93 587,93 587,71"/><TextEquiv><Unicode/></TextEquiv><TextEquiv index="1"><Unicode>RRANCISCI</Unicode></TextEquiv></TextLine><TextLine id="l2"><Coords points="147,108 147,137 647,137 647,108"/><TextEquiv><Unicode/></TextEquiv><TextEquiv index="1"><Unicode>Quæ dulceis viridi nutriui fronde racemos,</Unicode></TextEquiv></TextLine><TextLine id="l3"><Coords points="176,137 176,165 590,165 590,137"/><TextEquiv><Unicode/></TextEquiv><TextEquiv index="1"><Unicode>Ramorum patulâ florida luxurie.</Unicode></TextEquiv></TextLine><TextLine id="l4"><Coords points="144,167 144,192 586,192 586,167"/><TextEquiv><Unicode/></TextEquiv><TextEquiv index="1"><Unicode>Tales ſocias iuuenes nutrite, ſenectæ</Unicode></TextEquiv></TextLine><TextLine id="l5"><Coords points="174,196 174,226 653,226 653,196"/><TextEquiv><Unicode/></TextEquiv><TextEquiv index="1"><Unicode>Mutua quæ poſſint reddere quæq; velint.</Unicode></TextEquiv></TextLine><TextLine id="l6"><Coords points="375,226 375,253 463,253 463,226"/><TextEquiv><Unicode/></TextEquiv><TextEquiv index="1"><Unicode>Muſici.</Unicode></TextEquiv></TextLine><TextLine id="l7"><Coords points="134,282 146,282 268,284 621,282 621,253 134,253"/><TextEquiv><Unicode/></TextEquiv><TextEquiv index="1"><Unicode>Mecolite,o Muſæ,dicebat Cypria; matris</Unicode></TextEquiv></TextLine><TextLine id="l8"><Coords points="174,284 174,313 623,313 623,284"/><TextEquiv><Unicode/></TextEquiv><TextEquiv index="1"><Unicode>Filius arma gerens aut grauis vltor erit.</Unicode></TextEquiv></TextLine><TextLine id="l9"><Coords points="145,313 145,342 665,342 665,313"/><TextEquiv><Unicode/></TextEquiv><TextEquiv index="1"><Unicode>At Muſæ, Citherea tuo loquere iſta Gradiuo:</Unicode></TextEquiv></TextLine><TextLine id="l10"><Coords points="620,374 620,342 314,342 290,344 177,343 177,375 348,375 355,370 373,369 522,371 529,375 573,375"/><TextEquiv><Unicode/></TextEquiv><TextEquiv index="1"><Unicode>Non volat ad Muſas criſpulus ille puer.</Unicode></TextEquiv></TextLine><TextLine id="l11"><Coords points="407,372 407,396 479,396 479,372"/><TextEquiv><Unicode/></TextEquiv><TextEquiv index="1"><Unicode>Oneſiæ.</Unicode></TextEquiv></TextLine><TextLine id="l12"><Coords points="795,398 145,399 145,430 415,428 610,429 614,431 795,430"/><TextEquiv><Unicode/></TextEquiv><TextEquiv index="1"><Unicode>Magnum Helicona quidem, ſi forte adſcendis, anhelas;</Unicode></TextEquiv></TextLine><TextLine id="l13"><Coords points="568,430 380,429 176,431 176,457 568,457"/><TextEquiv><Unicode/></TextEquiv><TextEquiv index="1"><Unicode>Nectare Pegaſeæ ſed ſtiaris aquæ.</Unicode></TextEquiv></TextLine><TextLine id="l14"><Coords points="144,458 144,486 746,486 746,458"/><TextEquiv><Unicode/></TextEquiv><TextEquiv index="1"><Unicode>Arduus &amp; Sophiæ labor eſt: ſed enim ardua vince</Unicode></TextEquiv></TextLine><TextLine id="l15"><Coords points="174,487 174,515 602,515 602,487"/><TextEquiv><Unicode/></TextEquiv><TextEquiv index="1"><Unicode>Præmia &amp; a Muſis digna labore feres.</Unicode></TextEquiv></TextLine><TextLine id="l16"><Coords points="414,518 414,538 500,538 500,518"/><TextEquiv><Unicode/></TextEquiv><TextEquiv index="1"><Unicode>Luciani.</Unicode></TextEquiv></TextLine><TextLine id="l17"><Coords points="121,574 643,574 643,538 121,537"/><TextEquiv><Unicode/></TextEquiv><TextEquiv index="1"><Unicode>Vtere diuitiis ceu iam moritutus: eaſdem</Unicode></TextEquiv></TextLine><TextLine id="l18"><Coords points="174,576 174,605 661,605 661,576"/><TextEquiv><Unicode/></TextEquiv><TextEquiv index="1"><Unicode>In pretio, nunquam ceu moriturus, habe</Unicode></TextEquiv></TextLine><TextLine id="l19"><Coords points="120,632 132,632 183,632 225,634 331,632 394,632 432,634 652,633 699,634 719,636 719,602 711,601 701,606 680,607 615,605 253,604 183,605 130,603 121,599"/><TextEquiv><Unicode/></TextEquiv><TextEquiv index="1"><Unicode>Inter virumq; vola, nec parcus nec male rerum</Unicode></TextEquiv></TextLine><TextLine id="l20"><Coords points="173,634 173,663 672,663 672,634"/><TextEquiv><Unicode/></TextEquiv><TextEquiv index="1"><Unicode>Prodigus, &amp; punctum prouidus omne feres.</Unicode></TextEquiv></TextLine><TextLine id="l21"><Coords points="410,665 410,685 483,685 483,665"/><TextEquiv><Unicode/></TextEquiv><TextEquiv index="1"><Unicode>Incerti.</Unicode></TextEquiv></TextLine><TextLine id="l22"><Coords points="616,692 143,692 143,721 374,720 474,722 616,722"/><TextEquiv><Unicode/></TextEquiv><TextEquiv index="1"><Unicode>Et multas moliri ædes, &amp; paſcere multos,</Unicode></TextEquiv></TextLine><TextLine id="l23"><Coords points="703,722 172,722 172,751 370,751 374,749 407,749 411,751 703,751"/><TextEquiv><Unicode/></TextEquiv><TextEquiv index="1"><Unicode>Pauperiem ad ſummam cetta breuisq; via eſt,</Unicode></TextEquiv></TextLine><TextLine id="l24"><Coords points="425,753 425,773 496,773 496,753"/><TextEquiv><Unicode/></TextEquiv><TextEquiv index="1"><Unicode>Inceti.</Unicode></TextEquiv></TextLine><TextLine id="l25"><Coords points="145,779 145,810 611,810 611,779"/><TextEquiv><Unicode/></TextEquiv><TextEquiv index="1"><Unicode>Adſentatores propter te, peſſime venter,</Unicode></TextEquiv></TextLine><TextLine id="l26"><Coords points="173,810 173,832 568,832 568,810"/><TextEquiv><Unicode/></TextEquiv><TextEquiv index="1"><Unicode>Vel Libertatis vendere iura ſolent.</Unicode></TextEquiv></TextLine><TextLine id="l27"><Coords points="421,842 421,862 504,862 504,842"/><TextEquiv><Unicode/></TextEquiv><TextEquiv index="1"><Unicode>Archiæ.</Unicode></TextEquiv></TextLine><TextLine id="l28"><Coords points="142,868 142,898 641,898 641,868"/><TextEquiv><Unicode/></TextEquiv><TextEquiv index="1"><Unicode>Infantem Thraces lugent, vt mattis ab aluo</Unicode></TextEquiv></TextLine><TextLine id="l29"><Coords points="677,899 614,901 518,899 172,899 172,926 185,927 677,928"/><TextEquiv><Unicode/></TextEquiv><TextEquiv index="1"><Unicode>Prodiit: hos animos quo quis honore colat?</Unicode></TextEquiv></TextLine><TextLine id="l30"><Coords points="702,929 225,929 184,927 141,927 141,953 203,954 222,956 355,957 702,957"/><TextEquiv><Unicode/></TextEquiv><TextEquiv index="1"><Unicode>Aſt homines in morte beant. laudantq; ſepultos,</Unicode></TextEquiv></TextLine><TextLine id="l31"><Coords points="678,962 666,960 588,959 556,957 172,957 172,984 234,986 381,987 678,987"/><TextEquiv><Unicode/></TextEquiv><TextEquiv index="1"><Unicode>Traxit in imperium quos fera Parca ſuum</Unicode></TextEquiv></TextLine><TextLine id="l32"><Coords points="683,989 142,986 142,1013 358,1016 683,1016"/><TextEquiv><Unicode/></TextEquiv><TextEquiv index="1"><Unicode>Accelerant viui, ſemperq; recentia currunt</Unicode></TextEquiv></TextLine><TextLine id="l33"><Coords points="637,1017 523,1018 357,1016 170,1016 170,1039 637,1039"/><TextEquiv><Unicode/></TextEquiv><TextEquiv index="1"><Unicode>In mala: certa aliis iam medicina ſua eſt.</Unicode></TextEquiv></TextLine><TextLine id="l34"><Coords points="392,1048 392,1075 496,1075 496,1048"/><TextEquiv><Unicode/></TextEquiv><TextEquiv index="1"><Unicode>Incerti.</Unicode></TextEquiv></TextLine><TextLine id="l35"><Coords points="688,1072 545,1072 536,1075 381,1075 372,1072 139,1072 139,1101 344,1104 688,1105"/><TextEquiv><Unicode/></TextEquiv><TextEquiv index="1"><Unicode>lus age, fle vitam, quam dum tibi vita ſuperſtes</Unicode></TextEquiv></TextLine><TextLine id="l36"><Coords points="171,1104 171,1135 594,1135 594,1104"/><TextEquiv><Unicode/></TextEquiv><TextEquiv index="1"><Unicode>Heraclite, licet: plus ſcatet illa malis.</Unicode></TextEquiv></TextLine><TextLine id="l37"><Coords points="750,1135 750,1170 817,1170 817,1135"/><TextEquiv><Unicode/></TextEquiv><TextEquiv index="1"><Unicode>lus</Unicode></TextEquiv></TextLine><TextEquiv><Unicode/></TextEquiv></TextRegion></Page></PcGts>