872 1312
266 73 565 100 BELLICARII.
708 84 756 105 Os
36 108 725 145 Pus quoque quam quondam vitam, Democrite ride:
111 145 611 175 Nam prorſus magis eſt hæc quoq; ridicula.
38 175 584 206 At vos d piciens anceps conſidero, tecum
109 206 599 236 Ridere, aut tecum quomodo flere queam.
359 237 463 265 ſdippi,
39 256 569 294 Semita quæ viræ potior? ſunt iurgia, lites
111 295 539 325 Vndiq; clamoſo perſttepitantq; foro.
38 325 663 349 Cusa domi; ruri comes ſt labor: horror in vndis
112 355 571 383 quoreis: loſpes diues es, indetimes.
82 442 652 471 Ipſa labor ſoboles; vita orba moleſta: iuuentus
1 460 632 501 nu Stulta: operum impatiens morbida canicies.
38 500 570 533 Non naſci mileris ſatius mortalibus ergo,
108 531 509 559 Aut natos ſubitâ morte perire fuit.
304 562 520 591 Metrodori palnodia.
39 591 629 619 Quemlibet in vitâ callem tibi delige: honorum
3 619 521 650 Ampla ſeges docto, conſiliique foro
3 650 525 679 Læta domi requies : naturæ gratia ruri
106 679 645 708 Aquora dant quæſtus: diues es hoſpes, honor.
39 709 615 737 Indigus es; ſolus tibi conſcius: ornat vt vxor
1 733 629 768 d Ducta domum, curis ſic quoque ſpreta leuat.
39 768 603 794 Libcri, amor cœlibs ſecura eſt vita iuuentus
107 799 500 828 Fortis: conſiliis optima canities.
77 828 634 857 Non naſci haud miſeris ſatius mortalibus ergos
59 857 511 888 Aut natos ſubitâ morte perire fuit.
364 890 456 910 Palladæ.
1 916 549 947 eniſti nudus, quid ſudas? nudus abibis:
1 946 547 980 Ipſa dat, ipia datas terra repoſcit opes.
367 979 460 1005 Eiuſdem.
75 1005 605 1036 Vita,anceps maris eſt curſus: iactamur in illâ,
51 1037 604 1065 Sæpeque nuuftagiis nos grauiora manent.
44 1055 620 1093 Cæca regit clauum noſtræ Rhamnuſia vitæ,
107 1096 476 1124 Incertoſq; ſuo dirigit arbitrio.
35 1123 633 1155 Infauſtum his curſum ſpirans. iliſq; ſecundum:
696 1157 785 1178 Vnus
