872 1312
335 76 598 99 FRANCISCI
167 112 683 142 Vnus ſed ſub humo portus vtroſque manet?
430 144 515 172 Archæ.
138 170 583 200 Puſio Lyſippes, ſcopulo lapſurus abalto
170 202 523 231 Aſtyanactei funeris inſtar erat.
138 229 770 258 Auocat hunc mater, mammamque exertat eburna us
169 259 668 289 Reppulit illa famem; reppulit illa necem.
418 291 503 310 Bianoris.
140 318 598 343 Corruerant ſimul a tecto cœnacula tota
170 348 570 376 In puerum, leni ſed leuiora Noto:
140 377 607 406 Parcit & infanti librata ruina: dolorem
172 406 576 434 O matres, partus, ſentit & ipſe lapis.
379 437 564 464 Incerti in nuptias.
124 457 662 494 Qui ductâ tepetit thalamos vxore ſecundos;
170 493 628 523 Bis, graue & iratum nau:gat ille fretum.
414 524 520 545 Sirii.
142 551 742 583 es bona virginitas; ſed res non commoda cunctis:
173 582 663 610 Terra parens ſobolem perderet orba ſuam.
143 610 635 640 Ergo face vxorem ducas; ceſſurus vt orbe,
171 640 618 668 Orbi hominem reddas, purus adulterii.
434 673 507 692 Incertr.
144 700 609 728 Qui ducit xorem, in mari ceu fluctuat.
143 728 581 755 Sciunt id omnes, & ſcientes ductitant.
421 759 536 780 Menecratis.
143 786 709 818 Quærimus abſentem, querimur præſente ſenact
174 818 611 846 Debita plus domino fœnerat illa ſuo.
430 848 523 874 Lucillii.
143 875 655 906 Quiſquis iam ſenior plus optat viuere dignus
172 906 624 928 Annorum eſt multas viuat vti decadas.
424 938 527 957 iantini.
144 960 713 994 Quid mihi pubertas, quid prodeſt cana ſenectus?
174 994 553 1024 Ocyus illa fugit; ocyus illa venit.
437 1026 511 1045 Incerti
145 1050 699 1082 Parua cadis vini reliqua eſt quæ portio; aceſcit,
176 1082 575 1112 Portio melliti quæ fuit ante meri.
144 1110 693 1141 Sic totam exhauſit qui vitam,eſt pronus ad iras,
769 1134 837 1166 I
