872 1312
270 69 575 91 BELLICAR
706 69 750 95 S
1 95 526 134 Ipſc ſuo tandem triſtis aeore ſenex.
359 137 456 158 Pallada.
74 164 623 196 Pro flammâ mulier data nobis, altera flamma:
109 196 646 224 Nulla vtin am mulier, nullaque flamma foret?
2 217 727 253 u Attamen accenſas promptum eſt exſtinguere ſlaxumas
1 253 527 277 .ternum lammas euonit illa ſuas.
383 285 455 305 Ineti.
73 313 689 344 Palladiam quid tame prem is me Bacchice plantam?
109 344 617 373 Tolle tuos botros, non amo virgo ierum.
363 374 457 402 Pippi.
80 400 596 431 Cæſaris ex aris Laurus. Pœbum ante peroſa
110 431 500 462 Exſiluit, nigras ereruitque comas.
2 462 625 490 Inuenitque Deum meliorem ſpreuerat illum;
107 491 575 520 Sed magno neadæ pallet amore Ionis
77 520 547 549 Egerat at dui radicem in fragmine ſaxi:
1 550 517 580 us OCæſar, pariunt & tibi vel lapides.
240 582 550 601 In lectulum meretrici c lauro.
68 608 617 638 Vnius thalamum fugiens, meme ipſa peremi:
47 638 581 668 Sed quid id eſ, multis ſi iaceo thalamus?
351 670 459 699 Antiphili.
80 698 589 725 Struthia mitto tibi, iam gramine ſera renato
109 727 558 756 Aurea; materno nuper, adempta ſinu.
72 757 604 787 Rugarum maculæque immunia. mollia iulo,
108 787 616 815 Quæ vel nunc patulâ pendula fronde latent:
1 799 592 850 emporis hiberni rarum decus; at tibi tales
105 844 558 875 Regina, & fructus bruma niuoſa parit.
364 878 450 898 Bianoris.
1 899 550 934 b Ioue ſublimi volitabat in aera penâ
108 934 609 964 Nuncia auis, ſuperas quæ tenet vna domos.
31 964 664 994 Cres videt; intendit neruum, mittitque ſagittam:
1 981 530 1023 uligeram ſtridens illa peremit auem.
77 1023 591 1052 Iuſta ſed irati præſto eſt Ionis vltio; in ipſum
110 1054 566 1083 Concidit, & miſero tela retorquet auis;
1 1072 539 1113 Ceruiciinfigens, iecori quæ fixerat ipſe:
106 1111 489 1142 Sic pariter caſu procubuere graui
690 1144 751 1163 -
