872 1312
319 76 616 102 FRANCISCI
384 118 514 137 Incerti.
145 144 633 178 Captabat ſomnos murali homicida ruinæ
175 174 634 208 Proximus; huic viſus nocte Serapis, ait,
145 204 657 237 Atq; ait o quiſquis dormis, te proripe curſu
178 234 609 263 Ceruici impendet quanta ruina tuæ
145 263 671 295 Ille fugir: proſtratus humi ruit illico murus:
177 290 645 317 Præmia Diis vitæ mane homicida refert.
149 321 604 355 Scilicet & Superos lætari cæde putabat.
180 351 607 379 Sed redit, & rurſus nocte serapis ait;
148 379 617 407 Et curare malos etiam me ſtulte putaſti,
178 411 602 441 Fortuitâ quod te morte pesire veto?
149 439 620 469 Mitior illa fuit; moneo grauira parari.
182 471 614 500 Seruatu meritis crux truculenta tuis.
440 500 527 521 Luciani.
151 525 671 559 Omr is vita breuis felicibus omnibus: vnam
179 559 630 586 Noctem inf elices ſccula longa putant.
434 589 534 616 Melcagri.
150 614 711 644 Tres Charites, tres ſunt Horæ, triplexq; Cupido,
182 649 630 678 Qui me femineo ſæuus amore eremat.
151 674 683 703 Nimirum treis in me atcus Deus ille tetendit;
181 704 675 742 Ceu mihi non vnum ſed tria corda forent.
440 737 513 757 Incerti.
152 765 671 796 Noctunos igneis liquidæ inſtaurare lucernæ
182 795 623 827 Siquis auet, oſtris hauriat ex animis.
150 824 667 854 Intus enim teti glomeratis igmibus ardent:
179 853 635 883 Excitet, & flammas protinus inde feret.
441 886 533 906 Leonidæ.
152 913 708 945 Ture quis e ſicco pharetratum finxit Amorem
183 944 708 975 Magnu etiam cæco qui pttit ine louem?
152 971 711 1004 At bene Vulcano tandem ſcopus vritur. quam
178 1004 578 1035 Sic periiſſe ſerus debuit ille puer.
412 1034 555 1062 Iulii Polyani.
152 1063 603 1091 Etſi ie vario ſtreperi clamore fatigant,
184 1091 662 1122 Quiq, ouent & qui reddere vota ſolent;
152 1121 741 1155 Phaacua temagne; taen me iuſta querentem
750 1138 826 1182 Accpe
