872 1312
343 68 615 91 FRANCISCT
139 105 609 135 Paſtores, facilis vobis Cyllenius Hermes;
172 135 661 166 Huic lac & quernum mel fatis eſſe poteſt.
142 166 665 195 Sed non Alcides; aries quem placat & agnuss
173 195 614 225 Integra cui ſemper victima lecta cadit.
142 224 696 253 Arcet at iſte lupos. quid refert, ſeu lupus hoſts,
174 253 645 281 Seruatum cuſtos ſeu voret ipſe gregem?
438 284 519 304 Lucilii.
143 312 636 338 Defuntos vitâ non deſleo, deleo mortis
175 343 629 371 Iam ia venturæ quos rmetus acer agit.
420 372 527 399 Antiphili.
144 399 657 431 Littore Polypodem Phædon innare vadoſo
178 430 603 460 Adſpoicit, occultis per freta remigiis.
147 460 655 490 Ac rapit, & terræ intoruet, ne forte repente
180 489 629 516 Curis coneluſas ſtringeret ille manus.
149 518 726 549 actus at in denſum, longum per inane, ftutetum,
180 549 599 578 Inſiliit lepori, complicuitque pedes.
149 578 647 607 Accepit pariter captus. ſic optime prædam
181 607 680 637 Terreſtrem Phadon æquoreamque refers.
373 638 603 659 Pulcra in Nionatans.
151 665 727 697 Pe nudam Cyherea videns: cœleſtibus, inquit,
176 696 644 726 Abſque etiam guttis altera ficta Venus,
150 725 700 755 Nile tibi eſt? partuſne audax imitare marinos,
180 755 708 785 Hanc quoque de dulci mittere doctus aquâ
445 787 541 812 Incerti,
151 814 525 838 Cum trea antea Gratiæ fuiſſent,
149 844 596 874 Quattam te tribus addidere; per tevt
152 874 493 896 Omnis Graria Gratiisineſſet.
440 906 532 932 Palladæ.
150 932 692 962 alponem & Coruum diſtinguit litera Grais
183 963 618 985 Dicitur ille Colax. dicitur iſte Cirax.
151 992 795 1024 Res eadem eſt: hoc ergo animal caue, amice: ſinie
182 1021 707 1046 Eſſe homium coracas. ſis memor & colacas,
432 1053 526 1077 Eiſdem,
152 1079 694 1116 Ceta odfinon tam grauis eſt conſeſſio aperti,
176 1111 607 1141 Da a a ictæ peſtis aiiææ
