872 1312
277 66 575 88 BELLICARII.
68 96 687 134 Confeſſum oſorea fugimus: quem credis amicum
116 134 556 162 Eſſe tibi fidum, quæſo, cauere potes?
67 162 631 198 Ille mihi grauis hoſtis erit; qui fictus amicus,
116 194 512 224 Fallit prætextæ nomine amicitiæ.
296 225 552 252 Baſi. in mediocritatem.
87 252 578 282 Nec mihi pugnaci tempeſtas ſæuiat æſtu;
116 282 589 312 Nec mihi tranquilli langueat vnda freti.
85 311 677 341 Eſt intermedium quiddam, quod præſtat vtriſque;
120 342 638 370 Nil certo melius commod uſque modo eſ
68 371 687 406 Hic placeat tili, Lampi; malis procul eſto ptocellis,
113 401 596 432 Sunt quidam placidi vitæ etiam ephyri.
382 432 456 452 Incerti.
83 460 697 491 Eſt gratum mediocre; ingratum quidquid abundate
111 490 608 518 Mel nimium, non mel, fel magis eſſe putes.
242 521 597 550 Adriani, in Pompeium agnum.
82 550 631 581 Auguſtaſqudomos, & lata palatia quondam
112 579 565 606 Poſſedit: tumulum vixreperire poteſt.
374 610 452 638 oſimi.
83 638 608 669 Non in Marte graui ſolum, triſtique tumult
111 669 606 699 Martigeram clypeus lbero Anaximenen:
82 699 569 728 Vtilis & ponto. confractâ puppe, natauit
111 728 518 756 Ille, mea euaſit ſoſpes & in tabulâ.
68 758 519 789 nica ſioilli pariter terraque marique
111 787 570 819 Spes ego ſum; gemino nobilis auxilio,
344 819 485 838 Iulii Leonida.
81 846 553 877 Myrtilus euaſi clypeo diſcrimma eodem
112 877 545 906 Bina; feri Martis, letiferique maris.
80 905 632 937 Vrgerent tepidam Cauri dum flabra carinam,
109 937 526 959 Ante ſalus bello, tunc fuit ille ſalo.
353 967 477 987 Iulii Dioclis
69 1053 695 1085 Ante ſcapham porius, qui me, freta longa legentem,
111 1084 536 1107 Immerſ tulers litiora ad alta rate?
68 1111 535 1151 Martis & in hellis, & ponto Neeos iras
690 1142 752 1171 Fugi
