872 1312
306 73 608 105 FRANCISC
397 114 471 134 Incerti.
121 141 691 174 ermo vetus; mordere malos mus audeat: atqui
148 171 632 200 Nugæ iſthæc; ſermo verior alter erat.
122 200 662 230 Nam mordere bonos conetur & exiguus mos:
151 230 579 258 At mordere malos horreat ipſe draco
421 262 527 281 Ineerti.
120 286 622 322 Fabula Mæonidæ eſt, quod Solis filia Circe
152 319 619 349 In porcos homines verterit, inque lupos.
123 348 611 374 Non ita: ſed fallax meretrix allexit, & eſcâ
153 377 585 406 Hamatdq; totas callida ademit opes:
123 405 689 439 Prorſus & humanâ ſpolians ratione, opibuſque;
151 436 564 459 Brutorum fertur more aluiſſe domi.
123 465 650 495 Illecebras fugiens ſedenim cordatus Vlyſſes,
132 495 589 526 Pharmaca prudenti reppulit ingenio.
395 527 467 546 Incerti.
111 552 670 585 Quæ faſtus & opes meretrix iactabat amantum;
154 584 667 607 Vt iam nec Nemeſin crederet eſſe Deam:
111 612 659 650 Texturâ tandem victum ſibi quæritat; & nunc
154 641 592 672 Palladis effecta eſt, quæ fuerat Veneri.
363 675 452 695 Biaoriu.
126 700 570 729 Oſſa paterna videt fluitanti filius vrnâ
154 730 616 762 Naufraga, quam duræ vis rapiebat aquæ
127 758 663 787 Ipſe animos dolor accendit; temerarius vndis
152 789 576 820 Inſilit, & plenam fert pietatis opem.
126 817 681 851 Oſſa quidem ſeruat; ſed non ſeruatus & ipſe eſt:
151 847 538 881 Illum crudeles corripuiſtis aquæ.
384 881 467 902 Palladæ.
124 901 650 941 Qui nunquam vixti, mortem ſperabis egene?
155 937 579 963 Quæ tua vita fuit, verius vmbra fuit.
124 966 769 1003 Queis & opum cumulus, ſimul & fortuna benigna eſt,
150 995 572 1029 Mors illis vitæ terminus eſſe poteſt.
385 1031 483 1057 Agathiæ.
122 1053 646 1087 Forte laborantem captandis piſcibus hamo,
151 1082 550 1116 Diuidis vt vidit filia; amore perit,
122 1110 580 1149 Et fit ei coniux: ſic vitæ ereptus egenti
754 1152 780 1174 In
