872 1312
274 67 544 99 BE LI AA
98 111 514 142 Indotem magnas ipſe recepit opes.
69 140 567 175 At ridens Fortuna, inquit: victoria cert
96 173 590 200 Alma Venus non eſt hæc tua tota mea eſt,
352 206 433 233 Alphei.
71 222 627 267 oensuuuvo acats a
100 261 514 291 Obtendit pullis nec minus illa ſuis.
69 289 648 326 Ftigore ab æthereo ſed ſtricta, imparque reluctans
100 322 488 347 Nubibus aeriis, exanimata cadit.
69 349 638 383 Ahpudeat Procne, pudeat te Colchi volucres,
99 383 578 414 Natorum quis amor debeat eſſe, docent.
335 416 409 436 Incenti.
69 442 547 474 neas Troiæ medios pius inter & ignes
69 499 649 533 Parcite ait; laus nulla ſenem eſtoecidere: carum
69 474 606 503 Longæuum geſtans, inter & arma patrem:
69 533 590 565 Eripere at letho laus mihi ſumma patrem.
369 567 454 587 Archiæ:
69 588 620 626 Tot terras, vaſti loca tot maris vſque pererraas,
99 621 540 652 Phaſiaco nidum ponis hirundo ſinu?
69 647 677 685 Hanc tibi, quæſo, fidem ſeruauerit impia Colchi,
102 682 591 712 Quæ fuit in ſobolem tam malefida ſuam?
358 716 441 736 Pallad.
69 733 586 773 Si quid cura poteſt, fac cures: ſin magis ipſi
102 774 551 799 Cura Deo de te eſt; irrita cura tua eſt.
69 802 682 834 Hoc ſine nil, cumque hoc nil non curaueris. at quid
102 834 464 858 Vt cures, curæ dux erit ille tuæ.
363 867 404 887 Ver.
69 882 583 923 Frigida ventoſæ coſſerunt tempora brumæ,
69 923 504 954 At picturati rediit noua gratia veris.
69 953 602 981 Alma viret tellus, primæuo & flore redundat,
69 983 596 1014 Luxurians lætis adolentis graminis herbis.
69 1012 585 1045 Inſignis foliis fæcundaque germinat arbos.
68 1041 720 1074 Prata bibunt ridentque: roſis quoq; fragrat apertis
69 1072 621 1104 Hortulus:argutâ demulcet arundine paſtor,
69 1097 642 1133 Et reſonos complet ſtridenti carmine monteis.
69 1131 602 1163 Gaudet & ipſe canens laſciuis æpolus hædis.
696 1165 745 1186 Iam
