872 1312
274 71 544 99 BE LI AA
700 80 752 109 P.
98 111 514 142 Indotem magnas ipſe recepit opes.
29 137 567 176 At ridens Fortuna, inquit: victoria cert
96 173 590 200 Alma Venus non eſt hæc tua tota mea eſt,
31 208 619 267 oensuuuvo acats a
352 206 433 233 Alphei.
100 261 514 291 Obtendit pullis nec minus illa ſuis.
32 270 648 326 Ftigore ab æthereo ſed ſtricta, imparque reluctans
100 322 488 347 Nubibus aeriis, exanimata cadit.
32 345 638 383 Ahpudeat Procne, pudeat te Colchi volucres,
99 383 578 414 Natorum quis amor debeat eſſe, docent.
335 416 409 436 Incenti.
31 443 547 474 neas Troiæ medios pius inter & ignes
31 472 649 533 Parcite ait; laus nulla ſenem eſtoecidere: carum
42 474 606 503 Longæuum geſtans, inter & arma patrem:
30 533 590 565 Eripere at letho laus mihi ſumma patrem.
369 567 454 587 Archiæ:
30 588 620 626 Tot terras, vaſti loca tot maris vſque pererraas,
99 621 540 652 Phaſiaco nidum ponis hirundo ſinu?
30 627 677 685 Hanc tibi, quæſo, fidem ſeruauerit impia Colchi,
834 658 870 687 t
102 682 591 712 Quæ fuit in ſobolem tam malefida ſuam?
358 716 441 736 Pallad.
831 707 869 735 ll
29 731 586 773 Si quid cura poteſt, fac cures: ſin magis ipſi
102 774 551 799 Cura Deo de te eſt; irrita cura tua eſt.
29 802 682 834 Hoc ſine nil, cumque hoc nil non curaueris. at quid
102 834 464 858 Vt cures, curæ dux erit ille tuæ.
363 867 404 887 Ver.
29 871 583 923 Frigida ventoſæ coſſerunt tempora brumæ,
30 923 504 954 At picturati rediit noua gratia veris.
30 953 602 981 Alma viret tellus, primæuo & flore redundat,
1 983 596 1023 Luxurians lætis adolentis graminis herbis.
30 1012 585 1045 Inſignis foliis fæcundaque germinat arbos.
30 1042 741 1074 Prata bibunt ridentque: roſis quoq; fragrat apertis
30 1072 621 1104 Hortulus:argutâ demulcet arundine paſtor,
30 1098 642 1133 Et reſonos complet ſtridenti carmine monteis.
30 1131 602 1163 Gaudet & ipſe canens laſciuis æpolus hædis.
696 1165 745 1186 Iam
485 1165 546 1189 Iis
