872 1312
845 44 869 80 l
280 78 544 101 ETOLAVDI.
705 83 747 107 5oy
1 108 658 147 oſt tua fata tuum putrefactum abſumere corpus.
37 144 631 178 In reſonam vocem mutabere munere Diuûm;
36 174 588 207 Aut vertere canorus olor, ſi Diis ſatis Echo
37 207 594 235 Non fuerit: vel eo mutabere corpore, lapſa
1 234 588 267 Lambit de ſudo quod roſcida pabula cœlo.
35 267 617 297 Mellilega aut fics volucris lorentis Hymetti;
35 297 543 327 Vel quæ vere nouo ſæui vocalis acdon
35 326 629 356 Threicii priſcum recinit ſuper arbore crimen.
34 357 587 386 Aut ſi nonex his aliquid verteris in vnum
34 386 532 415 Totus, veſtiri tribuetur corpore miſto
34 411 660 448 Omnibus his nec enim verſo te cenſeo dignum
34 446 727 479 Horum vllum monſtrumque ſuâ nouitate decorum,
82 476 587 506 Qui vir eas ſimul hæc euades omnia cuncta
32 506 641 540 Echo, Cyenus, Apis, Philomela, Cicada canora.
235 538 577 566 De copiis auiliariis Germanorum.
32 565 647 596 Arma quæ in auxilium toties Germania mittit;
835 566 870 595 l
115 596 558 618 Mittit in exitium, Gallia cara, tuum.
30 623 617 660 Ac, licet heic cupiam duntaxat vanus haberi,
119 656 561 687 Quæ iuuat inuitam, verius illa necat.
30 684 604 721 Et quæ Francigenis Germania fertur origo,
1 714 520 752 Iis extrema ſuo tempore finis erit.
246 745 568 768 Ad Scæuolam Sammarthanum.
5 774 653 800 Nemo bonus ſimul & diues, mi Scæuola, nemo?
118 803 612 836 Dines vt eſt aliquis, tum ſimul ille malus.
30 833 564 869 Idq; ſibobſcure ſapiens teſtata vetuſtas,
120 863 554 893 Cui Plutus duplici fingitur ire gradu.
30 891 620 925 De cœlo quoties demittitur ab Ioue ſummo,
118 923 576 953 Non potis eſt claudo tardior ire pede.
30 949 587 981 Inferno quoties libet hunc dimittere Diti,
116 983 522 1015 Tum ſecat aarum nubila remigio.
246 1014 518 1037 acobo Simonalto, Medico.
89 1040 605 1068 Vt minui ſenſim, Simonalte, tumente liene,
119 1070 546 1103 Inq; dies peius corpus habere vides:
89 1100 598 1130 Corraſo fiſci loculis turgentibus auro,
118 1130 547 1163 Sic minui populi corpus inane vides.
