872 1312
335 78 557 102 OLANDI
360 119 473 143 Io. Patræo.
90 147 617 176 Victor vt euadas, ſacere te impendia tanta,
136 176 569 198 Miraris? verbis en tibi cauſa tribus.
107 205 583 236 Nempe tribunali celſo qui fudit emendo
138 236 592 264 Sordidus & multas dilapidauit opes,
108 264 612 294 Nititur exhauſtam ſubito replere lacunam;
137 295 620 325 Emptaq; iura prius, vendere iure poteſt.
383 328 466 347 Blandæ.
109 353 662 383 Vndique conuexos cur cœlum pendet in orbes?
138 383 602 413 Vt videat vultus vndique, Blanda, tuos.
288 415 535 442 Io, Vauquelio Fraineo.
110 442 579 465 Mortales iterum vellet Sanclarius auras
141 471 589 500 Correptus modulis carpere poſſe tuis.
108 500 624 532 Sed cum ſidereos penetret tua tibia cœlos,
137 530 558 560 Mauult lætitiâ proſper vtraque frui.
221 563 574 590 In Ioa. Bocalli mediciræ apologia.
108 581 632 621 Non vulgaris erat celebris doctrina Bocalli,
141 618 602 649 Quam per inacceſſas hauſerat ille vias:
111 646 621 678 Vſque a Pergameâ repetens & origine Coa,
138 677 543 708 Pluribus inſignis dotibus illa fuit.
108 708 590 736 Attamen eximias dotes ſupereminet vna,
139 735 593 766 Propria quæ tibi laus tota, Bocalle, fuit:
105 766 670 795 Quod reliquis reliqui Medici medicarier omnes
139 796 616 827 Omnibus, interdum quod ſoleantq; ſibi.
110 825 712 856 Adducta in ſummum ſed enim Medicina periclum,
140 854 529 886 Ate ccrta ſuæ ſigna ſalutis habet.
109 884 643 913 Factaque Poniæ per te eſt medicina medela
138 914 560 939 Artis, & es mcdicæ tu medicina tuæ.
357 947 527 974 Ioanr i Aurato.
114 970 615 1001 cas ititer aues igens cortamen honoris
138 1002 553 1031 Er regni exarſit. fabula nota vetus.
112 1031 631 1063 Sublimi fama eſt Aquilam ſuperaſſe volatu;
138 1061 586 1092 Cum leuis ex AquiaRegulus exiliens,
109 1088 546 1119 Inſultat tergo victor victoris ouantis,
128 1120 631 1156 Ridiculusqus atium vindicat imperium.
715 1157 780 1182 Mens
