872 1312
288 66 550 92 BETOLAVDI.
713 80 754 99 5o2
34 102 724 137 Mens abſtruſa minus, minus eſtque recondita noſtra.
117 134 605 168 Tu princeps vatum temporis huius eras.
39 162 568 199 Ecce poetaſter, ſed eâdem naſcor ab orâ,
119 194 589 227 Sub Carolo tecum Principe neſcio quis;
39 220 579 255 Qui virtute doloue tuis quaſi ſRegulus alis
117 253 638 288 Me exero conſpicuum quantulus hoſtis ego
36 283 594 316 Aquo de regno vatum non cſſe timendum
118 315 524 345 Parua mei notum vis facit ingenii.
37 344 594 375 Aurati auratis tranem licet æthera pennis,
119 373 528 405 Auratus Vatem regia ſceptra geret
298 406 537 428 Scæuolæ Sammarihano.
36 433 634 466 Aruis alma Ceres non larga eſt omnibus æque,
36 463 601 494 Nec niſi de quodam fructum legiſſe nouali
35 492 592 524 Alternis valeas. anno ſed fertile quoddam
34 521 563 550 Non fallace ſide Venus his ſoluat eodem.
34 549 620 585 Ingeniis Pallas ſic non fauet omnibus æque
33 582 576 611 Vnam vix aliud tardum guſtauerit arrem,
79 610 600 641 Liberiusq; vagans aliud percurrerit omnes,
33 634 616 672 Et doctrinarum totum compleuerit orbem.
33 670 594 703 Atfuror eit, aiunt, legi coniungere Muſam,
33 701 642 733 mulaque alterius nocitura eſt altera laudi.
33 724 652 762 En Sammerthanus modo non ſint lumine capt,
33 760 632 790 Adſpiciendum oculis duplici ſubiecerit arte,
1 786 592 825 Quod nullâ potuit ſtolidis ratione probari
313 822 516 846 ExRnnrrd Gallico.
2 838 602 876 Natura illuſtrem decorans Heroida, mentes
34 878 560 906 Miti victuram morum candore feroces,
34 905 635 938 Huic dedit egregiæ pulcerrima munera formæ,
34 937 631 969 Atq; venuſtates, queis mille pepercerat annis.
34 967 647 1000 Qucquid auarus Amor pulcri, caſtiq; & honeſti
84 997 587 1027 Alarum incubitu geminarum fouerat, eius
83 1026 631 1058 Hoc omne obleuit, dulci quaſi melle, nitentes
82 1056 647 1087 Et lepidos oculos, qui numina ſancta mouerent.
34 1084 530 1113 Vix ca ſidereis ad nos deſcenderat oris,
34 1105 545 1169 Vt vidi, vtperiit cæco lmphata furore
683 1149 752 1172 Nens
