872 1312
266 56 528 85 BETOLAVD.
712 65 751 90 N
1 94 531 133 uotte, Marulle, tale quid relinquere:
40 132 494 164 Cuius ſacrâ in poeſi, vt æde ſæculis
40 162 526 192 Dicata, Apoſlo cum ſororibus nouem
40 193 578 225 Se, vt viueret, curauit ad viuum exprimi.
258 223 543 247 Franci Dareni tumulus.
25 247 520 283 Celſi ne timeant iniuria ſecla Coloſſi.
104 281 589 312 Dimidiâ infoſſos parte recondithumus..
38 313 558 342 t magni longum Duareni gloria viuat,
1 342 533 368 Eius dimidium, terra cadauer habet.
227 374 523 402 larilao Macrino, de patre.
37 402 416 432 Vt Solis radii, licet micantes
1 432 433 461 tSplendenti niteant ſerenitate
37 463 501 489 In terris, tamen vnde nos petentes
1 489 486 521 Demittuntur, ibi manent coruſci,
37 521 443 549 Suntque perpetuo: viri eruditi
73 550 459 580 Sic terris licet emicent celebres,
75 581 454 611 Qualis egregius tuus, Macrine,
72 610 441 639 Fulſit egregie parens Macrinus
73 640 475 669 In cœlis tamen, vnde prodierunt,
73 669 469 700 Inſunt perpetuo: Nec eſſe mirum
76 700 425 724 Debet, ſi radii velut recedunt
75 728 506 760 Solis hinc aliquando, ſic Macrinu
72 760 436 789 Macrinoque pares viri eruditi,
74 789 475 819 In cælos patriam ſuam recedant.
74 820 440 849 Hei mihi, radii quod huc redire
72 848 437 878 Illi ſpe ſolet: tuus Macrinus
72 879 430 910 Macrinoque pares viri eruditi
73 909 397 933 Nos deſierio ſui dolentes,
1 927 498 969 Semel ſi fugiant, perenne torquent.
265 971 475 998 Io. Romerii tumulus.
34 994 717 1029 Ouamuis quemque probent aliena negotia Lyneeu
75 1028 594 1058 In re quiſque ſua neſciimus. cernere acutum.
74 1058 594 1088 Romerius celebri notiſſimus arte medendi,
35 1087 628 1119 Qa reliquos ſolitus, ſeipſum ſeruare nequiuit.
271 1120 510 1151 Pierio Lerlauda, Paru
668 1150 747 1172 Quan-
