872 1312
283 77 552 100 BETOLAVDI
724 77 759 104 SIi
1 94 577 140 Inter Hamadryadas ruſtica Muſa iuuat,
45 137 607 169 Silueſtrem placide liceat traducere vitam,
109 171 590 204 Capripedesque vagos per mea rura ſequi
46 191 607 232 Sit fas vmbrosâ indulgere ſub arbore ſomno,
107 231 614 261 Dum prope in arbuſtis rauca cicada ſtrepet.
1 256 702 289 Cumque minus ſperem, veniens mea blanda corollâ
108 288 575 317 Cincta caput viridi, cetera laxa comas,
45 308 579 347 Baſia tot figat ſuauem redolentia nardum,
106 347 536 375 Ovalis in Aſſyriâ non oriatur odor:
1 371 582 405 Vt citius quot ſe fluctus ad littora voluunt,
103 406 565 437 Et Siculo numeres glarea quanta mari.
73 435 556 467 Fixa columbatim toties mihi baſia libet,
100 467 585 497 Innumera innumeris baſia fixa modis;
41 493 606 525 Vt, quod ſæpe ſolet rebus contingere magnis,
102 523 572 555 Hi minimi luſus maxima bella parent.
1 553 507 585 Diductis oculis, obſeruataque puellâ,
100 583 553 612 Mox piger eia vale, Somne quiete vale.
70 611 612 640 Illa leuis cautim quam prendero veſtis ab orâ,
101 640 527 673 Oſcula plura mihi, ſed meliora dabit.
39 670 589 702 Et laſciua animam ſuget, ſugamq; viciſſim
98 700 530 722 Diuinum roſeo nectar in ore natans.
38 720 603 754 Conchatim noſtris ſua labra corallina labris,
49 759 543 791 Atq; labris niueas iunget amica genas.
1 784 671 826 Tuncque manus tunc tempus erit conferre ſalaces,
96 820 551 848 Carptim per niuei ſraga gemella ſinus.
38 843 669 879 Quis vetet o quiſquam per eburnea voluere poma,
99 876 486 908 Qu ſuis ſita ſunt inferiora locis?
1 891 621 938 Hos mihi concedant luſus mea Numina, Siluæ,
96 937 577 966 Numina non ſuperis inuida Numinibus.
39 965 570 996 Quos etiam luſus gracili moduletur auenâ,
95 996 546 1025 Etgeminâ mecum voce puella canat?
47 1019 595 1056 Hanc mihi ſilueſtrem liceat traducere vitam,
96 1054 560 1084 Capripedcſq; vagos per mea rura ſequi:
38 1081 518 1114 Delituiſſe queam ſolis inglorius aruis,
39 1112 495 1136 A me neue coli Muſa ſeuera velit.
3 1134 39 1163 u
685 1145 726 1166 Pro
825 1257 849 1278 l
