872 1312
301 73 560 99 BETOLAVDI.
91 108 517 140 Cœlo ſclicet & magis verendum:
96 140 527 170 Nec quem tam facile qucat domare,
96 169 575 201 Qum qui fulmine compulit Gigantas,
95 199 506 230 Illos centimanos, feros, Gigantas,
89 228 508 252 Sub tnæ Siculis iacere flammis.
91 258 462 287 Verum,gloria ſit. puer proterue,
91 286 548 316 Non ſpernenda tibi, meam medullam,
89 317 547 346 Cor iecur, cerebrum vſtulare flammis,
97 348 483 375 Quas nec diluat vnda tota Nerei:
95 376 532 406 Dum Blandam ſimiles agant calores,
86 405 545 436 Dum Blandam ſimiles agant furores:
93 434 544 465 Blandam, quæ negat hos tuos calores,
93 463 524 500 Blndam, quæ negat hos tuos furores
95 494 457 525 Suam duritiem mouere poſſe.
316 527 420 547 Annibali.
89 552 482 582 Hoc edi ſpecimen meæ iuuentæ:
82 579 431 609 Ede tu ſpecimen tuæ ſenectæ.
280 707 523 728 Eiurat numina Erhnica.
91 746 752 793 ic Cithærea procul, procul hinc diſccde, Cupido,
169 778 621 807 Tartara qui cæcos cæcus ad ima tralis.
80 806 695 836 Ite procul ſteriles, procul hinc, procul ite Camœnæ:
124 834 570 864 Caſtalios latices nil moror: ite procul.
94 864 725 895 Tu quoque Pieridum procul hinc fuge, ductor Apollo,
123 894 645 925 Cunctaque falſorum cum Iue turba Dcûm.
88 918 655 953 Pro Venere & fœdo ſubeat mihi pectus Amore,
122 951 623 983 Ille amor, ex animo qui ſcelus omne fugat.
88 978 631 1011 Caſtalio mihi ſit fons hic pro fonte, bibentem
123 1009 605 1040 Qui beat, atque auido pellit abore ſitim.
87 1037 693 1071 Pro Ioue, pro Phœbo, mihi ſit, reliquoque Deori
117 1068 562 1098 Agmine, qui tcto regnat in orbe Deus.
317 1102 549 1129 Fugienda mundigloric.
