<PcGts xmlns="http://schema.primaresearch.org/PAGE/gts/pagecontent/2017-07-15" xmlns:xsi="http://www.w3.org/2001/XMLSchema-instance" xsi:schemaLocation="http://schema.primaresearch.org/PAGE/gts/pagecontent/2017-07-15 http://schema.primaresearch.org/PAGE/gts/pagecontent/2017-07-15/pagecontent.xsd"><Metadata><Creator>User123</Creator><Created>2020-04-19T01:00:16</Created><LastChange>2020-04-19T01:00:16</LastChange></Metadata><Page imageFilename="0542.png" imageHeight="1312" imageWidth="872"><TextRegion id="r0" type="paragraph"><Coords points="1,1 870,1 870,1310 1,1310"/><TextLine id="r0_l001"><Coords points="407,32 407,46 539,46 539,32"/><TextEquiv index="1"><Unicode></Unicode></TextEquiv></TextLine><TextLine id="r0_l002"><Coords points="301,73 301,99 560,99 560,73"/><TextEquiv index="1"><Unicode>BETOLAVDI.</Unicode></TextEquiv></TextLine><TextLine id="r0_l003"><Coords points="730,81 730,102 766,102 766,81"/><TextEquiv index="1"><Unicode>r5</Unicode></TextEquiv></TextLine><TextLine id="r0_l004"><Coords points="517,110 410,109 368,110 313,108 93,108 93,112 91,113 91,137 136,139 517,140"/><TextEquiv index="1"><Unicode>Cœlo ſclicet &amp; magis verendum:</Unicode></TextEquiv></TextLine><TextLine id="r0_l005"><Coords points="527,144 520,143 313,142 285,140 96,140 96,166 103,167 124,167 142,169 277,170 527,170"/><TextEquiv index="1"><Unicode>Nec quem tam facile qucat domare,</Unicode></TextEquiv></TextLine><TextLine id="r0_l006"><Coords points="609,177 599,177 592,171 584,170 575,174 528,174 472,172 96,169 96,200 108,198 216,198 361,201 609,201"/><TextEquiv index="1"><Unicode>Qum qui fulmine compulit Gigantas,</Unicode></TextEquiv></TextLine><TextLine id="r0_l007"><Coords points="506,203 216,199 108,199 95,201 95,226 164,226 195,228 275,228 328,230 506,230"/><TextEquiv index="1"><Unicode>Illos centimanos, feros, Gigantas,</Unicode></TextEquiv></TextLine><TextLine id="r0_l008"><Coords points="508,233 498,232 328,231 194,228 89,228 89,252 508,252"/><TextEquiv index="1"><Unicode>Sub tnæ Siculis iacere flammis.</Unicode></TextEquiv></TextLine><TextLine id="r0_l009"><Coords points="462,261 305,260 251,258 91,258 91,283 112,283 156,287 462,287"/><TextEquiv index="1"><Unicode>Verum,gloria ſit. puer proterue,</Unicode></TextEquiv></TextLine><TextLine id="r0_l010"><Coords points="548,287 509,286 507,288 499,290 326,290 283,288 156,288 136,286 91,286 91,312 105,312 118,314 156,316 548,316"/><TextEquiv index="1"><Unicode>Non ſpernenda tibi, meam medullam,</Unicode></TextEquiv></TextLine><TextLine id="r0_l011"><Coords points="89,317 89,346 547,346 547,317"/><TextEquiv index="1"><Unicode>Cor iecur, cerebrum vſtulare flammis,</Unicode></TextEquiv></TextLine><TextLine id="r0_l012"><Coords points="97,348 97,375 483,375 483,348"/><TextEquiv index="1"><Unicode>Quas nec diluat vnda tota Nerei:</Unicode></TextEquiv></TextLine><TextLine id="r0_l013"><Coords points="532,376 521,376 518,378 510,379 377,379 269,376 95,376 95,400 103,401 174,402 212,405 532,406"/><TextEquiv index="1"><Unicode>Dum Blandam ſimiles agant calores,</Unicode></TextEquiv></TextLine><TextLine id="r0_l014"><Coords points="545,410 460,408 345,408 308,406 86,405 86,429 116,430 140,433 294,436 545,436"/><TextEquiv index="1"><Unicode>Dum Blandam ſimiles agant furores:</Unicode></TextEquiv></TextLine><TextLine id="r0_l015"><Coords points="39,431 39,455 69,455 69,431"/><TextEquiv index="1"><Unicode></Unicode></TextEquiv></TextLine><TextLine id="r0_l016"><Coords points="544,440 404,439 293,436 207,436 170,434 93,434 93,459 126,462 207,465 544,465"/><TextEquiv index="1"><Unicode>Blandam, quæ negat hos tuos calores,</Unicode></TextEquiv></TextLine><TextLine id="r0_l017"><Coords points="524,469 375,466 207,466 145,463 93,463 93,490 281,495 453,496 464,498 499,498 502,500 524,500"/><TextEquiv index="1"><Unicode>Blndam, quæ negat hos tuos furores</Unicode></TextEquiv></TextLine><TextLine id="r0_l018"><Coords points="95,494 95,525 457,525 457,494"/><TextEquiv index="1"><Unicode>Suam duritiem mouere poſſe.</Unicode></TextEquiv></TextLine><TextLine id="r0_l019"><Coords points="316,527 316,547 420,547 420,527"/><TextEquiv index="1"><Unicode>Annibali.</Unicode></TextEquiv></TextLine><TextLine id="r0_l020"><Coords points="89,552 89,582 482,582 482,552"/><TextEquiv index="1"><Unicode>Hoc edi ſpecimen meæ iuuentæ:</Unicode></TextEquiv></TextLine><TextLine id="r0_l021"><Coords points="431,586 343,584 208,584 120,581 107,579 76,579 76,581 74,582 72,579 38,579 38,607 40,609 431,609"/><TextEquiv index="1"><Unicode>Ede tu ſpecimen tuæ ſenectæ.</Unicode></TextEquiv></TextLine><TextLine id="r0_l022"><Coords points="346,673 353,669 353,659 279,659 279,673 333,674"/><TextEquiv index="1"><Unicode></Unicode></TextEquiv></TextLine><TextLine id="r0_l023"><Coords points="639,674 639,651 473,651 473,674 539,675"/><TextEquiv index="1"><Unicode>DV?I</Unicode></TextEquiv></TextLine><TextLine id="r0_l024"><Coords points="426,675 426,660 354,660 354,669 359,674 365,676 414,676"/><TextEquiv index="1"><Unicode>I</Unicode></TextEquiv></TextLine><TextLine id="r0_l025"><Coords points="648,675 479,676 469,674 464,670 449,670 446,673 439,676 365,677 359,675 354,670 346,674 333,675 267,674 256,673 247,668 239,667 219,667 214,670 191,671 191,696 648,696"/><TextEquiv index="1"><Unicode>A A-</Unicode></TextEquiv></TextLine><TextLine id="r0_l026"><Coords points="816,701 816,769 851,769 851,701"/><TextEquiv index="1"><Unicode></Unicode></TextEquiv></TextLine><TextLine id="r0_l027"><Coords points="280,707 280,728 523,728 523,707"/><TextEquiv index="1"><Unicode>Eiurat numina Erhnica.</Unicode></TextEquiv></TextLine><TextLine id="r0_l028"><Coords points="151,758 151,747 94,747 94,760 142,760"/><TextEquiv index="1"><Unicode>T</Unicode></TextEquiv></TextLine><TextLine id="r0_l029"><Coords points="752,749 703,746 154,746 154,756 150,760 125,762 100,761 100,779 139,778 159,774 326,777 605,777 608,779 752,779"/><TextEquiv index="1"><Unicode>ic Cithærea procul, procul hinc diſccde, Cupido,</Unicode></TextEquiv></TextLine><TextLine id="r0_l030"><Coords points="621,782 611,782 605,778 140,778 94,780 94,801 147,802 160,805 248,805 328,807 621,807"/><TextEquiv index="1"><Unicode>Tartara qui cæcos cæcus ad ima tralis.</Unicode></TextEquiv></TextLine><TextLine id="r0_l031"><Coords points="695,806 658,806 654,808 541,807 328,808 248,806 80,806 80,833 165,832 184,834 333,836 695,836"/><TextEquiv index="1"><Unicode>Ite procul ſteriles, procul hinc, procul ite Camœnæ:</Unicode></TextEquiv></TextLine><TextLine id="r0_l032"><Coords points="570,837 333,837 124,834 124,861 143,863 570,864"/><TextEquiv index="1"><Unicode>Caſtalios latices nil moror: ite procul.</Unicode></TextEquiv></TextLine><TextLine id="r0_l033"><Coords points="725,864 603,864 591,866 552,867 340,866 285,864 94,864 94,890 104,890 110,893 113,891 161,891 213,893 293,892 306,894 342,895 725,895"/><TextEquiv index="1"><Unicode>Tu quoque Pieridum procul hinc fuge, ductor Apollo,</Unicode></TextEquiv></TextLine><TextLine id="r0_l034"><Coords points="645,896 410,895 342,896 305,894 123,894 123,920 322,923 342,925 645,925"/><TextEquiv index="1"><Unicode>Cunctaque falſorum cum Iue turba Dcûm.</Unicode></TextEquiv></TextLine><TextLine id="r0_l035"><Coords points="655,926 404,925 342,926 322,924 191,923 97,920 83,918 36,918 36,947 41,953 69,953 75,949 84,948 144,948 153,950 182,951 316,953 655,953"/><TextEquiv index="1"><Unicode>Pro Venere &amp; fœdo ſubeat mihi pectus Amore,</Unicode></TextEquiv></TextLine><TextLine id="r0_l036"><Coords points="623,955 316,954 122,951 122,977 143,979 283,980 373,983 623,983"/><TextEquiv index="1"><Unicode>Ille amor, ex animo qui ſcelus omne fugat.</Unicode></TextEquiv></TextLine><TextLine id="r0_l037"><Coords points="631,984 555,985 518,983 415,983 373,984 283,981 174,981 143,980 128,978 36,979 36,1003 41,1009 45,1011 73,1011 80,1007 139,1007 168,1009 237,1009 299,1011 631,1011"/><TextEquiv index="1"><Unicode>Caſtalio mihi ſit fons hic pro fonte, bibentem</Unicode></TextEquiv></TextLine><TextLine id="r0_l038"><Coords points="605,1013 498,1014 422,1012 352,1013 298,1011 123,1009 123,1037 148,1039 605,1040"/><TextEquiv index="1"><Unicode>Qui beat, atque auido pellit abore ſitim.</Unicode></TextEquiv></TextLine><TextLine id="r0_l039"><Coords points="693,1040 682,1039 651,1039 649,1041 641,1043 587,1042 572,1044 534,1044 484,1042 296,1042 269,1040 188,1041 108,1037 34,1037 34,1066 47,1068 134,1067 185,1069 308,1069 386,1071 693,1071"/><TextEquiv index="1"><Unicode>Pro Ioue, pro Phœbo, mihi ſit, reliquoque Deori</Unicode></TextEquiv></TextLine><TextLine id="r0_l040"><Coords points="562,1073 37,1068 37,1093 73,1094 83,1098 562,1098"/><TextEquiv index="1"><Unicode>Agmine, qui tcto regnat in orbe Deus.</Unicode></TextEquiv></TextLine><TextLine id="r0_l041"><Coords points="317,1102 317,1129 549,1129 549,1102"/><TextEquiv index="1"><Unicode>Fugienda mundigloric.</Unicode></TextEquiv></TextLine><TextLine id="r0_l042"><Coords points="701,1131 701,1161 753,1161 753,1131"/><TextEquiv index="1"><Unicode></Unicode></TextEquiv></TextLine><TextLine id="r0_l043"><Coords points="415,1130 415,1159 536,1159 536,1130"/><TextEquiv index="1"><Unicode></Unicode></TextEquiv></TextLine></TextRegion></Page></PcGts>