<?xml version="1.0" encoding="UTF-8" standalone="no"?><PcGts xmlns="http://schema.primaresearch.org/PAGE/gts/pagecontent/2019-07-15" xmlns:xsi="http://www.w3.org/2001/XMLSchema-instance" xsi:schemaLocation="http://schema.primaresearch.org/PAGE/gts/pagecontent/2019-07-15 http://schema.primaresearch.org/PAGE/gts/pagecontent/2019-07-15/pagecontent.xsd"><Metadata><Creator/><Created>2022-04-08T13:38:28</Created><LastChange>1970-01-01T00:00:00</LastChange><Comments/></Metadata><Page imageFilename="0543.png" imageHeight="1312" imageWidth="872"><TextRegion id="r1" orientation="0.0" type="paragraph"><Coords points="1,1 870,1 870,1310 1,1310"/><TextLine id="l1"><Coords points="362,63 362,84 516,84 516,63"/><TextEquiv><Unicode/></TextEquiv><TextEquiv index="1"><Unicode>IACOBI</Unicode></TextEquiv></TextLine><TextLine id="l2"><Coords points="695,98 120,98 120,128 161,128 163,126 218,128 695,128"/><TextEquiv><Unicode/></TextEquiv><TextEquiv index="1"><Unicode>Qu magis ? Phœbo diſtat Soror, hoc mage nobis</Unicode></TextEquiv></TextLine><TextLine id="l3"><Coords points="590,129 580,128 218,129 163,127 157,132 145,133 145,157 590,157"/><TextEquiv><Unicode/></TextEquiv><TextEquiv index="1"><Unicode>Fulget: at a ſupera lumine parte caret.</Unicode></TextEquiv></TextLine><TextLine id="l4"><Coords points="631,157 120,157 120,181 631,181"/><TextEquiv><Unicode/></TextEquiv><TextEquiv index="1"><Unicode>Cum vero fratri iuncta eſt, non lucida nobis</Unicode></TextEquiv></TextLine><TextLine id="l5"><Coords points="676,189 661,188 266,187 228,188 146,186 147,215 395,217 676,217"/><TextEquiv><Unicode/></TextEquiv><TextEquiv index="1"><Unicode>Illa quidem eſt; ſupero fulget ab orbe tamen.</Unicode></TextEquiv></TextLine><TextLine id="l6"><Coords points="608,218 116,216 116,243 608,244"/><TextEquiv><Unicode/></TextEquiv><TextEquiv index="1"><Unicode>Eſſe Deo quiſquis cupis ergo fulgidus, ipſi</Unicode></TextEquiv></TextLine><TextLine id="l7"><Coords points="145,245 145,276 590,276 590,245"/><TextEquiv><Unicode/></TextEquiv><TextEquiv index="1"><Unicode>Hæreat, &amp; mundi ſpermat inane decus.</Unicode></TextEquiv></TextLine><TextLine id="l8"><Coords points="117,276 117,305 718,305 718,276"/><TextEquiv><Unicode/></TextEquiv><TextEquiv index="1"><Unicode>Nam quo mortales quiſquam mage fulgidus inter,</Unicode></TextEquiv></TextLine><TextLine id="l9"><Coords points="146,305 146,334 616,334 616,305"/><TextEquiv><Unicode/></TextEquiv><TextEquiv index="1"><Unicode>Hoc minus eſt magno fulgidus ille Deo</Unicode></TextEquiv></TextLine><TextLine id="l10"><Coords points="328,334 328,360 538,360 538,334"/><TextEquiv><Unicode/></TextEquiv><TextEquiv index="1"><Unicode>Difidendum caduci.</Unicode></TextEquiv></TextLine><TextLine id="l11"><Coords points="643,360 577,360 571,363 397,362 340,364 320,362 295,362 290,360 117,360 117,390 149,390 179,392 643,392"/><TextEquiv><Unicode/></TextEquiv><TextEquiv index="1"><Unicode>An ſapit is preſſus qui fluctibus arripit algam;</Unicode></TextEquiv></TextLine><TextLine id="l12"><Coords points="564,393 221,392 179,393 145,391 145,420 564,420"/><TextEquiv><Unicode/></TextEquiv><TextEquiv index="1"><Unicode>Nec ſolidis nixis littora tuta petit?</Unicode></TextEquiv></TextLine><TextLine id="l13"><Coords points="674,420 594,420 587,422 268,421 152,422 119,420 119,449 191,451 674,451"/><TextEquiv><Unicode/></TextEquiv><TextEquiv index="1"><Unicode>Haud magis ille ſapit, qui vitæ in fluctibus huius</Unicode></TextEquiv></TextLine><TextLine id="l14"><Coords points="600,452 254,451 191,452 149,450 149,478 157,479 413,479 600,481"/><TextEquiv><Unicode/></TextEquiv><TextEquiv index="1"><Unicode>Præponit ſolidis fluxa, miſerque perit.</Unicode></TextEquiv></TextLine><TextLine id="l15"><Coords points="573,482 413,480 192,481 156,479 118,479 118,506 134,506 145,508 573,509"/><TextEquiv><Unicode/></TextEquiv><TextEquiv index="1"><Unicode>Vt fugias igitur tanti diſcrimina ponti,</Unicode></TextEquiv></TextLine><TextLine id="l16"><Coords points="632,508 627,508 619,511 457,509 148,509 148,536 632,536"/><TextEquiv><Unicode/></TextEquiv><TextEquiv index="1"><Unicode>Nec caput iſta minax obruat vnda tuum:</Unicode></TextEquiv></TextLine><TextLine id="l17"><Coords points="756,536 675,535 671,538 663,540 608,541 528,539 110,538 105,537 105,567 108,567 756,569"/><TextEquiv><Unicode/></TextEquiv><TextEquiv index="1"><Unicode>Spemq;, fidemq; agapemq; tene, fluxa omnia linquens.</Unicode></TextEquiv></TextLine><TextLine id="l18"><Coords points="608,569 530,570 146,568 146,596 608,596"/><TextEquiv><Unicode/></TextEquiv><TextEquiv index="1"><Unicode>Has nihil in tabulas vlla procella poteſt.</Unicode></TextEquiv></TextLine><TextLine id="l19"><Coords points="302,599 302,624 586,624 586,599"/><TextEquiv><Unicode/></TextEquiv><TextEquiv index="1"><Unicode>Gaudii ſpiritualu praſtantia.</Unicode></TextEquiv></TextLine><TextLine id="l20"><Coords points="627,627 119,626 119,654 284,656 627,656"/><TextEquiv><Unicode/></TextEquiv><TextEquiv index="1"><Unicode>Sidera qui, nunquam ſpectato Sole, videret,</Unicode></TextEquiv></TextLine><TextLine id="l21"><Coords points="615,659 603,658 145,656 145,682 148,684 615,684"/><TextEquiv><Unicode/></TextEquiv><TextEquiv index="1"><Unicode>Aut etiam quæ dat lumina nocte Soror:</Unicode></TextEquiv></TextLine><TextLine id="l22"><Coords points="643,688 329,687 261,685 115,684 115,711 643,712"/><TextEquiv><Unicode/></TextEquiv><TextEquiv index="1"><Unicode>Nuſquam ſplendidius lumen, nec clarius orbi</Unicode></TextEquiv></TextLine><TextLine id="l23"><Coords points="569,718 558,717 511,717 470,715 315,716 145,714 145,742 403,745 468,744 569,746"/><TextEquiv><Unicode/></TextEquiv><TextEquiv index="1"><Unicode>Quæ præluceret, crederet eſſe facem.</Unicode></TextEquiv></TextLine><TextLine id="l24"><Coords points="673,743 620,743 612,747 114,743 114,770 314,774 673,774"/><TextEquiv><Unicode/></TextEquiv><TextEquiv index="1"><Unicode>Sic quoque qui ſanctæ non ſenſit gaudia mentis,</Unicode></TextEquiv></TextLine><TextLine id="l25"><Coords points="624,778 619,777 142,773 142,801 206,801 313,804 624,804"/><TextEquiv><Unicode/></TextEquiv><TextEquiv index="1"><Unicode>Hæc, caro quæ ſequitur, gaudia vera putat.</Unicode></TextEquiv></TextLine><TextLine id="l26"><Coords points="589,807 575,806 111,803 111,828 122,829 253,832 589,834"/><TextEquiv><Unicode/></TextEquiv><TextEquiv index="1"><Unicode>At qui lætitiam, nouit ſenſitque piorum;</Unicode></TextEquiv></TextLine><TextLine id="l27"><Coords points="648,832 645,832 637,836 539,836 413,833 350,834 252,832 137,832 137,862 648,862"/><TextEquiv><Unicode/></TextEquiv><TextEquiv index="1"><Unicode>Protinus huic mundinil ſapit omnis amor.</Unicode></TextEquiv></TextLine><TextLine id="l28"><Coords points="295,865 295,885 528,885 528,865"/><TextEquiv><Unicode/></TextEquiv><TextEquiv index="1"><Unicode>Mſent oculi ad Deum.</Unicode></TextEquiv></TextLine><TextLine id="l29"><Coords points="601,891 573,891 563,893 110,891 110,917 219,919 254,921 601,921"/><TextEquiv><Unicode/></TextEquiv><TextEquiv index="1"><Unicode>Equora qui fragili ſilcat malefida catinâ,</Unicode></TextEquiv></TextLine><TextLine id="l30"><Coords points="621,924 141,921 141,948 145,950 182,951 189,949 279,949 345,951 621,951"/><TextEquiv><Unicode/></TextEquiv><TextEquiv index="1"><Unicode>Qd, curſum vt teneat, nocte dieq; facit?</Unicode></TextEquiv></TextLine><TextLine id="l31"><Coords points="105,975 129,975 143,977 231,977 363,981 613,982 613,954 460,953 413,951 345,952 279,950 189,950 175,952 145,951 141,949 105,948"/><TextEquiv><Unicode/></TextEquiv><TextEquiv index="1"><Unicode>Peruigil ad cœlum tendit ſua lumina, ſidus</Unicode></TextEquiv></TextLine><TextLine id="l32"><Coords points="638,983 363,982 231,978 143,978 117,976 117,1004 119,1005 202,1008 346,1009 376,1011 638,1011"/><TextEquiv><Unicode/></TextEquiv><TextEquiv index="1"><Unicode>Spectat, &amp; in Boreo iuge quod axe micat.</Unicode></TextEquiv></TextLine><TextLine id="l33"><Coords points="105,1039 116,1039 143,1036 237,1037 376,1041 427,1040 572,1042 581,1047 632,1048 632,1014 549,1012 376,1012 346,1010 105,1007"/><TextEquiv><Unicode/></TextEquiv><TextEquiv index="1"><Unicode>Quiſquis iter vitæ ſequeris, vitæque perennis,</Unicode></TextEquiv></TextLine><TextLine id="l34"><Coords points="535,1043 427,1041 376,1042 237,1038 136,1038 136,1063 535,1063"/><TextEquiv><Unicode/></TextEquiv><TextEquiv index="1"><Unicode>Ne tua ſint terræ lumina fixa caue.</Unicode></TextEquiv></TextLine><TextLine id="l35"><Coords points="579,1067 574,1070 568,1071 352,1071 263,1068 198,1068 105,1064 104,1093 110,1093 115,1096 579,1096"/><TextEquiv><Unicode/></TextEquiv><TextEquiv index="1"><Unicode>Semper at æthereas ſublimi vertice ſedes</Unicode></TextEquiv></TextLine><TextLine id="l36"><Coords points="594,1102 531,1102 484,1100 332,1100 197,1096 136,1097 136,1125 594,1125"/><TextEquiv><Unicode/></TextEquiv><TextEquiv index="1"><Unicode>Conſpice: ſic tutum lætus habebis iter.</Unicode></TextEquiv></TextLine><TextLine id="l37"><Coords points="713,1132 713,1153 764,1153 764,1132"/><TextEquiv><Unicode/></TextEquiv><TextEquiv index="1"><Unicode>r-</Unicode></TextEquiv></TextLine><TextEquiv><Unicode/></TextEquiv></TextRegion></Page></PcGts>