872 1312
362 63 516 84 IACOBI
120 98 695 128 Qu magis ? Phœbo diſtat Soror, hoc mage nobis
145 127 590 157 Fulget: at a ſupera lumine parte caret.
120 157 631 181 Cum vero fratri iuncta eſt, non lucida nobis
146 186 676 217 Illa quidem eſt; ſupero fulget ab orbe tamen.
116 216 608 244 Eſſe Deo quiſquis cupis ergo fulgidus, ipſi
145 245 590 276 Hæreat, & mundi ſpermat inane decus.
117 276 718 305 Nam quo mortales quiſquam mage fulgidus inter,
146 305 616 334 Hoc minus eſt magno fulgidus ille Deo
328 334 538 360 Difidendum caduci.
117 360 643 392 An ſapit is preſſus qui fluctibus arripit algam;
145 391 564 420 Nec ſolidis nixis littora tuta petit?
119 420 674 451 Haud magis ille ſapit, qui vitæ in fluctibus huius
149 450 600 481 Præponit ſolidis fluxa, miſerque perit.
118 479 573 509 Vt fugias igitur tanti diſcrimina ponti,
148 508 632 536 Nec caput iſta minax obruat vnda tuum:
22 515 756 569 Spemq;, fidemq; agapemq; tene, fluxa omnia linquens.
146 568 608 596 Has nihil in tabulas vlla procella poteſt.
302 599 586 624 Gaudii ſpiritualu praſtantia.
119 626 627 656 Sidera qui, nunquam ſpectato Sole, videret,
145 656 615 684 Aut etiam quæ dat lumina nocte Soror:
115 684 643 712 Nuſquam ſplendidius lumen, nec clarius orbi
145 714 569 746 Quæ præluceret, crederet eſſe facem.
114 743 673 774 Sic quoque qui ſanctæ non ſenſit gaudia mentis,
142 773 624 804 Hæc, caro quæ ſequitur, gaudia vera putat.
111 803 589 834 At qui lætitiam, nouit ſenſitque piorum;
106 832 648 862 Protinus huic mundinil ſapit omnis amor.
295 865 528 885 Mſent oculi ad Deum.
110 891 601 921 Equora qui fragili ſilcat malefida catinâ,
141 921 621 951 Qd, curſum vt teneat, nocte dieq; facit?
26 949 613 1019 Peruigil ad cœlum tendit ſua lumina, ſidus
117 976 638 1011 Spectat, & in Boreo iuge quod axe micat.
19 1007 632 1054 Quiſquis iter vitæ ſequeris, vitæque perennis,
136 1038 535 1063 Ne tua ſint terræ lumina fixa caue.
18 1055 579 1096 Semper at æthereas ſublimi vertice ſedes
136 1096 594 1125 Conſpice: ſic tutum lætus habebis iter.
713 1132 764 1153 r-
