872 1312
372 80 540 104 BILLII.
314 118 564 145 Proſperitas mundi infida.
113 143 679 178 Stultus vt eſt, leuibus ventis qui fidit, & vmbræ,
141 174 582 207 Et noctis placidæ ſomnia certa putat;
113 203 693 240 Scribere quique in aquis molitur: ſic quoq; figit
141 233 575 265 Qui ſpes in mundi proſperitate ſuas.
111 263 636 294 Atque ideo in terris firmi nil prorſus vt eſſet,
142 292 626 326 Conſtituit, ſupera qui manet arce. pater.
103 320 662 354 Scilicet vt firmi nihil heic ſtabiliſque videntes,
139 352 596 384 Tendamus celeri ſemper ad aſtra pede.
344 384 540 411 olenda vita aſpera.
108 410 689 440 Lude, bibe, & dapibus ventrem farcire memento:
137 441 637 468 Pallida nam tibi cras mors erit ante fores.
108 470 685 502 Audirem tua dicta libens, ſequererq; monentem;
136 499 611 528 Ni tua mi facerent vltima verba metum.
107 528 666 563 Nam mihi ſi lucem lux craſtina tollet, vt inquis;
138 559 590 591 Sunt aduerſa mihi dicta canenda tuis:
105 587 685 619 Ieiuna ſupplexque preces lacrimaſque profunde:
136 618 654 651 Quandoquidem tibi lux poſtera mortis erit.
282 650 584 675 Animus non ſatiatu re tu.
109 676 683 708 Gaudia qui mundi, qui magnos quærit honores,
134 704 592 736 Et ſequitur falſas, non bene ſanus, opes;
106 735 670 766 Arripit hic vmbram pro corpore, paſcitur aurâ
134 764 598 796 More lupi eſuriem ſtultus alitque ſuam:
106 795 685 824 Namq; adeo eſt generoſa hominis natura, caduci
135 825 562 855 Vt mentem prorſus nil ſatiare queat
108 852 750 887 Quippe Deum præter, nil mentem expleuerit vnquam:
134 881 565 915 Atherei cum ſit numinis illa capax.
317 915 509 941 onſcientiæ bonum.
106 939 594 971 Nil ſibi conſciſcat, qui læta viuere mente,
135 971 627 1004 Atque metu vacuos geſtit habere dies.
107 999 674 1033 Qui probus eſt, nullo qui pallet crimine, cuique
135 1029 625 1058 ntima commiſſum non ferit oſſa ſcelus.
106 1058 649 1091 Ille nec horrendi pauidus tremit ora tyranni,
134 1088 589 1113 Mille nec armatas in ſua fata manus.
108 1117 617 1147 Quinetiam, terræ ſi fractus concidat orbis,
699 1149 774 1175 Obru-
