872 1312
372 76 531 96 rACOT
154 111 598 141 Obruet impauidum vaſta ruina caput.
350 143 542 168 Nota ſiliorum Dei
1 162 644 209 Admouet ad Solem pullos ouis ales, aduneo
154 200 702 230 Vngue tenens ſobolem dum probat ipſa ſuam.
1 210 566 262 Si radios ſpectent illæſolumine, veros
154 257 584 287 Agnoſcit: ſi non, deiicit atque necat.
125 287 685 317 Sic quoque germanæ ſobolis falſæque periclum,
107 317 615 345 thereâ genitor qui manet arce, facit.
124 346 719 379 Nam veros cenſet, qui mentem ad ſidera tollunt:
153 374 655 404 Ad ſpurios, quorum mens grauis ima petit.
388 407 489 426 Adulatio.
125 434 643 463 Non inter cicures palpone nocentior vlla eſt
155 464 631 493 Bellua, nes quæ plus gignat n orbe mali.
124 491 733 521 Vix etenim eſt nullus, cui non per verba propine
155 520 641 549 Quæ mage ſint ipſo dulcia melle, necem.
124 550 627 579 At licet exſtincto coruus ſe corpore paſcat;
155 579 597 605 Corporibus viuis abſtinet ille tamen.
95 608 648 639 Sæuior at contrâ palpo, nece parcit ademptis;
150 636 598 668 At viuos blandis morſibus vſque petit
332 670 548 697 Cor ne adſigatur terræ.
123 695 699 727 Infera quæ volitat, nimiumque ad pabula vergit,
153 724 598 754 Retibus aut viſco protinus hæret auis.
124 754 698 785 Qui nimis eſt ventri, rebus quoque deditus imis,
153 783 649 814 Hnc facile in caſſes pertrahit arte Satan.
124 812 686 840 Si cupis ergo tuam e tanto diſcrimine mentem
151 842 568 873 Eimere, & vitæ conſulis ipſe tuæ.
122 869 687 903 Fac ſemper mens alta petat, ſurſumque feratur:
151 900 540 934 Sic auceps tendet retia vana tibi
282 933 596 960 edere, rissari.
122 957 668 990 n rixis grauibus nonnunquam cedere præſtat,
149 986 607 1020 Quâm nimium niti victor vt eſſe queas.
73 1018 709 1050 Sæpe etenim in luctâ vincit, qui, ludat vt hoſtem,
150 1048 636 1077 Quem præſtare videt robore, ſponte cadit.
118 1075 591 1108 quore turbato præſtat demittere vela,
147 1104 621 1139 Sultitiæ pœnas quam dare morte graues.
735 1137 779 1161 Ee
