872 1312
360 67 530 97 BILLII.
104 113 662 145 Eſſe iuuat facilem, rapidus quod ſæpe nequiuit
131 143 668 169 Africus, hoc Solis, hoc feruidæ flamma facit.
321 176 543 202 Peraorſini.
106 202 694 233 Serpentum nobis dens eſt, mens læua columbæ:
109 232 593 261 Stultitia & pueros, & ſuperamus oues.
104 261 612 290 Et canis eſt morſus nobis, & equina libido:
133 291 610 321 Vt Leo nos furimus ſemper, & inſtar apis.
104 321 620 345 Formicæ ventris non cura eſt maior alendi:
132 352 606 374 Fermenti & veteris nos comitatur acor.
107 377 642 408 Sic innata feris mala nobis cuncta ſuperſunt:
132 408 590 440 Cum bona deficiant inſita cuncta feris.
358 441 476 467 ultus Dei.
103 467 599 497 Sarcina cum ſoleat quæuis oneroſa videri;
133 497 589 521 Sola tamen Chriſti ſarcina corda leuat.
103 526 587 557 Sic auibus leuitas ex pennis naſcitur ipſis:
129 556 639 587 Nedum deprimat has, & grauet iſtud onus.
101 585 633 613 Robora ſic mulis addunt, non parua clitellæ:
128 613 618 644 Hinc etenim melius pondera ferre ſolent
108 641 733 676 Tale iugum eſt Chriſti: nihilo illo lenius vſquameſt:
128 673 581 706 Vtq; laboris onus dulce ſit omne, facit.
256 703 627 732 Animi perturbatio, ſpecies ebrietatis.
99 730 632 763 Ebrietas â me procul eſt hoc dicis in horas
127 765 671 792 Nec nimio eſt vnquam mens mea mota mero,
100 791 619 823 Quid tum, ſi pectus tenet inſaturata cupido,
128 823 508 850 Iræ ſi ratio dat tua victa locum:
101 850 551 882 Si lenibus cauſſis alios inceſſis, erisne
129 880 542 910 Sobrius, exigui lis licet ipſe meri:
99 909 636 939 Sobrius eſſe poteſt, ratio quem deſerit omnis?
126 939 626 969 Nec madida ebrietas, nec mihi ſicca placet.
308 970 574 995 Pecandi aonſaetudo noæia.
99 997 610 1029 Q magis eſt aliquis putei delapſus ad ima,
126 1027 544 1057 Hoc ille os putei ſtrictius eſſe putat.
99 1057 660 1087 Sic etiam, quo quis grauiora in crimina præceps
125 1085 638 1113 Labitur, hoc minus eſt exitus huic facilis.
96 1112 700 1148 Arctius laud vnquam Venerem cum Marte ligauit
699 1141 774 1178 Mu-
