872 1312
370 60 564 88 ACOBI
134 67 175 86 52o
832 90 870 125 c
165 96 647 126 Mulciber, eximiæ cum daret artis opus,
141 125 716 158 Quâm ſunt acta, quibus mala conſuetudo ligare,
831 159 867 184 h
171 155 642 186 Quæ ſemel obſedit pectora, vincla ſolet.
289 186 632 213 Mundana, quomodo contemnenda.
143 212 676 243 Quiſquis ad excel ſi peruenit culmina montis,
163 243 611 272 Iam cuncta ex alto vertice parua putat:
141 272 680 302 Sic quoque Virtutis tetigit qui culmina, parui
169 302 660 332 Iam pretii, quicquid cernit, in orbe, putat.
137 330 691 360 Hiſne igitur vilis mundus, mundique voluptas
169 359 674 388 Sit tibi? vis mundi ſit procul omnis amor?
137 389 651 419 Ante oculos tibi pone Deum ſedeſq; beatas:
164 418 583 447 Sic mundi ſubito fracta cupido ruet.
340 450 581 475 Impiorum labor inuili.
56 474 654 516 Retia dum texit, ſua viſcera perdit Arachne
164 503 554 527 Et ſeſe miſero ſtulta labore necat.
70 524 646 565 Ecquid enim tenues contexit aranea telas?
163 563 585 592 Vt muſcas laqueis implicet ipſa ſuis.
131 593 618 621 Huic igitur, quæ ſe prædæ tam vilis amore
153 621 604 653 Perdit, eum ſimilem dicere iure queas,
131 651 712 684 Quj fluxus dum quærit opes, dum captat honores,
160 683 640 711 Dum quoque delicias expedit; ipſe perit.
358 713 538 741 Gulæ vitperium.
128 738 700 769 Qui ventrem tantum curat, pro Numine ventrem
158 767 607 798 Cenſet, datq; animæ pabula nulla ſuæ
125 796 656 828 Python ici ritu, qui verba ex ventre profundit,
157 825 640 859 Suſque velut viuit, ſus moriturque velut;
124 856 869 888 Truncus is, horrenduq; humano in corpore monſtriet,
150 883 598 916 Prorſus ad immanes dignus abire feras
125 913 688 948 Vtque breui dicam quale inter ſidera quoddam
151 944 567 975 Nomen dici debet hic Acephalus.
381 977 506 1005 Spes piorum.
123 1002 711 1036 Spes mala cuncta leuat, vinumq; educit ab vndis;
148 1032 603 1065 Mellaque de rigidâ pinguia rupe trahit.
118 1062 695 1094 Spes quoque ſancta piis eſt ignea nocte columna,
144 1091 580 1124 Iucus, quæ nullis frangitur icta malis.
712 1128 829 1158 Chri-
