872 1312
309 68 473 89 I LII.
85 100 649 131 Chriſticolæ ſortem populi bis terque beatam,
113 131 582 161 ebus in aduerſis cui datur iſta comesl
85 161 626 191 Hac duce nam quivis lætâ ſubit aſpera mente,
114 191 574 221 Viuit & in mediis vt Salamandra rogis
275 223 535 249 Mndi veluptates breues.
87 249 661 279 Sirenes procul eſte, procul fuge blanda voluptas:
112 279 556 309 Deſine nos cantu perdere velle tuo.
87 308 698 340 Gaudia nam nobis quod primum oſtendis & offers;
116 338 559 361 Id facis, vt miſeris cauſſa ſit iſta necis.
87 368 641 397 Nam velut ex molli nil vnquam excerpitur vuâ,
116 395 561 427 Vi ſemel vt præli fluxerit inde liquor:
88 425 661 455 Sic ſemel vt prælo Mortis caro noſtra ſubacta eſt,
114 456 561 485 Non viret ad luſus poſt rediuiua ſuos.
272 487 551 515 Deus amandus ſuper omnia.
87 514 649 545 Fœmina ſi pulcram capiens a coniuge gemmam,
114 546 616 574 Præ gemmæ nimio ſpernat amore virum;
84 574 631 602 Ecquis erit, qui non hanc exſecretur, & omni,
112 602 617 632 Dignam odio, dignam ſupplicioque putet?
84 632 590 662 Heu, nos iſte notat mutato nomine ſermo,
114 663 577 691 Plenaque perfidiæ pectora noſtra ferit:
85 690 649 719 Innumeris qui dum donis cumulemur in horas,
113 720 576 750 Præferimus danti munera ſumpta Deo.
349 751 469 772 Homo nihil.
83 778 679 810 Ecquid homo eſt? longâ verborum ambage morari,
114 810 668 839 Quid te opus eſt? quid ſit vis homo ſcireenibil.
86 839 662 867 Sed quid? ſi nihil eſt, cur tanti hune ducit, in illo
113 867 520 899 Vt ſua defigat pectora ſancta Deus?
83 897 628 928 Pectora cum figat, ſenſusque ibi, pectus & illic,
112 926 579 955 Eſſe poteſt dici nilne homo iure? nihil.
86 957 663 985 Nil ex ſe niſi puluis homo eſt: ex Numine manat,
111 985 634 1015 Riuus vt ex fluuio, quidquid honoris habet.
268 1017 541 1037 Diii:earum amor nottu.
83 1045 598 1073 Nil præter lacrimas, veniens ad limina vitæ,
111 1074 590 1099 Adfert; nil effert, cum tumulatur homo.
86 1104 609 1135 Quis pectus furor ergo tuum percellit, auare,
713 1133 746 1154 V
