872 1312
389 73 583 95 IACOBI
184 103 676 136 Vt linquenda tibi ſic bona læuus ames?
152 136 751 170 Hæc fuge, quæ ſeruans ab eis ſeruabere nunquam;
184 167 619 196 Serpentemque ſinu parte fouere tuo.
152 195 760 232 Perfidus hineiam iam procul hinc pellatur amicus,
179 224 604 262 Quj fugiente fugit proſperitate ſuos
350 256 552 284 rVus amanti pron.
149 283 661 312 Vt leporem capiat, frigus venator & æſtum,
178 313 634 345 Et ventos, gelidas perpetiturque niues.
149 343 680 372 Augeat vt mercator opes, doctrinaque creſcat,
177 372 644 402 Vt puero, quid non ſentit vterque mali?
149 399 721 430 Quid, niſi amor facit hæc animo perferre libenti,
146 429 648 462 Omnia quæ cunctis reddere prona ſolet?
146 456 659 488 Ergo iuſſa Dei quiſquis nimis aſpera cenſes,
174 486 542 520 Aceuſa frigus pectoris ipſe tui,
376 519 586 548 Bona futura piorum.
144 544 726 588 Cum tuus & prauis Sol luceat atque in eorum,
170 575 668 607 Optime Chriſte, tuus decidat imber agros:
145 602 649 632 Quot bona, ſidereâ iuſtis ſeruentur in arce,
172 633 701 666 Quænam vox hominis, commemorare queat?
128 662 704 696 Oquater atque quater felix, qui Dæmone victo,
170 691 634 719 Tot fruitur ſupero lætus in axe bonusl
139 719 712 751 Quam locus hic feli, Deus eſt vbi nectaris inſtar,
165 748 682 783 Et bibat vſque licet, mens tamen vſque ſitit
322 782 590 809 Ducllum carnis ac ſpiritus.
138 807 733 845 Cum trahit infirmus plauſtrum bos iunctus obeſo,
165 837 579 871 Rumpitur, aut variâ cogitur ire viâ.
137 864 686 900 Quam miſer eſt animi nexus, carniſque rebellis
163 895 655 928 lle leuis, grauis hæc, atque ſubinde ruens.
133 924 678 952 Vt Lephyrus, ſic me mea mens ad littora ducit:
162 955 621 985 At caro me remoræ perſida more tenet.
132 982 753 1014 Quonam ergo hoc monſtrum cenſeri nomine debet
161 1013 616 1047 Centaurus dici, tragelaphuſque poteſt.
335 1047 583 1074 Voluptatum eœitus dolor.
129 1069 704 1107 Non moror hanc, ſuperâ quæ virgo parte videtur,
156 1099 617 1138 Inferiora tamen corporis anguis habet.
749 1139 808 1162 Nil
