872 1312
305 73 467 94 BILLII.
73 106 693 137 Nil moror hunc, triſti qui tempore linquit amicum,
104 139 531 167 Felici adſiduus cui fuit ante comes.
76 165 641 197 Nil moror has epulas, quæ cum arriſere palato,
104 196 650 227 Poſt ſtomachi damnum perniciemque ferunt.
75 227 628 254 Denique, nilnnundi vaniſſima gaudia, quorum
101 255 504 288 Eſſe ſolet finis peſtifer ipſe, moror
221 285 563 313 Pi itæ labor, aſper ignaioribus.
78 315 570 347 Vritur, atq; graui ſolet exclamare dolore,
108 346 659 376 Qui timidam calidoponit in igne manum.
76 373 673 406 Contra, qui pedibus magno terit impete flammam,
106 403 597 435 Hanc necat, & damni ſentit ab igne nihil.
77 434 586 465 Sic capit ignauo rigidos qui corde dolores,
104 463 557 495 Frangitur, & ferri poſſe moleſta negat.
75 491 637 524 At qui magnanimâ complectitur aſpera mente;
104 522 531 555 Aſperitatis ei nil labor vllus habet.
345 552 528 580 Preces animi puri.
76 580 746 613 Cum pectus gratum eſt, tum ſunt quoque munera grata.
104 611 582 642 Viſus Abel primum eſt, poſtea dona, Deo.
76 639 601 672 O quam falluntur, ſua qui iucunda Tonanti
104 669 591 702 Vota putant, cum ſint pectore nata malo
76 699 636 729 Non ſatis eſt ſerti careant quod puluere flores;
105 728 585 761 Pura legentis enim debet & eſſe manus.
77 754 712 791 Sic quoque non ſatis eſt, quod ſint tua vota preceſque,
105 787 600 821 Ni quoque mens pariter ſit ſine labe tuâ
324 825 459 848 Cur pauperes.
71 847 615 877 Cum cunctis elementa Deus donauerit æque,
106 878 532 910 Effigiem cunctis indideritque ſuam:
80 903 687 939 Cum cunctis æque vox ſit data, menſque: redempt
107 936 616 967 Cum fuerint pretio diues inopſque pari:
79 966 588 997 Denique cum cœli ſit ſpes æqualis vtrique;
108 995 568 1026 Noluit hos opibus cur Deus eſſe pares?
81 1027 571 1056 Scilicet vt cœli regnum lucretur vterque
106 1055 601 1085 Dum patitur pauper, diues eumque iuuat.
252 1085 502 1112 Chriſtianæ vitæ perfectio.
80 1109 682 1145 Suſtineo, abſtineo, duo ſunt, qu quiſquis habebit,
695 1141 744 1167 Pe-
