872 1312
434 68 637 92 IACOBI
160 72 203 92 A
186 102 653 130 Perfectos homines inter habendus erit.
157 132 719 167 Hunc ego contulerim forti haud inuitus Aotho,
837 129 870 156 l
187 160 700 195 Vſum quem pariter conſtat vtraque manu.
158 191 701 223 Mancus hic eſt, qui res aduerſas pectore firmo
844 195 870 219 q
190 220 643 253 Suſtinet, at recte proſpera ferre nequit.
156 249 672 282 Fortiter ac qui dura tulit, qui læta modeſt,
185 279 645 305 Huic virtus numeris eſt cumulata ſuis.
835 306 870 335 M
373 313 564 341 Impiorum ſtultitia.
157 337 730 372 Cm veſtes raperet prædo, nummoſque paternos,
186 368 617 400 A ſua ridebat maxima damna puer.
154 397 664 427 At cum etiam efferri puerilia ludicra vidit,
845 403 870 427 I
140 427 646 460 Confeſtim in fletus proruit ille graues.
155 455 668 484 Sic ſunt, qui rident, nec ceſſant ludere, ſæuus
844 466 868 484 u
183 486 624 520 Cum Satanas ipſis non peritura rapit.
152 512 653 549 Aſt ipſis bona ſi rapiat mortalia quiſquam;
842 522 870 543 n
179 543 665 578 In fletum & lacrimas nocte dieque ruunt.
329 585 619 613 Molicitationer
841 584 870 602 lu
150 610 744 647 Vt mundus, ſic ſunt mundi promiſſa: quod ipſe
177 640 721 677 Promittit. fictum eſt, ſictus vt ipſe quoque eſt.
149 670 721 703 Vt Deuseſt, ſic ſunt bona quæ promittit & offert.
810 676 870 708 i
178 700 628 733 Certus vt eſt. certas ſic dare nouit opes.
148 727 682 758 Quâm nos læui igiturl certo non fidimus: illi
840 740 870 767 u
177 758 680 792 Fidimus at contra, quem dare verba iuuat.
147 785 692 820 Sic ſumus huic ſimiles, quem ſpe deludit inani
841 799 870 826 i
175 817 598 850 Perdix, dum pullis conſulit ipſa ſuis.
284 856 646 887 Socordia impiorum circæ ſalute.
791 857 867 882 i
144 886 716 920 Qo premitur ſomno lethargicus, cxcutit illum
174 917 633 952 Si oboles, ægre fert pater, atque gemit.
142 944 675 981 Sic toties, Vigilate, Deus cum clamet in aures,
170 974 575 1007 Vilior eſt nobis vita ſopore tamen.
139 1004 616 1039 Atq; Soporatos ludunt inſomnia rerum,
831 1013 870 1040 ls
167 1033 566 1069 Et falſ ſolidis anteferuntur opes.
831 1040 869 1064 I
140 1062 631 1098 Sicq; Ithaci fumum, veluti Laertius olim,
830 1071 870 1092 Oh
137 1092 585 1131 Præferimus vitæ quæ ſine fine viget.
744 1136 832 1158 Dil-
