872 1312
299 71 461 94 BILLII.
249 110 544 138 Dilatio ſi.luti periruloa.
54 131 652 168 Craſtina qui diffet meliorem in tempore vitam,
100 167 544 199 Quis rece hunc dicat conſuluiſſe ſibi:
54 196 569 229 An qui promiſit veniam, ſi crimina plangas,
94 224 526 254 Craſtina promiſit tempora certa tibi?
54 254 644 286 Qui iger eſt hodie ſupeii ad mandata monatchæ,
97 284 527 316 Ipſius obſequio cras minus aptus cit.
54 308 548 341 Empoij tempus nunc eſt: ſi fuxerit iilud,
92 342 501 373 Poſtea iam nulli quætere lucra licet.
285 384 434 405 Lædens, læderis.
53 407 613 448 Lædere qui tentas alios, quæ mittis in altum,
92 440 569 471 In caput hæerecident aſpera ſaxa tuum,
54 466 532 500 Vrere quo tentas alios, hoc vreris igne;
92 498 529 529 Quodq; paras aliis, hoc peris iſe malo
53 528 601 563 Et velut is qui mixtum alis lethale venenum
91 556 515 589 Inſcius ipſe bibit, fraude periiq; ſuâ
54 586 588 617 Aut cert inſtar apis, quæ cœco rapta furore,
85 614 534 654 Protinus vt ſtimulum fixerit, ipſa perit.
280 658 507 687 Adftictionum effectus.
54 684 563 717 Ad primum epaleis ictum grauis exit ariſta;
53 715 495 743 Excutit at paleam, fortius icta, leuis.
54 744 550 776 At grano quæ ſpica caret, nullo icta flagello
54 774 557 805 Queis tegitur, paleæ linquere vela poteſt.
54 802 589 836 Sic pius aduerſis ictus, mundum illico linquit;
86 832 510 863 Tardius ille, minus qui pietatis habet.
58 861 512 890 Qui vero pietate vacat, non ictibus vllis
86 891 596 924 Et mundum & ſomnum deſeret ille ſuum.
252 935 477 963 Vana impij proſperitas.
54 950 539 988 Vidi ego, qui lætis rerum ſucceſſibus vtens,
54 985 565 1024 Tollebat tumidum ſtultus ad aſtra caput:
54 1015 571 1052 Immemor atq. Dei prorſus rebus q ſecundis
54 1046 467 1079 Ebrius, ætheteas deſpiciebat opes.
54 1072 586 1112 O læuas hominuom mntespectora cœca
54 1105 649 1140 Quam nih cſ, magni quidq. nic orbis habet
674 1144 761 1176 Vx
