872 1312
299 71 461 94 BILLII.
701 82 736 102 s
249 110 544 138 Dilatio ſi.luti periruloa.
1 131 652 168 Craſtina qui diffet meliorem in tempore vitam,
100 167 544 199 Quis rece hunc dicat conſuluiſſe ſibi:
1 196 569 229 An qui promiſit veniam, ſi crimina plangas,
38 221 526 254 Craſtina promiſit tempora certa tibi?
37 254 644 286 Qui iger eſt hodie ſupeii ad mandata monatchæ,
97 284 527 316 Ipſius obſequio cras minus aptus cit.
36 302 548 341 Empoij tempus nunc eſt: ſi fuxerit iilud,
1 343 501 373 Poſtea iam nulli quætere lucra licet.
285 384 434 405 Lædens, læderis.
3 408 646 448 Lædere qui tentas alios, quæ mittis in altum,
92 440 569 471 In caput hæerecident aſpera ſaxa tuum,
2 460 532 500 Vrere quo tentas alios, hoc vreris igne;
92 498 529 529 Quodq; paras aliis, hoc peris iſe malo
34 528 601 563 Et velut is qui mixtum alis lethale venenum
91 556 515 589 Inſcius ipſe bibit, fraude periiq; ſuâ
34 586 588 617 Aut cert inſtar apis, quæ cœco rapta furore,
2 615 534 661 Protinus vt ſtimulum fixerit, ipſa perit.
280 658 507 687 Adftictionum effectus.
1 684 563 717 Ad primum epaleis ictum grauis exit ariſta;
34 715 495 743 Excutit at paleam, fortius icta, leuis.
2 744 550 776 At grano quæ ſpica caret, nullo icta flagello
44 774 557 805 Queis tegitur, paleæ linquere vela poteſt.
1 799 589 836 Sic pius aduerſis ictus, mundum illico linquit;
86 832 510 863 Tardius ille, minus qui pietatis habet.
58 861 512 890 Qui vero pietate vacat, non ictibus vllis
86 891 596 924 Et mundum & ſomnum deſeret ille ſuum.
252 935 477 963 Vana impij proſperitas.
33 950 539 988 Vidi ego, qui lætis rerum ſucceſſibus vtens,
1 986 565 1024 Tollebat tumidum ſtultus ad aſtra caput:
33 1009 571 1052 Immemor atq. Dei prorſus rebus q ſecundis
33 1046 467 1079 Ebrius, ætheteas deſpiciebat opes.
33 1071 586 1112 O læuas hominuom mntespectora cœca
33 1105 649 1140 Quam nih cſ, magni quidq. nic orbis habet
674 1144 772 1176 Vx
