872 1312
356 67 523 89 IACOBI
137 103 714 134 Vix ego tranſieram, cum protinus ora retorquens,
169 132 599 161 Cum fatu hune vidi iam peri ſſe ſuo.
336 163 585 192 Iuſtitia, animæ pabulum.
137 190 718 220 Me miſerum Inamq; omne meos iam deficit artus
168 221 658 249 Robur; & inſolitus pectora languor habet,
137 249 655 280 Aruit vt fœnum mca mens. cur aruit autem?
169 279 572 309 Scilicet oblita eſt vinere pane ſuo.
137 309 737 338 Panis enim, virtus animi eſt, probitas q; fidesque
166 338 649 365 Et quidquid Domini lex veneranda iubet.
136 366 679 396 Hic mentis cibus eſt, hoc pinguis redditur illa:
165 397 700 427 Augentnon minuunt, cetera quæq; famem
335 435 556 462 Ad virtutem pigriti.
136 462 713 491 Sæpe quis inſtituit ſceleratam abrumpere vitam
166 491 547 520 Atq; Dei toto pectore iuſſa ſequi.
120 520 656 550 Sed tamen in vitiis hæret miſer, atq; ſeneſcit;
168 551 671 580 Nec quæ mente frequens patturit, illa parit.
120 577 685 610 Haud aliter quam qui ſomno grauiore ſepultus,
165 608 649 637 Quem tenet, hunc fruſtra deſeruiſſe cupit.
134 636 613 668 At ſi quis clamet; pulſo iam ſurge ſopore;
163 667 650 698 Mox mox iſtud, ait: dormit at vſq; tamen.
334 707 555 734 Impudentia muliebris.
127 732 716 765 Quæ proba dignoſci poſſet, quæ femina nequam,
164 762 644 790 Temporibus priſcis cum nota nulla foret:
131 790 643 822 Id tulit indigne Dominus, nam perfida caſta,
165 819 560 851 Caſtaq; iudicio perfida plebis erat.
132 849 659 882 Errorem hunc igitur tollens his ora pudore
162 878 529 910 Illeuit, quibus eſt cara pudicitia.
131 908 678 942 At quibus eſt ſtudio Veneris ſcelerata voluptas.
162 938 562 970 Fecit vt his toto deſit in ore pudor.
348 979 553 1009 Pugna, & præmium.
132 1004 693 1040 Horrida magnanimi pugiles certamina miſcent
163 1035 656 1069 Vulneraq; intrepido pectore multa ferunt.
131 1064 740 1097 Ruſticus id cernens quia palmæ neſcit honorem
161 1095 663 1128 Expauet, ac miſerum ſtultus vtrumq; putat.
760 1127 790 1151 Sic
