872 1312
284 67 449 91 ILII
67 95 717 136 Sic qoque, aum mundus lacrimas gemitusq; piorum
102 132 523 163 Cernit, eos miſerâ viuere ſorte putat.
66 159 700 196 Cur? quia duntaxat cernit lacrimasque, crucemque:
67 189 580 226 Non, cruce quæ ſanctis conciliantur, opes.
227 224 560 250 Epulæ ſpiritualos miſcendæ alteris.
67 238 599 286 thereis quicumq; epulis & nectare ſancto,
102 280 545 309 Interdum bonitas dat patris alma frui.
66 306 519 342 Hic Cereris faſtidit opes, & dona Lyæi;
100 339 591 370 Tormentiq; dapes haud leuis inſtar habet.
72 366 575 400 Cumq; etiam natura cibos admittere cogit,
98 398 491 425 Expertes epulas non ſinit eſſe Dei.
55 425 669 459 Non menſæ, at ſtabuli digna eſt hæc nomine menſa;
98 456 575 487 Nemo vbi de ſummo verba Parente facit.
267 488 490 515 In pramatur docenter.
55 503 581 545 Concha prius ſeſe liquidis ingurgitat vndis;
98 544 561 577 Tumq; ſuperfuſas plena refundit aquas.
55 574 567 605 At contra exiguos Iatices ſimul atq; canalis
98 603 624 634 Cepit; quam cepit, mox quoq; reddit aquam.
55 630 622 662 Cernimus heu,multos hac tempeſtate canaless
97 661 551 693 Pene etiam vacuo pectore quiſq; docet.
55 691 550 723 At vix inuenias multis e millibus vnum,
101 720 543 751 Qui conchæ ſimilem ſe prius eſſe ferat.
243 752 569 781 Aduerſus humanam ſuperliam.
55 776 583 811 Fine quid eſt noſtro,noſtr quid vilius ortu?
98 810 565 840 Gignimur e ſluxu: vermibus eſca ſumus.
55 835 616 869 At media, ſupreme parens, quam turgida vana
97 867 586 898 Sint faſtu, quiſnam commemorare queat?
55 897 563 929 Quæ tanta in mediis vtriuſq; obliuia finis?
94 927 545 957 Siccine Lethaâ mens tenebratur aquâ?
54 951 611 993 t tibi non ortus tumidum de pectore faſtum
93 986 516 1011 Excutiat, mortis non meditata dies?
261 1017 473 1046 Aduerſus hypocritas.
55 1037 600 1074 Bel erat externe pulcerrimus vndique, & ære
94 1072 569 1103 Tectus: at intus erat nil niſi vile lutum.
55 1098 640 1133 Qui Cutium ſimulat, cum ſit nequiſimus, illum
682 1136 727 1157 Cur
