872 1312
361 73 535 97 IACOBT
136 81 173 101 o
173 111 565 141 Spes fact vt vites excolat agricola.
141 142 667 170 .quoreis animam credat mercator vt vndis;,
837 154 870 180 I
171 170 601 200 Spes facit: vt ſiluas ac loca ſola petat;
140 200 639 228 Atq; adeo inter ſe immanes ſæuiq latrones
837 214 869 245 e
171 229 608 258 Vt pacem teneant, ſpesq; fidesq; facit.
143 258 666 281 Ocœcos animosl Chriſto diffidiimus omnes:
171 287 687 317 Cum tamen inueniat prædo velipſe fidem,
350 325 525 354 Inmi.
99 354 550 386 Veris ego citius ſlores, & ſidera cœli
171 383 662 413 Enumerem, vitæ quam mala cuncta meæ.
140 412 725 443 Corpus enim morbs quatitur, frigetq; caletque
170 441 587 470 Sæpe fames illud, ſæpe premitq; ſitis.
140 470 686 499 Mens quoq; nunc rapitur furiis, atq; æſtuat ira;
171 499 603 527 Nunc timet, aut luſtu debilitata iacet.
138 528 757 560 Quodq; mali caput eſt; tam ſum miſer, vt miſer ipſe
167 556 707 583 Cum ſim, me miſerum non tamen eſſe ſciam-
356 596 554 622 Vita humana mare.
136 623 720 656 Vita, mari eſt ſimilis. namq; vt mare, vita procellas
166 653 693 686 Hæc habet, & ventos naufragiumq; frequens.
134 682 744 716 Nil ſtabile in vitâ, nec in æquore cernitur vnquam
166 711 642 744 Saxa habet, & conchas, vt mare, vita leues.
137 740 654 773 Qui prorſus grauitate carent, rebusq; ſiniſtris
165 771 624 802 Franguntur, conchas hos ego iure voco.
135 798 660 828 At mihi ſunt firmæ rupes, ſunt ſaxa, mouere
152 829 627 862 Quos nequit erecti ſæua procella gradu.
323 869 554 893 Adſlictionum vtilitas,
135 893 757 930 Cur timeam cauſſa eſt, cum ſunt mihi cuncta ſecun
163 924 616 959 Exagitatq, meum nulla procella caput.
132 952 732 991 Namq;, fauor aimius, non eſt fauor; ira ſed ingens
165 981 589 1018 At fauor in magno ſæpe dolore latet
132 1010 577 1046 Ergo cum tanti ſit non doluiſſe pericii,
163 1039 625 1076 Atq, ferat rurſus commoda tanta dolor;
132 1067 699 1107 Sedulus inueniam, ſupplex Pater oro, dolorem:
827 1096 870 1124 M
160 1097 581 1143 ierepperiat, vtt antedol.
728 1142 787 1172 -
