872 1312
352 66 522 90 IACOBI
138 103 709 138 Qid iuuat infectum leprâ color vndiq; candens,
164 134 622 159 Arceat hunc caſttis cum maculoſa lues?
260 165 664 193 Sterilitas terræ fœneratoribus imputanda.
138 193 695 226 Qud tepeant hiemes, æſtiuaq; tempora rurſum
170 223 596 252 Algida ſint, fruges terra negetq; ſuas.
138 252 620 281 Deſine mirari, ſtultasq; explode querelas:
170 282 545 309 Hoc etenim læſi poſtulat ira Dei
141 310 684 341 Nam quia iam nobis ſunt ferrea pectora, reddit
173 341 610 362 Cœlum etiam nobis durius ære Deus.
140 368 732 400 Et quia iam nummos gignunt per fenora nummi,
170 398 569 423 Ante ferax tellus, deſinit eſſe ferax.
316 438 580 466 In peccantes ſpe longæ vita.
143 464 773 495 Eſte procul lacrimæ,procul hinc,procul effuge luctus:
172 495 684 518 Tu mihi blanda Venus, tu mihi Bacche veni.
146 524 687 549 Ad veniam Deus eſt facilis. cum tarda ſenectus
174 555 597 583 Adueniet, recti mens mea carpet iter.
145 584 696 612 Ah miſer, an ſummi quoniam propenſa parentis
176 612 675 638 Ad veniam eſt bonitas, in ſcelus omneruis?
144 642 703 671 Nonne times, ne te ſeram implorante ſalutem
174 672 599 697 Ridea & lacrimas, & tua vota Deus?
306 710 591 740 Impij non agnoſcuni peccata.
147 739 630 769 Exiguas liquido volitantes æthere muſcas
177 769 620 798 Eminus haud ægre lumina ſana vident.
148 798 637 828 Infirmi at nequeunt oculi ſpectare minuta
178 829 712 859 Corpora; quin ægre maxima quæq; notant.
150 856 721 889 Sic quoque, cum ſana eſt, etiam tenuiſſima quæq;
176 887 673 918 Mens hominis, nedum crimina œda, videt.
148 916 636 946 Debilis at lemisq; grauis, vitiisq; laborans,
178 946 658 975 Cernere vix etiam crimina magn poteſt.
385 987 542 1015 De dupliiiugo
148 1012 643 1044 Chriti ferre iugum ſi quis fortaſſe recuſet,
177 1044 648 1074 Ferferer horrendi dæmonis ille iugum.
148 1072 744 1104 Lene ingum eſt Chriſti, certam parit utq; ſalutem:
179 1103 629 1132 At Sygij mentes opprimit hoſtis onus.
752 1135 799 1162 Ego
