872 1312
304 76 466 96 BIILLII.
75 102 604 141 Ergo leuis Chriſti cum ſit, Sathanæq; moleſta
108 142 590 171 Sarcina, quis tantus nos furor vſq; tenet:
75 171 646 207 Qui pœnis emimus pœnas, cum certa quietem
115 201 502 229 Nobis, ſi libeat, ſit paritura quies:?
254 232 475 260 cus circares ſaluti.
75 257 676 294 Noctua nocte videt: tenebras at Phœbus ab orbe
116 289 591 318 Cum fugat exoriens, iam nihil ipſa videt.
75 317 627 348 Huic ſimilem dico, in fictis qui cernit acutum;
115 348 549 376 Rebus at in ſolidis pectora cœca gerit.
75 372 652 407 Qui Chriſtum & Chriſti demens myſteria neſcit;
114 408 524 437 Nil nouit, noſcat cetera quæq; licet.
87 436 669 466 Cetera nam ſcire, & Chriſtum neſcire, fidemque
115 466 660 496 Quid niſ ſtultiuia eſt, fumus & vmbra leus?
256 496 553 525 Impius ne loquatur de diuini.
75 524 663 554 Martia quid loquitur bellorum ignarus & expers?
116 555 623 584 Deq; mari, haud viſum cui mare, cuiq; ratis?
75 584 607 613 Demorbis quid verba facit, qui nulla Galeno
117 612 622 640 Aut etiam Hippocrati tempora nulla dedit?
86 643 571 670 Helluo quid laudat ieiunia? parcus auaros
119 670 592 702 Quid lacerat? Veneri dedita corda, ſalax?
88 700 619 729 Vana quidem ſunt hæc: at multo vanius iſtud,
117 729 549 760 Cum diuina loqui nitimur abſq; Deo.
244 760 552 789 Probus ab mproo non laditur.
89 790 536 819 Corporeo cerni virtus ſi lumine poſlet,
117 819 562 847 Mox eius caperet pectora noſtra decor.
89 847 631 878 Quamq; decore nitet virtus, tam robore pollet:
123 878 539 905 Nam virtute nihil fortius eſſe poteſt.
88 908 567 937 Lædere qui tentat veræ pietatis alumnos,
120 937 582 966 Ingentem ſtuppâ verberat ille rogum.
90 965 581 995 Stuppa iniecta rogo, ſeſe conſumit: at ignis
119 995 542 1024 Maiorem ſtuppa vim moriente capit.
327 1025 448 1054 Eleemoſyna.
91 1054 617 1083 Qui reliquis ſtudeant virtutibus, atq; labore
118 1083 664 1113 Membra premant, homines cernere mille licet.
87 1113 605 1138 Deficit at miſeros hæc vna & maxima virtus,
706 1142 755 1172 os.
