872 1312
346 68 523 91 IACOBI
129 70 171 96 ſB
160 106 554 135 Quâ ſine i alias obtinuiſſe iuuat.
128 134 653 164 Nam qui pauperie preſſis ſe prabet acerbum
159 165 622 192 Cuncta licet teneat, nil tamen ipſe tenet.
124 192 670 223 O quæ ſtultitia eſt l Deus emit ſanguine feruos:
144 225 594 252 Mercari exiguo nos piget ære Deum-.
317 254 543 282 Dolor, comes voluptati.
130 282 717 314 Quem ſcabies vrget, tenet hunc nonnulla voluptas
156 312 607 341 In frictu: ſequitur maior at inde dolor.
128 342 628 371 Quærendis opibus gaudens inſudat auarus:
839 367 870 391 i
141 371 622 402 Qæſitas ſequitur cura, grauisq, metus.
127 400 634 430 Sic quoque, qui molles riſus & gaudia carnis
158 430 670 459 Perſequitur, Liber quem iuuat atque Venus,
126 459 613 487 Huius erit tandem riſus Sardonius; huius
156 487 640 517 Lætifia in luctum deſinet, inque crucem-
240 518 630 546 NXhilerititur, nih:lprapoſterramanti.
128 547 615 576 Vis tibi nil furcs rapiant, nihil vlla tyranni
157 576 686 603 Vis adimat? procul hinc ſit tuus omnis amor.
125 605 636 634 Non pereunte Deo, pereant licet omnia vitæ
155 635 598 664 Commoda, vita licet deſerat ipſa pios;
125 663 722 700 Nil perit his. nam plena manent ea pectora ſemper,
153 694 595 722 Diuinam ietas quæ facit eſſe domum.
125 723 658 752 Qui nunquam in fluxis rebus defixit amorem,
153 752 562 779 Omnibus amiſſis perdidit illenihi.
227 783 623 809 Vt Chriſto fruamur, omna contemnenda.
120 811 627 839 Hunc vt poſſideas, qui poſſidet omnia, curæ
145 839 597 871 Sit tibi poſſideat pectus vt ante tuum.
123 869 631 899 Hunc ſi poſſeſlus tandem poſſederis O quâm
152 899 618 927 Diues eris, quam ſors læta futura tua eſt
123 929 712 959 Ecquid enim ſancte optatur petiturque, quod ille
154 958 698 989 Mlon habeat, Chriſtum pectore quſquis habet?
122 988 641 1017 At pars vt tibi ſit Chriſtus, cenſusque beatus,
149 1018 585 1049 Præter eum nullas expete vanus opes.
350 1050 477 1069 In inidiam.
120 1075 674 1105 Ob tua quâm grauiter plecteris crimina tandem
841 1102 869 1135 S
151 1106 647 1143 nuide, cum bona io nunc aliena premant?
696 1136 870 1167 O miſe- B
