872 1312
329 61 491 84 BILLII.
72 97 581 130 miſerum, euus dolor eſt aliena voluptas:
103 129 616 160 Quoque alius gaudet, ringeris ipſe, bono.
74 159 617 188 Vilneribus quâ nam arte tuis adferre medelam
103 189 572 219 Quis valeat, cum tu vulnera tecta geras?
75 218 543 242 S licet iniſtus liuor, nil iuſtius illo eſt.
103 248 649 278 Namque premens alios, opprimit ante patrem.
277 279 530 307 Velle. agnaſolutis.
73 303 560 335 Prs mihi ſemper erit, ſeruari velle, ſalutis
102 336 566 366 Maxima. ſi cupias, iam prope ſalus eris.
69 365 673 396 Sit mod velle tuum vehemens, & forte, ratumquee
100 396 539 418 Molle etenim lucri nil tibi velle feret.
73 425 658 456 Non vult cuinimium leuis eſt, molliſque voluntas;
104 455 573 483 lmaque qui ſuperis pluris hcbenda putat
69 483 672 512 Qui bene vult, volet hic cœlum cœlumque volendo
101 514 600 540 Fortiter, huic facilis mox llor omnis erit.
211 544 590 572 eiolor & coifeſio.
72 571 699 602 Cum quædam immodicum fundit pars ægra cruorem,
103 602 562 632 Vt medeare malo, vena ſecanda tib eſt.
66 631 642 654 Sic tibi cim clerem minitattur crimira mortem,
104 662 589 691 Numinis inque tuum ian: cadit ia caput;
73 690 555 719 Te frias tuaque in teipſum deſæuiat ira:
104 720 509 749 Sic etenim magni concidet ira Dei.
71 748 615 779 Nam ſeſe excuſat quicunque accuſat; inultum
104 779 564 810 Et ſinit hunc, q ſe non ſinit eſſe, Deus.
239 810 558 829 Peccato miiiè indormiendum.
70 838 592 867 Accepto dormire poteſt cum vulnere corpus,
101 868 510 897 Promittit medicus iam meliora ſibi
72 897 573 926 Aſt alto preitur cum mens grota ſopore,
102 927 611 953 Hic ſopor indicium non leue . ortis hiahet,
72 956 570 983 O pater, o magni dminator & incola cœli,
101 985 552 1014 Ne capiam ſtygio vulnus ab hoſte, caue.
71 1014 602 1044 Autmea ſi forte accipiat mens vulnus ab illo,
100 1044 528 1071 Peſtifer ex oculis diffuge ſomne meis.
230 1073 566 1096 Diabolus terrrnns iihtanti noxius,
66 1099 643 1131 Serpens eſt Satanas: ſerpit reptatque per orbem,
17 1131 555 1175 Reſque per abiectas pectora curua ferit.
