872 1312
345 68 520 90 IACOBI
110 102 612 127 In cœlum ſi mente ferar, nihil ille valebit
141 133 626 161 Non etenim pennas, non habet ille pedes.
110 160 622 191 At ſub delic is tegitur, tegiturque ſub auro;
143 189 555 214 Et ſub mendaci rurſus honorelatet.
113 219 686 249 Cum luxu ſpernamus opes, ſpernamus honores;
144 249 632 280 Nec, qua nos Stygius mordeatanguis, erit.
253 280 645 310 Diabolus per ſiu auertit ab æternis.
114 308 665 341 Magnis te ſpoliat Satanas per parua; lutumque
148 339 601 367 Porrigit, vt gemmas detrahat ipſe tibi.
115 366 671 399 Quid gemmas dico? cœlum tibi ſurripit ipſum,
145 398 601 425 Dum tua porrectâ pectora paſcit humo.
115 426 701 457 Vmbram offert ſpectrumque boni proponit inanis
144 457 586 485 Ante oculos, veras vt tibi demat opes.
115 484 699 515 Ac, velut in ſomnis, rerum phantaſmata monſtrat;
144 513 613 544 Redditus vt luci nudus inopſque gemas.
260 545 632 574 In ſPietati magiſtros mal viuentes
116 571 686 606 Multa quidem internâ multi de pace loquuntur,
146 601 688 634 Cum tamen in medio pectore bella gerant:
115 632 649 660 Ouamque piæ menti Chriſtus ſit dulcis, at illi
142 660 636 691 Interea haud guſtu, quod docuere tenent.
116 691 646 724 Mercurii rectum callem tibi monſtrat imago:
147 721 642 747 Quam tamen oſtendit, non tenet ille viam.
118 748 632 780 Huic ſtatuæ ſimilem pietatis iure magiſtrum
146 779 600 812 Dixero; cui pietas nil tamen ipſa ſapit.
292 810 616 840 Deus nobis, quod cariſimum eſt.
118 837 629 868 ILurconi venter Deus eſt, ac nummus auaro;
150 866 618 898 Et, cui ſunt veneris gaudia prima, Venus.
118 897 666 929 Huic Honor, & vero Deus eſt pro numine fama,
150 926 670 954 Quem famæ exſtimulat non ſatianda fames.
121 956 598 986 Cui nimio Chriſtus ſtudii vileſcit amore,
149 986 635 1013 An non is ſtudium Numinis inſtar habet?
119 1015 767 1053 Denique quod Chriſto quiſquam plus quærit amatque,
147 1045 649 1078 Nonne ſibi ſummum Numen id eſſe putat.
303 1077 602 1105 Charitas character hriſtiani
118 1101 601 1139 Serica cm ſpectas indutum pallia regem,
