872 1312
347 69 508 90 BILLII.
111 104 639 135 Qu regem agnoſcas, non tamen inde liquet.
82 135 608 165 At caput eximio cinctum diademate cernens.
113 165 598 195 Regis habes certum iam, diadema, decus.
76 193 635 223 Non mihi Chtiſticolas ieiunia longa, laborque,
116 224 682 252 Non mihi cum lacrimis vota preceſque notant.
88 252 682 282 Chriſticolam eſt aliud ſignum quod prodat aperte?
117 283 576 312 Chriſticolas veros exptimit vnus amor.
290 314 545 343 Defallacia vitæ praſentis.
88 340 627 371 Vita, breuem ſe dicit & eſ cum tempora luxu
117 371 633 402 Tranſigimus, cum nos vina venuſque iuuant.
88 400 581 430 Atlongam falſo licet id ſe fingit aitque,
118 432 611 459 Ponere cum vitiis mens cupit atra modum.
87 459 617 489 Sic miſeros fallax homines deludit vtrimque;
118 489 601 518 Dum longam ſeſe clamat, & eſſe breuem.
91 518 756 548 Qui putat eſſe breuem, breuis huic quoq; vita futura e.
120 548 652 577 Qui longam huic citius, quam putat, ipſa fluet.
247 579 600 606 Verus ſapiens, & veru malus, qui.
93 607 627 637 Quis mihi ſit dignus ſapientis nomine, quæris?
125 637 558 666 Accipe: cui virtus iam ſapit, illeſapit.
93 666 644 696 Mille etenim videas, quibus eſt cariſſima virtus,
94 695 591 723 Nec tamen his virtus dulce perinde ſapit.
95 725 597 754 Quæris item, dici quis poſſit iure malignus.
125 755 557 784 Scilicet is vitii quem ſapor ipſe iuuat.
97 784 589 814 Nam rapit in vitium multos inſana libido,
118 815 543 843 Non ſapor, & vitii pernicioſus amor.
296 844 566 872 Animæſtudium negligitur.
97 871 644 902 Vt t ager melior, melior domus, optima vitis,
128 902 626 932 Vt pecus, vt melior. bos ſit equuſque tibi:
100 931 647 961 Quid non ærumnæ, quid non capis ipſe laboris?
129 960 599 990 Quantus in his ſtudiis ſudor abore luit?
102 989 636 1019 Omiſer, Phrygio dementior atque Chorebo,
130 1020 573 1048 Quæ tibi ſupplicii crux ſatis vlla ferat?
104 1047 636 1077 Qui cum nil ſtudii, vt tua ſint meliora, recuſes,
132 1078 535 1105 Vt meliorfias, niltamen iple facis.
338 1108 520 1131 Iniuria deridenda.
730 1134 774 1164 Qus
