872 1312
257 65 621 96 IACIBILILII
111 64 148 90 B
829 93 870 126 æ
105 102 573 133 Qui læſus ruit infurias, atque æſtuat irâ,
140 133 672 162 Vindictæque grauis quem ferus vtget amor,
107 161 694 190 Paruulus eſt; paruos animos namque ultio prodit,
140 191 543 220 Iræ quæ comitem le dare læta ſolet.
110 220 664 248 At qui vindicta ſtudium premit omne, ſitimque;
142 249 679 279 Magnus hic, & magnum dignus habere decus.
106 279 571 309 Qui ver læſus gaudet lucroque dolores
140 308 647 338 Deputat, huic tribuilaus ſatis ampla nequit.
295 339 577 367 D vonam, vt & impetres.
108 366 643 395 Multa tibi debet Titius; ſed tu quoque debes
138 396 613 427 Multa Deo: ſi des, mox tibicnncta dabit.
105 427 612 455 Si repetis, repetet ſi durus ea, illerogantem
137 456 545 484 Abiiciet, fuſas obtere atque preces.
6 484 655 528 In reliquis exempla tibi namque omnibus ille
135 512 714 542 Præbet: at heic ſcquitur, quod prior ipſe facis.
67 534 687 574 Vtque ſolet ſpeculum, quas cepit. redereformas;
134 573 571 600 qua ita lanx lancidia ſutura tua eſt.
318 603 538 631 Eccleſia noneetitur.
105 630 664 660 Qui tibi bella mouet, genitrix ſantiſſima, non te
134 661 572 690 Lædit, atipſe ſuum traiicit enſe caput.
104 690 673 719 Calce ferit ſtitoulum nam ſo miſer ipſe cruentat;
134 720 600 748 Quæ putat ſtimulo ſe dare damna, capit:
100 749 628 778 tque eadem patitur quæ rupi alliſa procella.
134 778 572 807 Alluitur rupes: frangitur vndaminax
102 808 615 836 Fortior es cœlo: cœlumque & terra peribit
130 836 630 865 At tu, ſponſa Dei, tempus in omne mones:
233 867 602 897 Quid credendum de vitſcelrati.
102 896 631 926 In vitiis animum quiſquis ſine ftonte volutat
132 926 588 955 Omnibus & latum carpere gaudet iter;
55 950 600 981 Hic ſi iudicium extremum ſe credere dicat;
131 984 563 1013 Credere tu fugias: verba dat illetibi.
98 1013 716 1046 Quiſquis enim credit, metuit. quis namque tribunal
126 1043 562 1072 Iudicis ætherei cogitet abſque metu?
99 1071 585 1102 Quod ſi ſe rurſum dicat, iuretque timere;
128 1101 634 1133 Verba dat hcic iterum: qui timet, illecauet.
674 1137 757 1166 -
