<?xml version="1.0" encoding="UTF-8" standalone="no"?><PcGts xmlns="http://schema.primaresearch.org/PAGE/gts/pagecontent/2019-07-15" xmlns:xsi="http://www.w3.org/2001/XMLSchema-instance" xsi:schemaLocation="http://schema.primaresearch.org/PAGE/gts/pagecontent/2019-07-15 http://schema.primaresearch.org/PAGE/gts/pagecontent/2019-07-15/pagecontent.xsd"><Metadata><Creator/><Created>2022-04-08T13:48:18</Created><LastChange>1970-01-01T00:00:00</LastChange><Comments/></Metadata><Page imageFilename="0565.png" imageHeight="1312" imageWidth="872"><TextRegion id="r1" orientation="0.0" type="paragraph"><Coords points="1,1 870,1 870,1310 1,1310"/><TextLine id="l1"><Coords points="257,65 257,96 621,96 621,65"/><TextEquiv><Unicode/></TextEquiv><TextEquiv index="1"><Unicode>IACIBILILII</Unicode></TextEquiv></TextLine><TextLine id="l2"><Coords points="573,133 573,102 105,102 105,133"/><TextEquiv><Unicode/></TextEquiv><TextEquiv index="1"><Unicode>Qui læſus ruit infurias, atque æſtuat irâ,</Unicode></TextEquiv></TextLine><TextLine id="l3"><Coords points="140,133 140,162 672,162 672,133"/><TextEquiv><Unicode/></TextEquiv><TextEquiv index="1"><Unicode>Vindictæque grauis quem ferus vtget amor,</Unicode></TextEquiv></TextLine><TextLine id="l4"><Coords points="694,161 547,163 450,162 330,164 107,161 107,190 694,190"/><TextEquiv><Unicode/></TextEquiv><TextEquiv index="1"><Unicode>Paruulus eſt; paruos animos namque ultio prodit,</Unicode></TextEquiv></TextLine><TextLine id="l5"><Coords points="543,192 326,193 140,191 140,220 543,220"/><TextEquiv><Unicode/></TextEquiv><TextEquiv index="1"><Unicode>Iræ quæ comitem le dare læta ſolet.</Unicode></TextEquiv></TextLine><TextLine id="l6"><Coords points="664,220 448,222 110,221 110,248 664,248"/><TextEquiv><Unicode/></TextEquiv><TextEquiv index="1"><Unicode>At qui vindicta ſtudium premit omne, ſitimque;</Unicode></TextEquiv></TextLine><TextLine id="l7"><Coords points="142,249 142,279 679,279 679,249"/><TextEquiv><Unicode/></TextEquiv><TextEquiv index="1"><Unicode>Magnus hic, &amp; magnum dignus habere decus.</Unicode></TextEquiv></TextLine><TextLine id="l8"><Coords points="568,308 571,307 571,280 106,279 106,309 472,309"/><TextEquiv><Unicode/></TextEquiv><TextEquiv index="1"><Unicode>Qui ver læſus gaudet lucroque dolores</Unicode></TextEquiv></TextLine><TextLine id="l9"><Coords points="647,308 472,310 140,309 140,338 647,338"/><TextEquiv><Unicode/></TextEquiv><TextEquiv index="1"><Unicode>Deputat, huic tribuilaus ſatis ampla nequit.</Unicode></TextEquiv></TextLine><TextLine id="l10"><Coords points="295,339 295,367 577,367 577,339"/><TextEquiv><Unicode/></TextEquiv><TextEquiv index="1"><Unicode>D vonam, vt &amp; impetres.</Unicode></TextEquiv></TextLine><TextLine id="l11"><Coords points="643,366 408,368 108,366 108,395 643,395"/><TextEquiv><Unicode/></TextEquiv><TextEquiv index="1"><Unicode>Multa tibi debet Titius; ſed tu quoque debes</Unicode></TextEquiv></TextLine><TextLine id="l12"><Coords points="138,396 138,427 613,427 613,396"/><TextEquiv><Unicode/></TextEquiv><TextEquiv index="1"><Unicode>Multa Deo: ſi des, mox tibicnncta dabit.</Unicode></TextEquiv></TextLine><TextLine id="l13"><Coords points="612,455 612,427 105,427 105,455"/><TextEquiv><Unicode/></TextEquiv><TextEquiv index="1"><Unicode>Si repetis, repetet ſi durus ea, illerogantem</Unicode></TextEquiv></TextLine><TextLine id="l14"><Coords points="137,456 137,484 545,484 545,456"/><TextEquiv><Unicode/></TextEquiv><TextEquiv index="1"><Unicode>Abiiciet, fuſas obtere atque preces.</Unicode></TextEquiv></TextLine><TextLine id="l15"><Coords points="104,511 133,511 162,513 655,513 655,484 105,484"/><TextEquiv><Unicode/></TextEquiv><TextEquiv index="1"><Unicode>In reliquis exempla tibi namque omnibus ille</Unicode></TextEquiv></TextLine><TextLine id="l16"><Coords points="683,512 680,512 674,514 135,513 135,541 139,542 683,542"/><TextEquiv><Unicode/></TextEquiv><TextEquiv index="1"><Unicode>Præbet: at heic ſcquitur, quod prior ipſe facis.</Unicode></TextEquiv></TextLine><TextLine id="l17"><Coords points="683,543 139,543 105,541 105,571 410,572 424,574 611,572 614,574 687,574 687,553 683,553"/><TextEquiv><Unicode/></TextEquiv><TextEquiv index="1"><Unicode>Vtque ſolet ſpeculum, quas cepit. redereformas;</Unicode></TextEquiv></TextLine><TextLine id="l18"><Coords points="571,573 455,575 424,575 410,573 134,573 134,600 571,600"/><TextEquiv><Unicode/></TextEquiv><TextEquiv index="1"><Unicode>qua ita lanx lancidia ſutura tua eſt.</Unicode></TextEquiv></TextLine><TextLine id="l19"><Coords points="318,603 318,631 538,631 538,603"/><TextEquiv><Unicode/></TextEquiv><TextEquiv index="1"><Unicode>Eccleſia noneetitur.</Unicode></TextEquiv></TextLine><TextLine id="l20"><Coords points="664,630 503,630 393,632 315,632 278,630 105,630 105,660 664,660"/><TextEquiv><Unicode/></TextEquiv><TextEquiv index="1"><Unicode>Qui tibi bella mouet, genitrix ſantiſſima, non te</Unicode></TextEquiv></TextLine><TextLine id="l21"><Coords points="134,661 134,690 572,690 572,661"/><TextEquiv><Unicode/></TextEquiv><TextEquiv index="1"><Unicode>Lædit, atipſe ſuum traiicit enſe caput.</Unicode></TextEquiv></TextLine><TextLine id="l22"><Coords points="105,719 673,719 673,690 105,689"/><TextEquiv><Unicode/></TextEquiv><TextEquiv index="1"><Unicode>Calce ferit ſtitoulum nam ſo miſer ipſe cruentat;</Unicode></TextEquiv></TextLine><TextLine id="l23"><Coords points="134,720 134,748 600,748 600,720"/><TextEquiv><Unicode/></TextEquiv><TextEquiv index="1"><Unicode>Quæ putat ſtimulo ſe dare damna, capit:</Unicode></TextEquiv></TextLine><TextLine id="l24"><Coords points="628,749 100,749 100,778 628,778"/><TextEquiv><Unicode/></TextEquiv><TextEquiv index="1"><Unicode>tque eadem patitur quæ rupi alliſa procella.</Unicode></TextEquiv></TextLine><TextLine id="l25"><Coords points="572,779 389,780 152,778 134,779 134,806 145,807 330,807 338,804 359,807 572,807"/><TextEquiv><Unicode/></TextEquiv><TextEquiv index="1"><Unicode>Alluitur rupes: frangitur vndaminax</Unicode></TextEquiv></TextLine><TextLine id="l26"><Coords points="615,808 427,810 373,808 102,808 102,836 615,836"/><TextEquiv><Unicode/></TextEquiv><TextEquiv index="1"><Unicode>Fortior es cœlo: cœlumque &amp; terra peribit</Unicode></TextEquiv></TextLine><TextLine id="l27"><Coords points="630,837 458,839 322,836 130,837 130,865 630,865"/><TextEquiv><Unicode/></TextEquiv><TextEquiv index="1"><Unicode>At tu, ſponſa Dei, tempus in omne mones:</Unicode></TextEquiv></TextLine><TextLine id="l28"><Coords points="602,895 602,868 255,867 251,869 249,873 233,874 233,897 552,897"/><TextEquiv><Unicode/></TextEquiv><TextEquiv index="1"><Unicode>Quid credendum de vitſcelrati.</Unicode></TextEquiv></TextLine><TextLine id="l29"><Coords points="631,896 552,898 306,897 285,899 237,899 221,898 216,896 102,896 102,923 170,923 194,925 283,923 299,926 631,926"/><TextEquiv><Unicode/></TextEquiv><TextEquiv index="1"><Unicode>In vitiis animum quiſquis ſine ftonte volutat</Unicode></TextEquiv></TextLine><TextLine id="l30"><Coords points="588,928 132,926 132,951 138,952 224,955 588,955"/><TextEquiv><Unicode/></TextEquiv><TextEquiv index="1"><Unicode>Omnibus &amp; latum carpere gaudet iter;</Unicode></TextEquiv></TextLine><TextLine id="l31"><Coords points="600,957 436,955 224,956 113,952 94,950 91,950 91,981 600,981"/><TextEquiv><Unicode/></TextEquiv><TextEquiv index="1"><Unicode>Hic ſi iudicium extremum ſe credere dicat;</Unicode></TextEquiv></TextLine><TextLine id="l32"><Coords points="131,984 131,1013 563,1013 563,984"/><TextEquiv><Unicode/></TextEquiv><TextEquiv index="1"><Unicode>Credere tu fugias: verba dat illetibi.</Unicode></TextEquiv></TextLine><TextLine id="l33"><Coords points="716,1013 610,1013 604,1016 229,1015 200,1013 98,1013 98,1044 117,1042 159,1041 267,1044 716,1046"/><TextEquiv><Unicode/></TextEquiv><TextEquiv index="1"><Unicode>Quiſquis enim credit, metuit. quis namque tribunal</Unicode></TextEquiv></TextLine><TextLine id="l34"><Coords points="562,1046 267,1045 221,1043 126,1043 126,1069 131,1070 212,1072 562,1072"/><TextEquiv><Unicode/></TextEquiv><TextEquiv index="1"><Unicode>Iudicis ætherei cogitet abſque metu?</Unicode></TextEquiv></TextLine><TextLine id="l35"><Coords points="585,1076 578,1075 320,1074 99,1071 99,1102 153,1099 285,1102 585,1102"/><TextEquiv><Unicode/></TextEquiv><TextEquiv index="1"><Unicode>Quod ſi ſe rurſum dicat, iuretque timere;</Unicode></TextEquiv></TextLine><TextLine id="l36"><Coords points="634,1105 629,1107 582,1107 531,1104 395,1104 128,1101 128,1133 634,1133"/><TextEquiv><Unicode/></TextEquiv><TextEquiv index="1"><Unicode>Verba dat hcic iterum: qui timet, illecauet.</Unicode></TextEquiv></TextLine><TextLine id="l37"><Coords points="665,1174 665,1127 783,1127 783,1174"/><TextEquiv><Unicode/></TextEquiv></TextLine><TextEquiv><Unicode/></TextEquiv></TextRegion></Page></PcGts>