872 1312
270 170 564 198 BELLOVAC.
280 212 565 241 Epitaphium Petro Ronſardo.
83 246 582 304 ADſta, Viator, ni piget, & hæc perlege:
129 276 692 307 Dum pauca legis heic multum odorum colliges.
88 305 600 336 Ronſardus etenim flos poetar heic ſiſtu ſt.
90 337 483 367 Quis ille fuerit, litteratus dat ſilex,
91 366 557 395 Suopte ſcripſit ipſe quem cœlo, indicans
85 396 530 426 Suâ Camœnas morte, dare mortalium
91 426 507 454 Nſi nominis perennitatem nemini.
90 455 540 484 Aſt illæ amœno matris in ſinu hoſpitæ,
89 484 553 513 Nati oſſa propriâ conlocauerunt manu;
90 513 523 544 Lauruſque, vati vi ſuo ſuperſtites,
90 543 568 574 Panxere ſimul, has vt tepens foueat cinis
91 572 556 600 Quid ſi ſe humari & iuſſerint, grati vt ſiet
88 601 539 631 Spes nulla reditus ſæculo ingratiſſimo?
291 631 540 653 In amores Iacobi Cortinii.
92 660 662 691 Quæ Dea, quam cygni tollunt ſuper aſtra iugl,
122 690 630 720 Vndique cui roſeo membra colore micant?
75 717 710 750 Bella atquealma Venus. Quiſnam puer ille? Cupido
120 749 518 779 Qui tua colla ſuo ſuhdidit imperio.
90 778 633 810 Quid etecta eius facies? per aperta videntem
109 808 554 836 Pitorem & vatera te cupit eſſe ſuum.
85 837 575 869 Cur Cytherea ſuo curruconiunxit olores?
121 867 575 896 Illa ſuos vates ſe quoque habere notat;
99 897 696 928 Teque vnum inprimis molli qui carmine Amorem,
120 926 627 949 Et Venerem, & Charites, docte Iacoe, canis.
92 954 694 985 inc Venus, & Veneris natus, Chariteſque venuſtæ
122 985 571 1016 qua tuo capiti myrthea ſerta gerunt.
91 1013 721 1045 Macte igitur: tibi iuſſit Amor iam occurrere Phebum.
122 1044 613 1071 Nam ſunt vnanimi Phœbus Amorque Dii.
75 1071 646 1104 Ipſe etiam iam iam volucrum pars explicat alas,
119 1102 619 1139 Queis ublime tuum nomen in aſtra ferant
715 1130 753 1154 A
