872 1312
326 69 531 92 CLAVDI
325 108 552 134 Ad Ianum Boneſium.
104 134 442 162 Sic verum fateare, ſic amabo
104 165 448 194 Iane, mi fateare vel roganti,
106 194 534 223 Tuum vt ſponte tui arguunt amorem
104 223 444 252 Verſus aureoli venuſtulique.
105 253 514 279 Ten tota aureola & venuſtula illa,
104 283 515 307 Forma um vnio Pancharillula illa,
105 311 433 341 Iila cæſiolis micans ocellis
104 341 476 369 Ila amabilis atque amica ſi fas
104 369 504 399 Pæto ex lumine ſuſpicari amorem
107 399 483 429 Tuis ipſa etiam obligata vinclis,
107 429 481 458 Grato carcere diſtinet, ligatque
105 458 450 487 Viuis bella puella te cathenis
106 487 452 514 Quis non inuideat beatitatem
105 515 413 545 Illam, ſi liceat tuos lepores
105 545 423 574 Ruptos aſſidua oſculatione
105 575 480 604 ELius humidulæ innatare linguæ,
105 602 482 634 Diſertæque citæque, flexilique?
146 633 541 664 Atme blæſula nec pudet fateri
105 663 520 691 Condit languidulum Melina melle,
105 693 465 721 Illa languidulæ Melina linguæ.
109 721 456 743 Et cum Muſa mihi facetiarum
105 749 541 780 Spirat quid, ſubito in ſinum recondit.
104 780 477 810 At ſi mi quoque iam ſororiantes
104 810 522 840 Paulum iam, pateant manu papillæ,
105 839 436 867 Si porgat ſitientibus labellis
107 868 385 896 Oris oſcula delicatioris,
105 898 508 928 Vna & nectareos propinet hauſtus,
107 928 526 958 Quis non inuideat tibi mihique,
105 956 502 981 Iane, illam aureolam beatitatem?
107 985 545 1016 Sed quam non potes inuidere nobis,
106 1016 536 1046 Quam non ipſe tibiinuidere poſſum:
105 1045 501 1073 Bella Panchari, bella ſi Melina es,
108 1074 604 1106 Si quantum pote amare vtrumque amatis.
165 1104 582 1138 Cteriinuideant & vſque & vſque:
718 1139 777 1176 os
