872 1312
1 33 44 52 q
330 78 532 100 CLAVDII
236 114 641 146 Stephano Paſchaſio, ae ulice Rupel.
110 142 533 171 Quid vos Orphea, & arbores ſecutas.
112 172 448 200 Lyræ melliluæ ſonum Poetæ
830 195 869 214 l
110 202 467 225 Laudatis veteres refertur ille
111 231 522 257 Quid vobis numeroſus ille Arion?
111 260 549 289 Quid Thebanæ opifex canorus vrbis?
111 289 453 319 Quid & femineo negata ſexu
109 319 484 349 Tu miracula vis rererre Saphus,
109 346 527 378 Paſchaſi, ambroſiæ Deûm miniſter?
109 377 502 407 upella, aut potius Rubella ſ fas
111 407 585 438 Tam notum hac variare parte nomen
111 435 418 466 Illa nobilis & ſagax puella,
108 465 496 491 Nais docta Clarij, Rubella bella,
109 493 545 523 Quidquid eſt hominum vetuſtiorum,
108 523 558 552 Quidquid eſt hominum venuſtiorum,
108 552 517 586 Quidquid & muliebris eſt honoris,
106 582 484 614 Formâ, moribus, eruditione;
108 609 539 638 Illainquam, vnica vel Rubella vincit.
165 640 563 672 Sed me forma prius, priuſq; ciines
105 668 567 698 Illi. qui Aſſyrium exprimunt amomum,
105 698 514 724 Sirant balſama & Indicos odores,
104 728 571 760 Longis quidquid Arabs vehitq; ab oris;
104 758 496 789 Quos vellet ſibi contigiſſe Cyvpris,
104 786 513 817 Quos fila aurea cenſeas Mineruæ;
103 817 492 847 Irretita meum cor atque ocellos,
105 846 492 875 Gratis nexibus & ligant & vrunr.
162 874 553 908 Illa frons niuea, æmula atq; lactis,
102 902 444 933 Perfuſa & Tyrio cutis colore,
102 933 492 958 Pætuli &, Veneris faces, ocelli
102 963 518 995 Totum me illicibus necant rapinis.
159 991 479 1021 Iſthæc labra fauis ſuauiora,
99 1020 492 1055 Hyblæiſque thymis, mihi roganti
99 1050 453 1080 Si dent oſcula delibuta melle,
99 1079 457 1112 Dulci nectare duſciora lo ge,
97 1107 470 1138 Et ſinantia cie odorem earum
705 1158 764 1189 Qs
