872 1312
345 68 567 91 CLAVDII
120 104 462 129 Victo littore, & alueis relictis:
121 134 454 163 Sic amne irriguo elocutionis
120 162 485 191 Vis, Briſſo, ingenii tui perennis,
119 193 499 221 Arcto nulla potis teneri in alueo,
120 221 537 251 Neglectoque ſinu, aiduum vagatur
120 251 513 280 Per Legum ac Sapieniæ cacumen.
180 280 537 304 Sed vt fluminis æſtuantis vndæ
120 310 472 338 Arua depopulantur, & coloni
120 338 516 367 Tota ſpus ſubitis perit ſub vndis,
121 367 513 398 Fame pon ſequente quæ repoſtis
120 397 462 419 Per vicinia ſola creſcit aruis:
121 426 563 457 At non ſic mala, damna nec ſequuntut
121 456 448 484 .terna ingenii tui fluenta.
122 484 535 513 Quin quanto vberius fluunt, beatos
123 514 536 545 Nos tanto efficies magis, magiſque
122 543 437 572 Flaueſcet ſeges eloeutionis.
179 573 731 603 Ad conuentum Pictoicorum præfectos chile Har-
300 603 604 626 læum & Hectorem Marlæum.
123 631 689 661 Hactenus indomitis ſtimulata Licentia ſlammis,
151 660 627 692 Per mores, ſocio eſt Marte vagata bonos:
123 690 658 721 Quæ iuſtum iniuſto miſcet, pacemque duello;
153 719 608 748 Confunditque vno fanda nefanda loco.
122 748 620 775 Iam Themidis ſacras ædes fædauit, vt inde
152 775 600 807 Exſulet ipſa ſuo cum Ioue ſancta Dice.
122 807 637 839 Deliciæ aſt hominum cædes, vſuraque dulcis,
152 836 572 865 Iam ſpeciem recti promeruere luero.
122 865 685 899 Huic Aquilii lex ſancta, huic lex Cornelia ceſſit;
154 894 554 925 Ceſſit & indignis Iulia victa malis.
121 925 713 960 Pro Lege eſt, quod cuique lubet : non tutus vbique
149 953 558 984 Iudex, non tutum iudicis officium.
122 982 745 1018 Sed mage Pictonicum furia eſt bacchata per orbem,
150 1013 568 1045 Ex quo ceſſuuit tempore pacis opus,
120 1041 700 1075 Heic ſcelerum ſedes, heic vera eſt Troia malorum,
148 1071 564 1101 Atque decennali longior illa malo.
119 1101 664 1134 Iupiter,, indignum cernens ſine lumine lumen,
714 1138 786 1162 Diru
