872 1312
365 69 612 95 t. vDoVICI
100 80 181 104 G
168 110 541 135 Et toto nobis æthere cuiſus erat.
139 138 653 169 Sed viſco & laqueis ars nos humana fefellit;
171 169 631 198 Et modo libetas carcere clauſa graui eſt.
140 198 566 228 Triſtia captiuo ſolamur tædia cantu;
170 228 576 250 Et vobis noſtro eſt læta canore dies,
143 256 677 285 orſitan & geminus dum nos cantare putatis;
172 285 624 314 Nec miſeret noſtri vos aliquando mali
141 314 711 342 Cantantem audiuit Mors Orphea vicit & ipſam:
170 345 613 368 FIebundo infernas mouit & ore Deas.
142 373 701 398 Sed ſurdas hominum fruſtra clamamus ad aurese
172 401 634 431 Nulla piam redimit Muſica vocis auem.
143 431 637 460 Vana diu nobis ſpes heu, promſit, hiantem
175 461 642 489 Carceris anfractum, quA raperemus iter,
144 490 634 514 Ferrea ſed celeres turris circumuenit alas,
174 518 617 547 Rima peroptatæ nec patet ampla fugæ.
144 548 695 576 Vobiſcum nobis moriendum eſt. ergo precamur
173 578 679 601 Grana famem vincant, vincat & vnda ſitim.
478 663 790 683 I
145 664 799 703 2I M.
350 714 594 740 Tulex ad L. Binetum.
145 739 647 781 on ſacerdos ipſa dicat Pythia,
146 779 622 808 vlla eſt, Binere, in Pu icem Cupidinis
145 809 567 838 Mutatio hæc. ſolos in ignanos parat
144 839 594 867 Amor ſagittas, Dæmon haud ſictitius;
144 868 597 897 At quod, Puellæ encomiaſtæ & Pulicis
144 897 553 927 Efferre doctis moliuntur verſibus.
145 927 596 955 Viris negata ſunt Bonæ ſacra hæc Deæ.
144 955 568 985 Narra, o puella pulice icta, quid ſiet?
147 985 533 1014 Sic cum iugali te alligarit nodulo
144 1015 597 1043 Mater tenellorum Cypris Cupidinum,
145 1044 553 1071 Morſu procaci dormientem vellicet
145 1074 615 1102 Pulex maritum, atqne ore nigello excitet
146 1103 606 1133 Ignes ſepultos, blandule c rpens cutim.
757 1127 869 1155 Mu.
