872 1312
280 66 617 89 IOAN. IACOBI
114 102 588 133 Fruſtra pudicam fallere orſus virginem,
119 132 500 162 Faceſſere iſlinc cogitur, nec antea
123 162 562 189 Vanus Deorum petiit æternas domos,
122 191 599 221 Quam duritatem huius puellæ vindicans,
123 221 565 248 Mœrore Rupem in duriorem vorterit.
253 357 657 379 SARDIVESVNTINI.
326 392 586 421 Ad Mm.
115 428 679 479 Eruabam breuibus nonnulla, Meliſſe, tabellis
181 459 634 487 Carmina, iam veteri puluerulenta ſitu:
123 488 670 517 Quorum pars nuper verbis aggreſſa Parentem;
149 518 578 548 Da, pater, vt lucem nos videamus ait.
121 546 620 574 Pulpita non petimus lati conſcendere circi,
148 574 558 603 Viſere nec medii longa theatra fori.
119 604 627 633 Nec populicœtus, nec publica poſcimus ora:
149 633 570 663 Illa cothurnatis verſibus apta via eſt.
120 661 587 691 Sub niueis cygni tuto reſidebimus alis;
120 691 533 719 Suſceptor nobis ille Meliſſs erit.
118 720 685 754 De vohis tantumne etiam præſumitis? inquamæ
145 749 609 781 Veſtr nec ingenuus perculit ora pudor,
115 778 571 810 Inculti verſus, & humi reptare propago
150 810 588 839 Nata per alta vagum tecta paratis iter?
115 835 644 866 Eſqualore tamen, referunt e pulueris vmbrs
145 866 569 891 Aſſertos voſimet non ſinit eſſe rudes.
115 894 648 930 Si non contempſit ſalebras, ſed manca redegit
143 926 552 953 In proprios ſolitâ dexteritate locos,
115 953 596 984 Cur faſtidiret quos ille recepit alumnos?
143 984 597 1015 Da veniam vanus nec ferat auſa timor.
113 1012 655 1045 Nos hederæ ſumus, & modicâ virtute labruſcæ
142 1042 593 1071 Nouimus, & fulcris indiga planta ſuis-
114 1071 631 1102 Quæiimus idcirco tenues qui roboret artus,
139 1100 534 1129 E qui irmatâ ſubleut ora manu,
733 1140 779 1161 oe
