872 1312
299 83 577 107 BOISSARDI.
94 118 577 146 Hoc fulti validis fundemur in aere ramis,
126 148 590 178 Hic dabit vt grauido palmite botrus eat.
91 177 612 206 Denique ſi tantus ſeruandos duxerit auctor,
124 207 568 237 Tutior hoc greſſus vindice noſter erit.
96 236 563 267 Sic importuni mihi perſuaſere rogando,
124 266 601 297 Vt peterent limen, docte Meliſſe, tuum.
95 294 617 325 Indulſique abitus: tu ne fuge munus amici:
124 325 574 354 Nam tibi contractæ eſt pignus amicitiæ
93 353 539 383 Forſitan obiicies noti prouerbia dicti;
124 383 635 414 Hidria quod liquidas in mare fundat aquas.
92 412 674 442 Tu quoque Caſtaliis ſacraſſe Epigrammata Muſis
121 442 586 471 Diceris: exemplum res habet iſta tuum.
361 474 485 494 De Pandora.
91 499 764 531 Siſte gradum, noſtrumque habitum, formæque decorem
122 530 529 559 Et priſcum ſolers diſce viator opus.
92 559 680 589 Illa ego ſum magno quondam Dea facta Tonante
122 588 542 617 Cum ſatus Iapeto ſidera raptatulit;
88 617 533 648 Et furto glebas vitalibus imbuit auris,
122 647 603 670 Auſus formatum flammâ animare lutum.
89 677 553 706 Egregiâ corpus formara Mulciber arte,
121 707 595 732 Sed mens, nec ratio, nec mihi ſenſus erat.
90 736 531 765 Frigida cœleſti compleuit Iupiter igne
119 765 539 795 Pectora, & ingenio reddidit apta ſuo.
90 795 589 824 Onarunt Charites auro fulgente capillos
121 824 488 846 Et ſcintillanti lumina bina face.
89 852 641 883 Alm a roſis vultum pinxit Cytherea, ſinumque
119 882 544 905 Et colli nitidum murice tinxit ebur.
88 912 528 940 Argutis Peitho ſedit facunda labellis.
119 941 496 969 Vt mea vocali ſpargeret ora fauo.
88 969 545 1000 At ne ſimplicitas teneris innata puellis
118 999 473 1025 Tardaret cauti iuſſa miniſterii,
87 1027 557 1058 Inſidioſa dolis Athlantide pectora natus
118 1058 592 1082 Firmat, & ad fraudes callida verba dedit.
89 1086 659 1117 Nuda tamen ſtabam, mediis ſpectanda ſub aſtris,
73 1115 529 1147 Nectoto viſus corpore næuns erat
718 1145 766 1176 Ad-
