872 1312
277 71 608 94 IOAN. IACOBI.
115 74 155 104 o
116 106 626 136 Admiratur opus magni matrona Tonantis,
147 136 567 158 Et me cœleſtem credidit eſſe Deam.
118 163 686 194 Hiſq. humeris tenui contextam ſindone veſtem
148 195 537 223 Nectit, Pailad â pallia facta manu-
118 224 627 253 Adiungit ceſtum gemmis auroq; rigentem,
148 253 548 282 Quali præcingit diua Erycina latus.
119 282 602 311 Additur & torquis, vndoq; monilia collo,
152 311 568 341 Et qui ſubrutilâ pendet in aure lapis.
122 341 582 369 Ornatum multo cultus perfecerat auro;
150 368 630 391 Et dubium an maius creuerit arte decus
121 398 617 424 Ecce venit Lacheſis veſtes induta cruentas,
148 426 525 456 Triſtia cælatâ pyxide fata gerens.
121 455 614 483 Obtulit illa Ioui: ſolio rex magnus ab alto
153 484 603 513 Surgit, & extemplo munera ſæua tulit.
120 514 701 540 Tum Deus ad noſtros conuertens lumina vultut,
151 542 595 571 Sulcipe, ait, niolli condita dona manu
123 571 579 599 Accipe letnæis lpumantia vaſa venenis:
151 600 544 629 Hæc eſt non vni pœna patata viro.
122 630 668 660 Quacunque Oceano vaſtus ſuccingitur orbis,
152 659 581 687 Tam longa eſt iræ pœna futura meæ.
121 687 701 717 Cinge pedes pennis, humeroſque volucribus alis;
153 717 631 744 Iapeti propere eſt nunc adeunda domus.
121 745 579 775 Deucalioneum mentita voce parentem
152 775 627 806 Decipe; ad hos vſus munera clauſa cape.
122 803 599 833 Dixerat: & roſeis nectens talaria plantis,
151 833 540 861 Contigeram iuſſi regia tecta loci
121 860 657 893 Senferat hanc fraudem lati populator Olympit
152 892 554 919 Nec tetigit noti triſtia dona Iouis.
120 919 649 952 Fallere reſtabat commento Epimethea ſicto;
152 949 573 978 In quo plus multo ſimplicitatis erat.
120 976 628 1008 Neſcius ille mali dextrâ properante recluſit
151 1007 654 1040 Perniciem, humano quam tuleram generi.
121 1036 651 1068 Euolat inſomnis Labor, indomitiq, Labores,
151 1064 609 1093 Et ſitis, & Scythico lecta ſub axe Fames.
121 1092 631 1128 Fueſtæ liquidum voluuntur in aere peſtes,
760 1134 789 1155 Et
