872 1312
285 70 558 95 SOISSARDI
118 108 580 134 Et fraudum terris incubat atra cohors;
90 135 617 168 Et Tremor, & triſtis Macies, & Febris anhela
122 167 511 199 Et duris ſtridens ſentibus Inud a.
92 195 584 227 Horruit infelix, vociſque excluſa poteſtas,
124 228 534 256 Pectoraque algenti diriguere metu.
87 251 639 286 Quid faciat? nullâ vulnus medicabile curâ eſt:
124 283 573 310 Nil miſero in tantâ clade v. detur opis.
87 310 662 342 Vt tamen ad mentem rediit. firmataque rurſum
124 342 576 370 Vis animi, & cæcis lumina luminibus;
91 372 519 402 Fatalis ſenſit fundo crateris in imo,
124 399 634 432 Egreſſum quiddam quod meditetur adhnce.
105 429 620 458 Protinus obſtanti retrudit opercula dextrâ:
125 457 651 491 Proh quanto hoc ſuperat facta priora nefas
101 486 666 521 Spes erat, o demens Epimetheu, languida multo
129 518 551 546 Pondere, lethalis certa medela mali.
101 544 644 580 Prodibatque foras, ſed limbo impegerat alto,
130 576 566 609 Quem tenuit rutili fuſlis ora ſcyphi.
101 605 535 632 Iuſſa Iouis læto euentuſuccedere riſi,
131 634 554 667 Implicitumque malis Iapetionidem.
103 661 629 697 Sic iterum motis purum ſuper æthera pennis
133 694 598 719 Scando, leues aura non retinente pedes.
107 723 584 750 Conſtiterat ſummâ cœli Saturnius arce,
136 751 566 779 Gandet & effectu non caruiſſe dolus.
107 778 645 813 Nunc, ait, Superi, tentata potentia noſtra eſt,
137 814 509 840 Vindex eſt iræ facta puella meæ.
109 837 676 867 Numina cuncta ſibi iactet frau ta Prome theus,
141 872 553 903 Se furem rapto, ſi volet, igne vocet:
111 898 655 931 Inque cauâ poſitas enarret arundine flammas,
139 931 605 960 D eceptumque noua rideat arte Iuem.
112 954 725 983 Hæc erat illa animis hominum inſinuanda volupta
143 988 558 1013 Hac erst in terris arte ferenda lues.
106 1017 543 1050 Hæreat æterno cæcis mortalibus æuo
144 1047 512 1071 Hæc nullo labes d ſſoluenda die
116 1073 615 1103 Dixit: & ad vocem totus perterritus orbis,
144 1104 631 1137 Fulminaque e denſa nube coruſca ruuna
737 1128 787 1149 Ser
