872 1312
288 69 608 92 IOAN. IACOBI
123 74 163 92 s2
119 105 622 135 Sera ſuperueniens furuis Metanæa cauernis,
151 135 592 162 Stringebat rabidâ ſæua flagella manu;
123 164 591 193 Sed depluoratæ ſpem non factura ſalutis:
827 168 869 193 ſ
153 195 638 222 Nam gemitus tantum congerit illa nouos.
122 222 637 251 Limina mœſta ſubit pullatoinformis amictu,
152 250 591 280 Vrentem ſpargens pectore triſtitiam.
121 280 653 306 Tempore ab hoc, fertur mortalia cotda ſubiſſe
152 309 600 340 Cura, dolor, morbus, noxa, ruina, labor.
237 340 675 368 De Ncoleâ, Loide, & Mariâ L. Ant. d
371 369 536 390 Vienna Filiabus.
124 396 571 427 Græciadum vidit diuinâ fronte puellas
151 427 602 455 Eurynomen magno tres peperiſſe Ioui,
121 455 728 485 Intumuit; nimiumque potens ſibi viſa, quid, inquit,
151 483 580 512 Conferri mecum quæ potis eſt regio?
118 512 606 539 Se Dctynna mihi, mihi ſe Saturnia debet,
148 541 608 571 Cultaque in Idaliâ diua Erycina Papho:
119 571 629 598 Totque uliæ. quarum conuexi machina cœli
147 599 638 627 Numinaque, & formas ſtellifer axis habet.
118 627 611 656 Riſit, & adſurgens Burgundia talibus inſit:
147 657 606 688 Sola Deas mendax ſcilicet Hellas habet.
118 686 661 717 Nos etimus vappæ, fungique, ficulnaque trulla,
146 715 578 745 Quæ tantum rapi lenta recocta gerat.
121 744 700 774 Vnaridem nullam fateor; Phædramue creaui
145 772 609 802 Adſcripta eſt generi nee Stenobæa meo.
113 802 687 831 Pecama nec per me quondam periere, nec ex me
144 831 670 862 Expulit Hippolytum, aut Bellerophonta pater,
113 861 647 889 At Venerem inter nos, & quæ Latoida vincant
144 889 605 917 In noſtris Nymphas montibus inuenies,
114 919 635 947 Vtque alias taceam, quas ſi numerare liberet,
147 946 697 983 Tot fuerint quot habet lucidus aſtra polus;
113 976 605 1009 Tres ortum duxere meâ de gente ſorores:
141 1005 588 1037 Virginibus titulum clara Vienna dedit.
111 1035 636 1065 Nicaeæ tomen primæ imipoſuere parentes:
142 1064 552 1096 Al in niuca Loide creuit amor.
112 1091 616 1124 Qua d peteetlu naauua poliult amuſſim,
725 1128 831 1152 Pul-
