<?xml version="1.0" encoding="UTF-8" standalone="no"?><PcGts xmlns="http://schema.primaresearch.org/PAGE/gts/pagecontent/2019-07-15" xmlns:xsi="http://www.w3.org/2001/XMLSchema-instance" xsi:schemaLocation="http://schema.primaresearch.org/PAGE/gts/pagecontent/2019-07-15 http://schema.primaresearch.org/PAGE/gts/pagecontent/2019-07-15/pagecontent.xsd"><Metadata><Creator/><Created>2022-04-10T11:45:43</Created><LastChange>1970-01-01T00:00:00</LastChange><Comments/></Metadata><Page imageFilename="0579.png" imageHeight="1312" imageWidth="872"><TextRegion id="r1" orientation="0.0" type="paragraph"><Coords points="1,1 870,1 870,1310 1,1310"/><TextLine id="l1"><Coords points="288,69 288,92 608,92 608,69"/><TextEquiv index="0"><Unicode>IOAN. IACOBI</Unicode></TextEquiv><TextEquiv index="1"><Unicode>IOAN. IACOBI</Unicode></TextEquiv></TextLine><TextLine id="l2"><Coords points="622,106 615,105 119,105 119,133 133,134 622,135"/><TextEquiv index="0"><Unicode>Sera ſuperueniens furuis Metanæa cauernis,</Unicode></TextEquiv><TextEquiv index="1"><Unicode>Sera ſuperueniens furuis Metanæa cauernis,</Unicode></TextEquiv></TextLine><TextLine id="l3"><Coords points="592,139 577,138 507,136 151,135 151,162 592,162"/><TextEquiv index="0"><Unicode>Stringebat rabidâ ſæua flagella manu;</Unicode></TextEquiv><TextEquiv index="1"><Unicode>Stringebat rabidâ ſæua flagella manu;</Unicode></TextEquiv></TextLine><TextLine id="l4"><Coords points="123,164 123,193 591,193 591,164"/><TextEquiv index="0"><Unicode>Sed depluoratæ ſpem non factura ſalutis:</Unicode></TextEquiv><TextEquiv index="1"><Unicode>Sed depluoratæ ſpem non factura ſalutis:</Unicode></TextEquiv></TextLine><TextLine id="l5"><Coords points="638,195 153,195 153,222 638,222"/><TextEquiv index="0"><Unicode>Nam gemitus tantum congerit illa nouos.</Unicode></TextEquiv><TextEquiv index="1"><Unicode>Nam gemitus tantum congerit illa nouos.</Unicode></TextEquiv></TextLine><TextLine id="l6"><Coords points="637,226 635,225 503,225 306,222 188,224 122,222 122,249 271,251 637,251"/><TextEquiv index="0"><Unicode>Limina mœſta ſubit pullato informis amictu,</Unicode></TextEquiv><TextEquiv index="1"><Unicode>Limina mœſta ſubit pullatoinformis amictu,</Unicode></TextEquiv></TextLine><TextLine id="l7"><Coords points="591,253 271,252 152,250 152,278 160,279 591,280"/><TextEquiv index="0"><Unicode>Vrentem ſpargens pectore triſtitiam.</Unicode></TextEquiv><TextEquiv index="1"><Unicode>Vrentem ſpargens pectore triſtitiam.</Unicode></TextEquiv></TextLine><TextLine id="l8"><Coords points="653,280 622,280 615,282 121,280 121,306 653,306"/><TextEquiv index="0"><Unicode>Tempore ab hoc, fertur mortalia cotda ſubiſſe</Unicode></TextEquiv><TextEquiv index="1"><Unicode>Tempore ab hoc, fertur mortalia cotda ſubiſſe</Unicode></TextEquiv></TextLine><TextLine id="l9"><Coords points="600,312 503,312 451,310 196,311 152,309 152,340 184,340 225,337 411,340 600,340"/><TextEquiv index="0"><Unicode>Cura, dolor, morbus, noxa, ruina, labor.</Unicode></TextEquiv><TextEquiv index="1"><Unicode>Cura, dolor, morbus, noxa, ruina, labor.</Unicode></TextEquiv></TextLine><TextLine id="l10"><Coords points="675,340 612,341 600,343 562,343 550,341 487,340 237,340 237,368 322,368 342,366 405,368 675,368"/><TextEquiv index="0"><Unicode>De Nicoleâ, Loide, &amp; Mariâ (L. Ant. à</Unicode></TextEquiv><TextEquiv index="1"><Unicode>De Ncoleâ, Loide, &amp; Mariâ L. Ant. d</Unicode></TextEquiv></TextLine><TextLine id="l11"><Coords points="371,369 371,390 536,390 536,369"/><TextEquiv index="0"><Unicode>Viennâ Filiabus.</Unicode></TextEquiv><TextEquiv index="1"><Unicode>Vienna Filiabus.</Unicode></TextEquiv></TextLine><TextLine id="l12"><Coords points="124,396 124,427 571,427 571,396"/><TextEquiv index="0"><Unicode>Græciadum vidit diuinâ fronte puellas</Unicode></TextEquiv><TextEquiv index="1"><Unicode>Græciadum vidit diuinâ fronte puellas</Unicode></TextEquiv></TextLine><TextLine id="l13"><Coords points="151,427 151,455 602,455 602,427"/><TextEquiv index="0"><Unicode>Eurynomen magno tres peperiſſe Ioui,</Unicode></TextEquiv><TextEquiv index="1"><Unicode>Eurynomen magno tres peperiſſe Ioui,</Unicode></TextEquiv></TextLine><TextLine id="l14"><Coords points="728,455 648,455 644,457 121,455 121,481 728,485"/><TextEquiv index="0"><Unicode>Intumuit; nimiumque potens ſibi viſa, quid, inquit,</Unicode></TextEquiv><TextEquiv index="1"><Unicode>Intumuit; nimiumque potens ſibi viſa, quid, inquit,</Unicode></TextEquiv></TextLine><TextLine id="l15"><Coords points="580,485 151,483 151,510 186,509 225,511 336,512 580,512"/><TextEquiv index="0"><Unicode>Conferri mecum quæ potis eſt regio?</Unicode></TextEquiv><TextEquiv index="1"><Unicode>Conferri mecum quæ potis eſt regio?</Unicode></TextEquiv></TextLine><TextLine id="l16"><Coords points="606,512 590,514 118,512 118,538 606,539"/><TextEquiv index="0"><Unicode>Se Ditynna mihi, mihi ſe Saturnia debet,</Unicode></TextEquiv><TextEquiv index="1"><Unicode>Se Dctynna mihi, mihi ſe Saturnia debet,</Unicode></TextEquiv></TextLine><TextLine id="l17"><Coords points="608,544 383,541 148,541 148,568 212,570 341,569 428,571 608,571"/><TextEquiv index="0"><Unicode>Cultaque in Idaliâ diua Erycina Papho:</Unicode></TextEquiv><TextEquiv index="1"><Unicode>Cultaque in Idaliâ diua Erycina Papho:</Unicode></TextEquiv></TextLine><TextLine id="l18"><Coords points="629,573 523,573 427,571 119,571 119,596 197,598 629,598"/><TextEquiv index="0"><Unicode>Totque aliæ, quarum conuexi machina cœli</Unicode></TextEquiv><TextEquiv index="1"><Unicode>Totque uliæ. quarum conuexi machina cœli</Unicode></TextEquiv></TextLine><TextLine id="l19"><Coords points="147,599 147,627 638,627 638,599"/><TextEquiv index="0"><Unicode>Numinaque, &amp; formas ſtellifer axis habet.</Unicode></TextEquiv><TextEquiv index="1"><Unicode>Numinaque, &amp; formas ſtellifer axis habet.</Unicode></TextEquiv></TextLine><TextLine id="l20"><Coords points="118,627 118,656 611,656 611,627"/><TextEquiv index="0"><Unicode>Riſit, &amp; adſurgens Burgundia talibus inſit:</Unicode></TextEquiv><TextEquiv index="1"><Unicode>Riſit, &amp; adſurgens Burgundia talibus inſit:</Unicode></TextEquiv></TextLine><TextLine id="l21"><Coords points="606,660 505,660 500,658 384,659 341,657 147,657 147,684 156,685 325,685 358,687 606,688"/><TextEquiv index="0"><Unicode>Sola Deas mendax ſcilicet Hellas habet.</Unicode></TextEquiv><TextEquiv index="1"><Unicode>Sola Deas mendax ſcilicet Hellas habet.</Unicode></TextEquiv></TextLine><TextLine id="l22"><Coords points="661,686 651,686 645,689 630,690 606,689 506,690 452,688 358,688 325,686 118,686 118,712 128,711 173,712 193,714 286,714 467,717 661,717"/><TextEquiv index="0"><Unicode>Nos erimus vappæ, fungique, ficulnaque trulla,</Unicode></TextEquiv><TextEquiv index="1"><Unicode>Nos etimus vappæ, fungique, ficulnaque trulla,</Unicode></TextEquiv></TextLine><TextLine id="l23"><Coords points="578,719 286,715 146,715 146,745 269,742 376,743 394,745 578,745"/><TextEquiv index="0"><Unicode>Quæ tantum rapilenta recocta gerat.</Unicode></TextEquiv><TextEquiv index="1"><Unicode>Quæ tantum rapi lenta recocta gerat.</Unicode></TextEquiv></TextLine><TextLine id="l24"><Coords points="700,744 626,744 615,748 394,746 376,744 210,744 137,747 129,754 121,755 121,772 270,771 418,774 700,774"/><TextEquiv index="0"><Unicode>Tynaridem nullam (fateor; Phædramue creaui;</Unicode></TextEquiv><TextEquiv index="1"><Unicode>Vnaridem nullam fateor; Phædramue creaui</Unicode></TextEquiv></TextLine><TextLine id="l25"><Coords points="145,772 145,802 609,802 609,772"/><TextEquiv index="0"><Unicode>Adſcripta eſt generi nec Stenobæa meo.</Unicode></TextEquiv><TextEquiv index="1"><Unicode>Adſcripta eſt generi nee Stenobæa meo.</Unicode></TextEquiv></TextLine><TextLine id="l26"><Coords points="687,802 660,802 656,805 645,807 495,806 383,803 113,802 113,827 134,827 162,830 246,829 322,831 687,831"/><TextEquiv index="0"><Unicode>Pergama nec per me quondam periere, nec ex me</Unicode></TextEquiv><TextEquiv index="1"><Unicode>Pecama nec per me quondam periere, nec ex me</Unicode></TextEquiv></TextLine><TextLine id="l27"><Coords points="670,836 573,836 321,831 144,831 144,858 330,861 670,862"/><TextEquiv index="0"><Unicode>Expulit Hippolytum, aut Bellerophonta pater,</Unicode></TextEquiv><TextEquiv index="1"><Unicode>Expulit Hippolytum, aut Bellerophonta pater,</Unicode></TextEquiv></TextLine><TextLine id="l28"><Coords points="647,865 496,864 468,862 113,861 113,885 157,887 253,887 283,889 647,889"/><TextEquiv index="0"><Unicode>At Venerem inter nos, &amp; quæ Latoida vincant</Unicode></TextEquiv><TextEquiv index="1"><Unicode>At Venerem inter nos, &amp; quæ Latoida vincant</Unicode></TextEquiv></TextLine><TextLine id="l29"><Coords points="605,894 282,889 144,889 144,916 158,917 605,917"/><TextEquiv index="0"><Unicode>In noſtris Nymphas montibus inuenies,</Unicode></TextEquiv><TextEquiv index="1"><Unicode>In noſtris Nymphas montibus inuenies,</Unicode></TextEquiv></TextLine><TextLine id="l30"><Coords points="635,924 401,920 336,921 272,919 114,919 114,945 207,945 239,947 635,947"/><TextEquiv index="0"><Unicode>Vtque alias taceam, quas ſi numerare liberet,</Unicode></TextEquiv><TextEquiv index="1"><Unicode>Vtque alias taceam, quas ſi numerare liberet,</Unicode></TextEquiv></TextLine><TextLine id="l31"><Coords points="654,954 628,953 482,951 442,949 271,949 207,946 147,946 147,974 476,978 526,980 608,980 641,981 646,983 654,983"/><TextEquiv index="0"><Unicode>Tot fuerint quot habet lucidus aſtra polus;</Unicode></TextEquiv><TextEquiv index="1"><Unicode>Tot fuerint quot habet lucidus aſtra polus;</Unicode></TextEquiv></TextLine><TextLine id="l32"><Coords points="605,981 526,981 476,979 237,976 113,976 113,1002 243,1006 367,1006 480,1009 605,1009"/><TextEquiv index="0"><Unicode>Tres ortum duxere meâ de gente ſorores:</Unicode></TextEquiv><TextEquiv index="1"><Unicode>Tres ortum duxere meâ de gente ſorores:</Unicode></TextEquiv></TextLine><TextLine id="l33"><Coords points="588,1010 480,1010 367,1007 243,1007 203,1005 141,1005 141,1032 151,1034 248,1034 394,1037 588,1037"/><TextEquiv index="0"><Unicode>Virginibus titulum clara Vienna dedit.</Unicode></TextEquiv><TextEquiv index="1"><Unicode>Virginibus titulum clara Vienna dedit.</Unicode></TextEquiv></TextLine><TextLine id="l34"><Coords points="636,1037 627,1040 509,1040 446,1037 394,1038 248,1035 111,1035 111,1062 141,1061 162,1063 221,1063 277,1065 636,1065"/><TextEquiv index="0"><Unicode>Nicoleæ nomen primæ imipoſuere parentes:</Unicode></TextEquiv><TextEquiv index="1"><Unicode>Nicaeæ tomen primæ imipoſuere parentes:</Unicode></TextEquiv></TextLine><TextLine id="l35"><Coords points="552,1069 455,1068 426,1066 316,1065 277,1066 221,1064 142,1064 142,1091 173,1091 184,1093 208,1094 248,1094 260,1096 307,1096 311,1094 396,1096 552,1096"/><TextEquiv index="0"><Unicode>Alter &amp; in niueà# Loide creuit amor.</Unicode></TextEquiv><TextEquiv index="1"><Unicode>Al in niuca Loide creuit amor.</Unicode></TextEquiv></TextLine><TextLine id="l36"><Coords points="616,1094 596,1094 590,1097 419,1096 396,1097 311,1095 305,1098 295,1098 260,1097 248,1095 184,1094 173,1092 112,1091 112,1124 616,1124"/><TextEquiv index="0"><Unicode>Quae id perfectam natura poliult amuſſim,</Unicode></TextEquiv><TextEquiv index="1"><Unicode>Qua d peteetlu naauua poliult amuſſim,</Unicode></TextEquiv></TextLine><TextLine id="l37"><Coords points="791,1128 725,1128 725,1152 792,1152"/><TextEquiv index="0"><Unicode>Pul-</Unicode></TextEquiv><TextEquiv index="1"><Unicode>Pul-</Unicode></TextEquiv></TextLine><TextEquiv><Unicode/></TextEquiv></TextRegion></Page></PcGts>