872 1312
286 73 558 96 BOISSARDI
732 74 765 100 SSs
121 111 604 141 Pulcrior vt non ſit picta ab Apelle Venus.
89 140 605 168 Alterutram ſpecta: radiis ſi inſiſtat eburuis,
125 169 523 196 Serica ſeu tereti ſtamina ducat acu,
93 199 651 228 Pallada Mæoniæ dominam ſuperabit Arachnes;
124 229 566 257 Ars Lydæ quamuis ingeniumque fuit.
95 257 597 287 Si calamo pingat, dignum ſolerte laborem
124 287 552 311 Praxitelis dextrâ dixeris, aut Phidiæ.
93 316 624 347 At querulam digitis ſi barbiton increpet, aut ſi
124 347 597 374 Sollicitet docilem voce ttemente lyram,
95 375 611 405 Mitius auratum tentabit Apolline plectrum,
124 405 596 434 Nulla Heliconiadum dulcius ore canei.
94 434 640 463 Adde, quod & linguæ neutra eſt ignara Latinæ,
123 463 608 492 Et Graium quiddam docta labella ſonant.
91 493 647 522 En tibi quos longo Græcus colit ordine Diuos;
122 522 664 550 Numinaque in Nymphis multa duabus habes.
93 551 641 574 Tertia adhuc cunis Maria eſt in mollibus inter
122 580 564 610 Lilia, amaranthos, ſerta liguſtra, roſas.
94 610 666 638 Cum quâ præpes Amor teneris vagire querelis
117 639 536 669 Suſtinet, & iuncto ſæpe iacere toro.
92 667 543 696 Ambroſiâ præbere cibos, & baſia mille
123 698 556 727 Iungere lacteolis nocte dieque genis.
94 726 670 756 Quam ſi fata mihi ſeruent, geminamque ſororem,
125 756 585 786 ternumque ſuis ſalua ſit iſta trias;
96 785 652 817 Rurſus in Orchomenum ſociæ migrate Diones:
124 815 600 844 Gallica longe alio creſcet honore Charis.
315 844 530 871 De veneficâ quadam.
95 872 584 903 Neſcio quid, tantum vicini ad limina tecti
124 903 545 932 Importuna mihi Luca ſuſurrat anus.
94 931 564 960 Vt noctis ſurgunt fulgentia lumina ſeræ,
126 961 544 990 Egreditur paruas quottidiana fores.
96 989 638 1020 Murmurat & digitis, pendentia ſuccina verſat,
123 1020 585 1049 Signat & innumerâ pectora ſicca cruce.
95 1049 730 1077 Nunc plorat, vultumque trahit, neque lumina tantum
124 1078 569 1108 Dant lacrimas, naſi proluit ora lquor.
95 1106 554 1138 Extant inſormi ſpumantia labra ſaliuâ;
727 1134 761 1158 Ad
489 1139 571 1162 Mm5
