872 1312
288 76 607 97 oANIACOoI
152 112 635 140 Ad tremulos quatitur faſcia mota ſonos.
135 140 652 169 Vt iunxit precibuſque preces, terataque dixit
150 170 604 199 Verba, celer proaui fracta ſepulcra petit.
120 199 643 227 Curſitat, atque ſacris ramos intingit in vndis,
152 228 604 256 Pallida quæ trunco buxa dedere breui.
123 255 726 284 Flectitur ad tumulos lmphiſque frequentius inſtat
154 285 563 313 Frigida concuſſa ſaxa lauare manu.
124 314 700 344 Terque quaterque rotat nexos poſt terga capillos
153 344 672 372 Terque quaterque feras tollit ad aſtra faces.
125 372 646 400 Obſcurat claræ radiantem lampada Phœbes,
153 402 592 430 Sidera congeſtis nubibus alta tegens.
124 430 613 459 Effodit & curuo quæ conterit oſſa ligone,
157 460 609 488 Cumque venenatis ebria miſcet aquis.
126 488 609 517 Vmbroſos inter montes aconita requirit,
154 517 690 545 Quæque ferunt propere gramina mortis onus
125 546 635 575 MHæc ſimul vt legit, nigro confundit aheno,
156 575 586 603 Et coquit accenſo puluerulenta foco.
125 603 613 628 Conficit infeſti medicataina noxia lethi,
156 632 565 662 Vnde ſuo populo funera dira patet.
127 661 580 690 Narratur paſſim gregibus fuiſſe relictis
156 692 576 718 Attonitas paſtor territus inter oues
126 718 606 749 Et vid ſſe ſuos, quos impia faſcinat, agnos
156 748 549 777 Paſcendo ſubitâ procubuiſſe nece.
128 777 606 808 Vbera villoſæ referunt ſine lactecapellæ.
156 807 600 835 Exonerat fœtus preſſa iuuenca nouos.
127 835 590 863 Et iuga formidant timidi lorata iuuenci,
161 865 621 896 Quod pereant fortes inter aratra boues.
126 893 606 922 Et fraudata ſuas deplorant horrea meſſes.
158 923 604 947 Nulla videt fructus aibor onuſta ſuos.
126 952 669 983 Nec tantum pecudes & agros contagia lædunt;
157 982 537 1010 Larga veneficii dirigit auſa mali.
127 1010 680 1041 Infantem moribunda fouet ſuper vbere nutrix
157 1040 565 1065 Vagitus primi funera mortis edunt.
128 1068 651 1097 Sunt quibus arroſis lanietur venter ab extis.
155 1097 567 1135 Tabuit aſſumto crebra puella cibo.
765 1132 833 1164 t
