872 1312
287 78 620 100 IOAN. IACOBI.
128 115 651 143 Hæc inter, fauſtos per læta precabimur annos
160 143 587 173 Tempora quæ vitæ ſint ſocianda tuæ.
126 173 616 202 Præſentes Superi d ctis votiſque fauebunt,
156 202 604 225 Annus & hi facient vt tibi multus eat.
313 233 602 259 Arrſiæ Thamaſio Turio.
125 260 617 289 Vnde, rogas, ſubiti fiat iam carminis ortus,
158 290 513 318 Materia nuper deficiente mihi.
127 318 637 349 Cur rogitas, Thuri, quod neſcioneſciocert:
156 348 634 376 Muſa vteri quoddam ſed ſcio ſentit onus.
127 376 636 407 Cum ſterilis fuerit iamdudum, neſcia partus
157 406 607 435 Eſt aliquo tandem ſemine facta grauis.
125 435 543 464 Et tibi, mi Thuri liceat ſi vera fateri,
155 464 634 489 Heſternum cauſſam credo fuiſſe merum;
126 492 646 521 Quod mihi Pieriis hoſpes commiſcuit vndis:
157 522 669 551 Senſi aliquod pateram numen habere tuam.
124 552 661 581 Tum percunctatus natum quibus eſſet in oris,
153 580 584 608 Dictum eſt Illyrici littoris cſſe genus.
126 608 561 638 O nimium felix tali propagine tellus
154 638 605 668 Nec minus & felix hac regione liquor
123 667 606 699 Sed magis & vino felix & littore quiſquis
153 697 588 723 Hoc potu potis eſt vel minuiſſe ſitim.
122 725 711 756 Quam, poſtquam exceſſit, ſubeat ſitis alteta,nempe
149 754 582 786 Libethri liquido fonte riganda lacus.
121 783 778 814 Funde iterumque iterumque mihi: mihi funde, diſertum
151 813 555 839 Si cupias, ſacro pocula funde mero:
119 841 750 873 Quæ mihi reſtituere anium, plcctrumque, lyramque,
152 870 554 899 Quæ Muſis memet reſtituere meis.
119 899 578 929 Crotoſſi ſoboles regni generoſa Poloni,
147 931 593 958 Sauromatas inter gloria prima duces,
118 957 657 987 Cuius ad has tandem perueni munere menſas,
149 987 562 1015 E cuius ſumpſi dulcia muſta manu:
117 1015 802 1048 Miſce iterumque iterumque mihi; mihi funde, diſertum
148 1046 542 1074 Si cupias, ſacro pocula ſunde mero.
117 1075 627 1103 Tune igitur ſolus nobis caua ſaxa recludis?
145 1104 592 1138 Tune ad Parmaſſi culmina pandis ite?
721 1139 799 1176 Edu-
