872 1312
274 72 531 94 BOISSAV
77 107 529 139 Educiſque ſuo lætas Helicone ſorores,
108 139 531 162 Et flectis faciles ad mea vota Deas?
78 168 606 198 Tu facis vt ſumpto tepeant præcorda vitro,
107 200 602 229 Pectoraque interno tacta calore tremant.
81 229 705 259 Miſce iterumq, mihi; mihi funde, diſertum
110 257 535 287 Si cupias: ſacro pocula funde mero.
78 287 647 318 Iam non ad gelidas Aganippidos, ibimus vndas:
110 318 592 343 Poſthabita nobis Phocide numen adeſt.
83 347 616 375 Sacra Deo facienda domi, lepidiſſime Thuri:
110 376 579 407 Vina para, & rutilis tura adolenda focis,
80 406 609 434 Crotoſſi, mediatoreris: nos te duce cæptum,
111 435 559 465 Si faueas ſolito more, ſequemur opus.
83 466 556 494 Sed cum mortali labatur pectore virtus.
110 494 569 525 lndigeantque tua robora noſtra manu:
79 523 704 555 Funde iterumq; iterumq; mihi; mihi funde, diſertum
110 554 532 585 Si cupias: ſacro pocula funde mero.
79 583 568 614 Nosq, tui vates tua ſacta feremus ad aſtra:
106 613 503 640 Per nos Arctois conſpiciere polis.
78 642 629 673 Eia agite, ingentes noua carmina dicite laudes,
107 672 554 702 Pandite Hyperboreo Sidera nata ſolo,
78 701 608 726 Creſcentem cantateouâ virtute iuuentams
107 730 565 761 Tollite iam proauis pectora digna ſuis.
77 759 658 793 Theſpiades, agedum, fautorem agnoſcite veſtrum:
107 790 541 820 Mixta roſis iuueni ſpica Ciliſſa fluat.
77 820 630 844 Fulcra ferant violæ, dent candida lilia Iectum:
106 850 522 879 Corycio ſpiret ſponta referta croco.
77 876 628 908 Interea creſcas, Crotoſſi, anniſque animiſque;
109 909 540 940 Sitque per immenſos vita beata dies.
77 937 603 969 Noſque, tui vates, tua facta feremus ad aſtra:
108 968 500 996 Per nos Arctois conſpiciere polis.
34 991 657 1028 Tuque, iterumq; iterumq; tuis bona vina poetis
1 1027 566 1074 Funde, & ab illyrico dulcia muſta cauo.
221 1057 588 1079 I A coamm, emblema Io Tenntii
336 1086 472 1107 Mſontalbani.
76 1112 600 1141 Maxima terrarum moles cum fluctuet orbis,
694 1142 743 1163 Nu-
