872 1312
298 90 587 112 IOAN. IACOBI
123 86 162 117 s
158 124 588 155 Nutet & laſſis machina penſa polis:
831 138 870 169 u
123 154 610 182 nſani ſaliente freto ſtent turbine fluctus,
159 184 637 207 Nec teneant rabidos littora fracta ſinus:
124 213 715 246 Quæ dabitur tandem pereuntibus anchora rebu?
159 243 568 271 deploratis quæ medicina malis?
130 272 635 301 Q poterit, longâ formidine pectora curâ,
160 301 640 331 Noſtraque concepto ſoluere corda metu:?
133 330 709 359 Sunt qui in Teutonicis ſpem conſtituere lupatis;
162 359 554 388 Alter in externi robore fidit equi.
129 388 578 418 Diuitiis alter nimium ſe creclit auitis,
160 417 574 446 Et generis iactat ſtemmata clara ſui.
129 448 661 475 Sed me non gladii, non tela parata, nec arcus,
162 476 648 505 Non armata manus, non fera pila iuuant.
1 490 787 537 Non quæ lulphureum vomit ardens machina plumbum,
162 532 675 565 Non quæ Sarmaticâ eſt miſſa ſagitta manu:
87 558 704 592 Sola crucem paſſi mihi certa eſt anchora Chriſti:
161 591 628 621 Hæc animæ ſpes eſt, portus, & aura, meæ.
132 621 663 651 Anchora mundanos inter ſpectata tumultus,
161 651 557 678 Anchora præſenti certior illa die.
128 680 650 710 Pendula nimboſo rumpantur carbaſa vento,
162 709 647 737 Tranſtraque diuulſæ conterat vnda ratis:
80 737 679 769 Nubila fulmineis crepitent immixta procellis,
162 767 623 797 Et vagus obſcuris imber inundet aqnis:
128 798 617 828 Tota reluctanti moueatur cardine tellus,
160 827 666 857 Et fremat inferno ſub Phlegetonte domus;
132 856 715 887 Firma tamen motos ſcopuli inſtar, noſtra fragores
161 885 634 916 Mens ferat, & ſtabili ſupprimet illa pede;
132 914 676 946 Anchora dum manibus fulcimen præbcat iſtis:
163 945 607 974 Hac ego & in medio funere, viuus ero.
133 972 694 1004 Hac fultus, referam victâ de morte triumphum:
162 1002 595 1035 Et ferar abſumptis integer cſſe rogis.
132 1032 675 1064 Hanc igitur prenſate, manus, huic pectore toto
164 1063 611 1092 Hærete: hæc certi eſt anchora præſidii.
300 1095 595 1120 Nolao lemenr Tralæo.
84 1120 656 1151 Dona paraturus primis tibi danda Calendis,
748 1145 831 1195 s
