872 1312
260 81 522 112 GISSARDI.
125 114 661 149 Qui tibi mos quondam, qui fuit vſque mihi;
94 145 621 178 Neglectas repero ſpretaſquc prioribus annis
125 175 573 202 Pieridas, chartis Numina culta meis:
96 204 642 238 A quibus cxorare elegcs, & paucula conor
127 232 662 263 Verba: ſed hanc operam luſimus, ſtudium.
100 263 586 293 Suppetias noſtræ ſolitas imploro Thaliæ;
128 292 628 328 Conferre auxilium noſtra Thalia neot.
97 321 645 354 Nil fructus habet, eſt ſterilis nuliâque mouetur
128 351 553 385 Culturâ: ignauâ eſt obruta ſegnicie.
99 382 588 413 Non tamen idcirco promiſli lege ſolutum
129 409 572 442 Me ſenſi pactus quod tibi nuper eram.
98 439 580 473 Nec feciſſe piget: ſed quâ ratione requiro
125 468 551 501 Id ſoluam, nullâ quod ratione licet
99 497 661 530 Scribere cum inuitis non poſſim carmina Muſis,
129 529 601 559 Sunt peragenda alio debita pacta modo.
99 559 689 588 Succurrunt, Clemens, ſtrenarum dona nouarum,
129 587 574 620 Onæ poſſint mentis ſigna referre meæ.
98 616 703 648 Nec quidquam ex auro eſt, nec alius pondo metalli,
128 647 637 677 Nec quod gemmatos comprimat articulos.
100 676 733 708 Nec pictum antiquo ſculptumve toreumate, ſed quam
130 705 534 733 Expreſſere tibi ſerica ſerta Roſam:
103 733 663 768 Quam laſciua Paphus miretur. & æmula Cyprus
131 764 533 795 Oblatam Veneri gaudeat eſſe ſuæ.
100 794 677 821 Huic nec odor, nec frondis honos, nec lactea defit
128 825 640 855 Purpura, nec purum, quod viget intus ebur.
100 852 630 883 Hanc quoties cernes, pulcro adficiere nitore:
132 882 679 913 Candorem hunc, dices, pectus amantis habet.
104 911 535 940 Secula ſint illi nulla maculata litura,
133 941 526 967 Secula vel miſſa candidiora roſa?
104 969 605 1003 Et veniant, oro, quæ te ſine labe ſequantur,
134 1000 524 1025 Secla verecunda candidiora roſa.
107 1029 609 1060 Sic parili moum ſemper candore fruamur,
133 1060 592 1088 Donec ad extremum vita ſit acta diem.
105 1086 639 1118 Poſtque ipſos cineres, poſt vltima funera, dicat
134 1117 524 1143 Poſteritas, candor debuit iſte coli.
718 1153 769 1174 ao-
