872 1312
291 76 589 111 IOAN.IACOBI
240 116 577 142 Iacobo Guiaſdouio Poſnanienſi.
110 143 602 173 Exſpectata diu mihi venit epiſtola, quæ te,
140 174 591 202 O fidum pectus, diceret incolumem.
110 202 658 231 Incolumem dixit ſaluumque tibique mihique
143 233 556 259 Reſtare integram dixit amicitiam.
110 259 640 290 Agnoui quantum, ſuauiſſime, ſim tibi cordi;
139 290 540 320 Me quanti ſemper feceris, accipio.
93 319 658 349 Iam mihi Sauromatæ nullis torpere pruinis,
139 350 584 377 Iam mihi dicentur frigora nulla pati?
112 377 647 406 Perpetuæ quamuis habites ſub ſidere brumæ,
140 407 613 436 Tuque ſubrctois montibus arua colas;
102 436 636 466 Corda tamen blando feruent ardore, tibique
142 466 574 494 Sunt quæ diuino pectora ſole tepent.
103 492 575 524 Nouit amicitiam cælograuiore Bootes;
139 522 656 553 Vrſa ſuas flammas nune Erymanthis habet,
103 549 523 583 Felices mundi tractus felicia regna,
137 580 615 609 Regna, in Iyberborea ſint licet illa niue.
110 611 673 640 Regna, meum mihi iam qui reſtituere lacobum,
139 640 548 669 Qui mihi vel cara carior eſt animâ.
110 669 676 699 Ante mihi bis ſex quem Felſina iunxerat annos,
141 699 535 729 A Cupreſſiferis Felſina nota iugis.
109 727 682 755 Et ſtudiis animos communibus auxerat, illic
140 756 534 787 ſt Phaetontæi ripa vbi nota Padi.
111 787 620 818 Succina populeis vbi ſunt pendentia ramis
139 818 542 847 Concreto videas quæ riguiſſe gelu.
108 846 690 880 Brenta per Euganeos qua labitur advena campos,
138 874 592 906 Adriacalque inter ffumina laxat aquas.
93 899 597 940 Et ſub Medoacis iterum doctoribus alma
138 934 536 962 Firmata cſt ambos inter amicitia.
93 958 672 994 Tandemvt contingit voluentibus omnia fatis
138 993 559 1023 Conueniſſe iterum uos voluere Dei.
108 1022 626 1049 Tertia Neccari fact eCt coniunctio in vrbe,
138 1052 556 1083 Clara Palatini unt vbi tecta Ducis,
107 1079 657 1113 Heic rurſum c pit poſt tempora longa renaſci,
133 1110 549 1140 Anti quoq; vetus iure reuixit amor.
734 1142 831 1178 Ad
