872 1312
291 76 589 111 IOAN.IACOBI
108 84 150 107 o
240 116 577 142 Iacobo Guiaſdouio Poſnanienſi.
110 143 602 173 Exſpectata diu mihi venit epiſtola, quæ te,
830 163 869 199 ſ
140 174 591 202 O fidum pectus, diceret incolumem.
110 202 658 231 Incolumem dixit ſaluumque tibique mihique
143 233 556 259 Reſtare integram dixit amicitiam.
110 259 640 290 Agnoui quantum, ſuauiſſime, ſim tibi cordi;
139 290 540 320 Me quanti ſemper feceris, accipio.
84 320 658 349 Iam mihi Sauromatæ nullis torpere pruinis,
139 350 584 377 Iam mihi dicentur frigora nulla pati?
825 375 870 400 I
112 377 647 406 Perpetuæ quamuis habites ſub ſidere brumæ,
140 407 613 436 Tuque ſubrctois montibus arua colas;
75 436 636 466 Corda tamen blando feruent ardore, tibique
142 466 574 494 Sunt quæ diuino pectora ſole tepent.
1 480 575 525 Nouit amicitiam cælograuiore Bootes;
139 522 656 553 Vrſa ſuas flammas nune Erymanthis habet,
69 544 523 583 Felices mundi tractus felicia regna,
1 565 615 609 Regna, in Iyberborea ſint licet illa niue.
110 611 673 640 Regna, meum mihi iam qui reſtituere lacobum,
139 640 548 669 Qui mihi vel cara carior eſt animâ.
110 669 676 699 Ante mihi bis ſex quem Felſina iunxerat annos,
828 699 870 727 q
141 699 535 729 A Cupreſſiferis Felſina nota iugis.
109 727 682 755 Et ſtudiis animos communibus auxerat, illic
140 756 534 787 ſt Phaetontæi ripa vbi nota Padi.
826 758 868 780 li
111 787 620 818 Succina populeis vbi ſunt pendentia ramis
139 818 542 847 Concreto videas quæ riguiſſe gelu.
108 846 734 880 Brenta per Euganeos qua labitur advena campos,
138 874 592 906 Adriacalque inter ffumina laxat aquas.
825 879 870 910 u
15 897 597 945 Et ſub Medoacis iterum doctoribus alma
138 934 536 962 Firmata cſt ambos inter amicitia.
2 948 672 994 Tandemvt contingit voluentibus omnia fatis
138 993 559 1023 Conueniſſe iterum uos voluere Dei.
825 995 870 1022 u
108 1022 626 1049 Tertia Neccari fact eCt coniunctio in vrbe,
138 1052 556 1083 Clara Palatini unt vbi tecta Ducis,
107 1079 657 1113 Heic rurſum c pit poſt tempora longa renaſci,
824 1102 869 1138 I
133 1110 549 1140 Anti quoq; vetus iure reuixit amor.
734 1142 831 1178 Ad
