872 1312
268 73 524 100 BOISSARDI.
89 109 652 142 Adſumpſitqte ſuis progreſſibus incrementum,
120 141 600 166 Ad iuſtum donec creuit & lle modum?
87 172 617 203 Conatum quoties vter vtrum vincere poſſet,
117 200 521 226 Conſilio, factis, corde, fauore, fide
86 231 616 263 Sed neque me victum, nec me viciſſe notaſti:
117 261 615 291 Communem palmam par dedit ofſicium.
85 290 655 323 Et tanquam tenero creſcens ſub cortice palmes,
113 319 492 350 Principio fructu liberiore caret:
86 348 622 380 Sed poſtquam terræ ſurgens alimenta recepit,
112 378 662 408 Pampineis, cultam frondibus ornat humum
75 404 608 441 Dat vitis botros, vuiſque grauantibus vrget
111 437 589 467 Præla; rubent plenis dulcia muſta cadis.
75 522 590 558 Fructu exſpectato dulcique labore potitur;
109 557 607 585 Nec queritur grauidos imbribus eſſe dies.
75 582 665 617 Fulgura non metuit, non mixtâ grandine nimbos,
108 616 491 646 Non matutino frigora dura gelu.
75 645 563 676 Omnia tuta videt, medio dureſcit in agro
106 675 507 704 Vitis, & in iuſtas arboris exit opes.
74 700 617 732 Sic qui primus amor teneræ ſub flore Iuuentæ
106 733 516 764 Arctanit. nodo pectora noſtra pari;
75 762 575 793 Principio eiguus creuit puerilibus anni;
107 792 619 821 Perque gradus ſenſim eſt accumulata ſides
75 822 624 851 Paulatimque animus nobis adoleſcere cœpit:
103 851 566 882 Poſthabitis nucibus iam grauiora ſapit.
75 881 635 910 Et noſtra inuaſit ſummum coniunctio culmen,
105 911 593 940 Verum vt amiciriæ nunc dare poſſit opus.
74 939 533 969 Offertur grauido diues vindemia prælo,
104 968 570 998 Cultus amor certa meſſe ſuperbus adeſt.
75 998 607 1029 Et quantum ſtudiis grauioribus incubat ætas,
101 1028 488 1052 Eſt nobis tanto ſirmior icta fides.
75 1055 649 1089 Iam nihil eſt deinceps metueu dum, tu licet abſis,
97 1087 589 1116 Et tencas trucibus proxima regna Getis.
75 1115 608 1147 Et tua præcipiti terat arua Bcryſllenes vnda,
685 1143 739 1167 Flu-
