872 1312
329 67 633 91 IOAN. IACO
171 106 595 135 Flumen Amaroniis nobile diuitiis.
142 135 664 163 Atque ego Burgunda viuam ſciunctus in ora,
172 164 621 192 Piſcoſique colam lenta luenta Dubis.
144 193 593 223 Donec fata ſinent cœli conuexa tueri,
174 223 621 251 Et Solis nitidum cernere poſſe iubar:
144 251 719 279 Vnum te ante aliosteſtis mihi Chriſtus amabo;
174 280 585 311 Nec poterit ſtudii pœnituiſſe mei.
142 310 625 340 Spectatum pectus, ſimili te lege precabor,
174 339 626 366 Vt meus es, ſemper ſic mus eſſe velis.
142 367 719 397 Nec quad te ſcriptis toties ſtimulantibus horter,
174 397 584 426 Idcirco tibi ſit lectio grata minus.
141 425 733 457 Hæc tibi Boiſſardus repetit, ſuauiſlime; nonquod
174 455 609 482 Immomorem oſficii te putet eſſe rui,
142 483 726 512 Sed plerumque iubet primis bene geſta ſub annis,
174 513 619 541 In tabula tanquam propoſuiſſe breui:
143 542 726 572 Quam videam, abſentique fruar ſeiunctus amico,
172 572 615 600 Hoc ibi cum iungar ſæpius alloquio.
140 599 679 630 Dii tua conſeruent inuictæ ſtemmata gentis,
172 629 602 658 Accreſcantque, tua nobilitata manu.
339 661 615 682 Ad Fabianum Donaiu.
141 688 664 717 Vrbano tantumne etiam indulgebis amori?
170 716 659 749 Heros Pruſſiaci lumen honoſque ſoli;
139 748 680 776 Vt nunquam ruris moueare tepentibus auris,
170 775 647 803 Nec ſubeas lætum fronde virente nemus,
139 805 601 831 Ecce Cleonæi cœlum face ſideris ardet,
168 834 614 862 Imperiumque poli Sirius vſtus habet.
138 862 616 892 Tu tamen inuiſa reſides pertæſus in vrbe:
168 893 571 922 Et victa vrgentiMuſa calore iacet.
138 922 741 952 Quin age, ruimpe moras, teque altis mœnibus effe
168 951 624 982 Dum pictus variis floribus halat ager?
135 979 701 1013 Dumreſonant querulis paſſim dumeta cicadis,
171 1009 599 1037 Implet & argutis Daulias arua ſonis.
135 1038 664 1070 Heic ſomum molli faciet tibi mota ſuſurro
168 1067 579 1098 Vnda de nitido glarea fula lacu.
131 1095 646 1130 Adſpicies vitideslu aa v gre lacettosâ
737 1125 804 1152 T.
