872 1312
287 88 529 112 o SSAsDI.
85 122 679 154 Tunc tibi nec gelido metuetur bruma Decembri,
114 154 551 186 Dum riget algenti ſtiria crebra gelu
86 183 519 213 Non oberit feſſo ſudanti Sirius æſtu,
115 213 548 248 Dum ſitit infeſtis ignibus vſtus ager.
89 242 619 273 Certatim officio, ſtudiiſque intenta iuuentus
116 272 518 300 Longæui ſenii dulce leuamen erit.
88 302 636 340 Viuite concordi coniux cum coniuge ſlammâ,
118 332 511 364 Virgine vir felix, virgo beata viro.
88 359 572 386 Dii ſeruent aſtris ſociata cubilia fauſtis:
118 391 577 419 Nec carpant veſtros triſtia damna dies.
268 424 512 449 Ad Paulum ſelſſm.
86 449 607 481 Vxorem duxit formoſam Paulle, Pllogillam
115 480 628 512 Prognatus Veneto ſanguine Criſpus eques.
86 508 617 540 Felſina ſed teneræ patria eſt nemeroſa puellæ,
115 538 608 569 Blanda habitare ſolet quo Cytherea loco.
88 569 676 599 Venit ad Adriacas poſtquam noua nupta paludes,
118 597 549 625 Eſt vbi continuo ſemita nulla mari;
87 627 597 659 Non audet prodire foras, campoque vagari
117 656 650 681 Dum libet, aut cultum merce ſibire forum
85 687 607 718 Nec licet irriguas horti recubare per herbas,
114 716 527 747 Et vario niueos pingere flore ſinus
86 746 609 776 Carpere nec grauido digitis pendentia ramo
116 777 565 800 Poma, nec vitreo fonte leuare ſitim.
87 805 624 836 Tunc ſiluas patrii recolens memor Apennini,
113 834 461 864 Et libertatis priſtina iura ſutæ;
85 864 616 894 Perpetuo, infelix nunquid me carcere elaudi.
115 893 622 924 Sub thalami, dixit, nomine coget Iymen?
87 923 597 949 Nec præter fluctus, & denſum littus arenis,
118 952 592 981 Spumoſique vadum mœſta videbo Sali?
90 981 672 1013 Quid mihi marmoreis laquearia fulta columnis,
116 1011 596 1043 Ouid proſunt Græcâ facta aſarota manu?
87 1040 583 1071 Nobilitaſque viri, proanis regibus orta?
115 1070 589 1102 Quid tot centenis millibus arca grauis?
85 1098 548 1131 Quid tot Minoa flauentia iugera meſſe?
108 1130 651 1169 Qque replent noſtros Gnoſia muſta cados?
693 1160 754 1190 Qi
