872 1312
315 80 611 101 IOAN IACOBI
128 84 168 109 y
840 111 869 132 M
130 117 701 153 Quid numerare iuuat tot opes terraque marique,
842 140 870 161 i
160 147 600 180 Qs in diuerſo vir meus orbe tenet?
128 175 656 211 Q,quod apud Venetos vxores eſſe beatas,
844 200 870 220 s
160 207 557 236 cut apud Ligures, iactitet Italia?
128 236 570 265 Imperitare ſuis cum libertate maritis,
158 264 586 292 Et dominas ſeſe dicere poſſe domus.
129 294 663 328 Qud prodeſt gerere Eois ſplendentia gemmis
160 324 579 346 Pectora? & aurata veſte nitere ſinus?
130 351 631 381 Si ſecreta domi lateam, viduumque cubile
159 382 625 412 THiſtis, & indigna frigida nocte premam.
128 411 645 441 Crebraque ſuſpenſo ſuſpiria pectore ducam,
158 440 631 469 Dum recolo, vexet quanta libido mares.
130 470 670 498 Iæreat externa ne forte in pellice, dum me
161 498 598 528 Detinet ingratæ cura moleſta domus.
129 527 640 558 Spius hæc lacrimis iterare ſolebat obortis,
158 558 586 587 Et longo intra ſe victa dolore queri:
128 586 720 617 Sed randem precibus durum eſt aggreſſa maritum,
160 617 593 647 Deſerat vt Veneti tecta marina laris;
128 646 605 676 Telluriſque bonis, inſtantivere fruatur,
158 676 582 705 Longaque mutata tædia ſede leuet.
128 703 716 734 Annuit: atque moram ſtatuunt Antennoris vrbe;
160 734 552 763 Non alio potuit gratior eſſe ſolo.
129 764 637 793 Tunc vbi per medias pilento vecta plateas,
160 794 578 825 Fulget inaurata læta Phlogilla ſinu,
128 822 649 852 In patriam rediiſſe putat: ſic cuncta placere
161 854 574 883 Incipiunt; aer mitior, atque locus.
130 882 655 911 Nec ſempei ſaluis tentandus remus in vndis,
161 911 591 941 Hortorum quoties viſere ſepta libet.
128 941 594 971 Nec ſemper curis illic agitata iuuentus,
163 971 553 1001 Eercet patriis publica iura togis.
131 1000 704 1031 Sl ſtuium armorum Patauinos atque palæſtra
147 1031 594 1063 Dtiiet & circi puluere tectus equus;
128 1058 732 1092 Etchola, Muſarumq; domus, ſacrumque tribunal,
161 1088 605 1118 Sunt vbi Caſtalii Docta Lyc chori.
126 1117 706 1152 Ad guæ, dum Eugeniusuo non formoſioralter
763 1148 787 1168 n
