872 1312
257 70 537 99 BOISSARDI.
107 115 608 144 n tota Italia eſt itque reditque frequens,
76 144 670 174 Conſpicit intrantem Sophiæ delubra Phlogillam:
115 174 529 197 Ardet & inſano merius amore furit.
75 202 673 232 Me miſerum, exclamat, iſi me cum matre Cupido
115 232 592 262 Adiuuet,& flammas huic velit eſſe pares
85 261 636 291 Nata erat obſcuris Dagolina parentibus, at quæ
113 291 497 314 Aſtuta multos arte iuuabat anus.
84 321 647 351 Porticus hancomnis norat, fora, templa, theatra,
113 351 547 380 Plebeiæque caſæ. patriciæque omus.
78 380 602 410 Nouerat hæc tota quidquid fiebat in vrbe:
113 411 637 439 Ouamvir diligeret quemque puella virum.
78 437 696 468 In vultu atque oculis animum menremque legebat
112 469 574 499 Artem ac iudicium longa ſenecta dabat.
80 498 666 527 Hanc adit Eugenius; pectus depromit, opemque-
112 528 513 557 Poſtulat, &merces penditur oſficii.
79 556 588 585 Dignus es, ante alios,o formoſiſſime rerum,
115 587 560 614 Cui faueat blando numine Cypris, ait.
80 614 681 645 Qu te non redamet? niſi quæ tua non bona norit:
115 645 516 674 Aut rigeat cuius pectore dnra ſilex.
83 672 730 702 Non hoc mtam animo manſuetam credo Phlogillam
114 705 541 733 Vt damno atque tuis gaudeat cxitiis.
88 733 573 761 Nec tales alere eſt adſueta Bononia tigres:
117 761 621 792 Mitius, vtma eſt, namque ea pectus habet.
84 792 563 817 Ibo, & tentabo euentus: ars docta fefellit
116 821 558 847 Me raro, & noſtris verba diſerta labris.
83 851 597 880 Feſta dies aderat; Panchæo templa vapore
119 880 601 910 Cum redolent diuo condita Proſdocimo.
84 910 664 939 Iuſtinæ ad fanum matres, iuuenesque, ſenesque-
119 940 664 968 Conueniunt: erat his pulera Phlogilla comess
87 968 645 997 Flana comas, Venctoque ſinus perlucida cocco;
120 997 551 1027 Cui colli gemmis Gratia cingit ebur.
88 1025 654 1056 Hanc tremulo Dagolina gradu comitata ſalutat:
122 1057 550 1085 Sis ſemper ſelix, vrbis & orbis honos.
87 1084 734 1115 Hinc laudanda magis, quod cum tibi forma decorque
108 1113 544 1146 Sit, ſummis poſſit qui placuiſſe Deis.
716 1141 757 1167 E
513 1146 605 1169 Nn
