872 1312
261 72 592 96 IOA..IACOBI
129 110 629 141 ror, & inſolitis torrentur viſcera flammis:
159 141 573 165 Vtar enim, video, commoditate viri.
124 169 716 199 Cras Venetamquando cymba deſcendet in vrbem,
159 200 541 228 Tunc noſtri cupido copia fiet ait.
124 228 684 256 Dicta dies fuerat: mora longa videtur vtrique-.
158 256 593 285 Et iam conducto remige Criſpus abit.
124 283 643 314 Præſenſit tamen ille dolos, celerique regreſſu
159 315 562 345 Non exſpectatus ſub ſua tecta redit.
124 345 720 373 Ingreſſus thalamos, deprendit vtrumque iacentem,
159 373 565 403 Defeſſos luca quos ſopor obruerat.
125 401 627 432 Vtque furor ſuaſit, ſtricto mucrone necaſſet
159 432 634 461 Incautos; precibus ſed dedit ira locum.
123 463 723 493 Liuia, quæ Dominæ crimen promouerat, & quam
159 490 539 519 Sæpe alias filo iuuerat obſequio:
129 519 678 550 Ad domini cadit illa pedes, dextraque prehenſa,
158 550 644 579 Sanguine ait, noli contemerare manum.
128 579 683 607 Fac meruiſſe: animas fas eſt ſeruare piumque
157 606 592 637 Confeſlos factum, confice: iure potes.
123 637 546 668 Diuina conceſſa reis confeſſio lege;
157 668 592 695 In Superos tulerit arma profana licet.
125 696 671 725 Vade, ſacerdotem ſite hue: volat illa, citoque
155 725 610 755 Limina anſsnulto feſſa tremore petit.
122 755 706 783 Occidimus, proh clamat: hero deprenſus amator:
157 784 555 813 Et iuguls miſeri proxima ſica fuit.
124 813 620 843 Sed miſtæ ſa cro culpam fateantur oportet:
155 843 623 871 Mors certa eſt ſubita ni Deus adſit ope.
127 871 653 901 Primo anus extimnit mutoque expalluit ore:
156 902 619 927 Tandem ad ſo rediens talia verba dedit
121 930 670 960 Diicile eſt in amore modum ſeruare: Cupido,
156 960 616 988 Dum coleis ſemper, ſiccine cœcus eris?
123 990 687 1021 Nata, animo forti eſto: aderit fortuna meoque-
155 1019 637 1050 Conſilioalſlictis conferet auxilium.
120 1048 613 1077 Hoc mihi delega munus: confinia Patrum
155 1077 725 1110 Clauſtra petam atque vſu. quæ fore rebor, agam
121 1107 616 1139 Vt rediit vultum monachali tecta cucullo,
721 1140 781 1162 Cum
