872 1312
246 85 541 108 BOISSARDI
58 121 534 151 Cum puero iuſſa eſt Liuia pone ſequi.
29 147 563 179 Veſte ſub ignota Venetum furialiter actum
1 176 544 210 Conuenit, & ſicto, quid velit, ore rogat.
35 211 637 239 Sancte Pater dixit thalamo mihi dormit adulter;
99 239 504 268 Hoc illi pectus transfodiam gladio.
34 268 631 291 Verum animæ fas eſt rationem habuiſſe miſellæ:
99 297 525 323 Confeſſus, merita crimina cæde luat.
32 329 624 358 ngredere & verbis obiurga vtrumque, docendo
2 356 530 385 Poſſe hoc deleri non niſi morte nefas.
71 387 578 416 Introit, & placido diſtentos membra ſopore
101 417 582 445 Ecitat: vtque oculos liquit amica quies,
34 445 580 475 Obſtupuere ambo, Patre viſo: ſed timor illis
2 475 473 504 Inriſum nota protinus exit anu.
33 504 631 538 Non opus heic riſu eſt, vbi ſunt diſcrimina certa:
102 533 605 567 Qui mortem intentet vir tuus inquit adeſt.
31 561 584 597 Surgite: at intrepido ne deſit pectore virtus:
101 592 509 615 Audaci facinus ſum meditata dolo.
31 621 487 656 Elabi vt poſſit primis ex ædibus iſte,
103 651 491 681 Tutelaxiues ſalua, Phlogilla mea.
31 673 590 711 Hoc totum celet monachali ſyrmate corpus:
104 710 558 739 Sed noſtra primum forfice barba cadat.
31 796 646 834 Ac paucis Criſpum adloquitur: commiſſa peregi.
105 827 614 851 Cui Venetus: factum eſt id bene; ſaluus abi.
31 850 639 887 Ille nihil contr; neque enim libet addere plura,
104 886 609 916 Ad rem cum intentus ſpectet vterque ſuam.
31 916 537 946 Dimitti gaudet dicta acceptaque ſalute:
1 946 497 977 Mercedem officii nec petit ille pii.
32 974 578 1006 Sollicite interea excipitur Dagolina cubili,
105 1005 544 1031 Pendet b euentu cui male certa ſalus.
76 1036 520 1059 Irruit armatus furiata mente maritus;
105 1065 546 1094 Intentatque auida vulnera dira manu.
25 1091 658 1122 Exclamant vxorque & anus: iuuat ire ſub vmbras,
104 1122 537 1152 Si mentem ſubiit tanta cupido necis.
687 1151 738 1172 Hæe
