872 1312
247 75 592 101 eIOAN.IACOBI
130 110 652 141 Hæc ſaltem immeritæ referam ſolatia mortis,
157 141 586 169 Perdita quod nimio dicar amore tui.
127 169 719 196 At tua ſeruet anum hanc clementia, cui fuit olims
159 197 641 228 Obſequiis noſtram cura iuuare domum.
128 227 644 257 Vix portu exieras, mihi cum lethale per artus
158 257 586 288 Frigus iit tecum nam mea vita fuit.
128 286 670 316 Quod poſtquam ſenſit, pede ſedula currit anili;
157 316 579 345 Atq; ait; abſenti quid cruclare viro?
127 345 594 373 Non illum a caro diduxit pectore pellex,
158 375 618 403 Spes mea, nec fallat qui te alienus amor.
125 402 748 436 Dandum aliquid patriæ eſt: reuocat reſpublica, quæq;
155 432 570 461 Publica pro patrio munia ciue gerit.
124 460 675 489 Nec mora; tu reducem accipies, & baſia mille
156 490 573 517 Iungent dilectis roſcida labra labris.
125 517 674 550 Poſtquam his ſolata eſt verbis, oculisq; fluentes
156 548 587 579 Abſterſit lacrimas, compoſuitq; toro;
126 577 663 609 Vix gelido gelidum mihi touit corpore corpus,
158 606 587 637 Oppreſſit donec fuſus vtramq; ſopor.
126 635 684 668 Cumq; huc irrupit monachus qui ſacra doceret,
156 664 617 696 A caſtâ poterat qui tamen eſſe procul.
124 692 565 720 Ignoſces faſſæ, mi vir, ſi ſola fuiſſem-
154 721 658 752 Cum metuam reliquos exanimata forem.
124 752 584 784 Argutâ interea luſtraus indagine criſpus
152 782 714 813 Omnia, dum nullum hec comperit eſſe virum:
123 810 724 843 Sola anus c ſt ſolâ cum coniuge, vtramq; iacentem
151 839 601 874 Teſtantemq; Deos ſupplice voce videt.
124 868 606 901 Tunc infit lacrimans, irâ gladioq; remiſſo,
153 900 647 927 O Superi, quibus eſt noſlra retenta manusl
123 927 606 959 O homines cœci, & ſanæ rationis egentes,
153 956 617 993 Lelotypis quoties mens furit acta rogisl
124 985 674 1022 Credideram, mea lux, mea vita, errore maligno,
152 1016 645 1044 Da veniam, noſtrum te vlolaſſe torum.
120 1044 646 1079 Tanta meis oculis caligo inſederat, vt quam
152 1073 676 1106 Cernis anum, arguerim te penes eſſe virum.
123 1101 601 1139 Sic viſa eſt maior, ſic curti fronte capill,
756 1139 785 1162 Sic
