872 1312
259 72 532 95 BOISSA
30 67 515 138 Sic mento denſis barba rigere pilis.
714 81 750 102 T
81 136 505 162 Et niſi me fidâ tenuiſſet Liuia dextra,
112 166 584 197 Enſis hic in geminum pectus iturus erat.
81 196 547 226 Crudeliq; meo fœdaſſem cæde penates,
109 227 612 254 Et, quâ non tota eſt caſtio vibe, domum.
80 254 646 287 Da veniam, facti tædet me namquepudetque:
110 284 610 314 Fecit amor, mea lux, hæc mala; fecit amor.
82 314 689 347 Tempore ab hoc credit ſua cuncta, Meliſſe, Phlogillæ
110 344 552 373 Criipus, theſauros, tecta, pudicitiam.
57 372 513 404 Secureq; ſuæ, quoties libet, ora puellæ
109 402 510 432 Eugenius ſelix nocte dieq; premit.
1 412 582 460 Vlla nec ad Criſpi poſita eſt cuſtodia limen.
110 461 528 491 Sic facta eſt victrix ingenioſa Venus.
192 492 593 521 oanni Duci Bipontino, Palatino Rheni.
35 513 696 550 Princeps, quo nec habet quidquam Germania maius,
110 550 579 579 Nec quidquam antiquâ nobilitate prius.
32 579 703 609 Quem Muſæ, quem Phœbus amat, quo præſide gaudet
110 607 521 633 Pallas, ſeu tractet Martia, ſiue libros.
31 636 606 668 Non ego ſum ignarus, fortunatiſſime, quantis
109 667 619 696 Propritim cumulent te aſtra ſecunda bonis
795 681 852 741 I
31 696 610 729 Quamq; tibi exacte librentur ſingula lance;
108 726 609 754 Lyncæis penerres quam omnia luminibus
31 755 599 785 Ecce tamen ſtolido nimium temerarius auſu,
108 784 515 815 Audeo iudicio hæc propoſuiſſe tuo:
1 811 568 844 V videam nugasq; neas, ſtultosq; labores
109 843 497 872 Inter quiſquilias verrier atq; teri;
29 869 536 900 Suſpenſoq; apinas iſtas, doctiſſime, naſo
109 902 540 932 Excipere & ſannâ carmina digna tuâ.
29 932 584 958 Sed fallor: paſſim multo clementior audis:
109 960 602 990 Plebeium, Princeps, non geris ingenium.
80 990 615 1018 Nec iuuat hæc ſubito te ſubſannare cachinno,
110 1020 520 1050 Nominibus quæ ſunt inferiora tuis
79 1048 597 1074 Vt bonus es, tu dona boni ſic conſulis, vt non
110 1079 591 1107 Cum faſtu abiicias quæ minus apta putes.
81 1107 634 1141 Gratia ſumma venit ſummis mediocria laudes:
690 1141 743 1162 Nos
