872 1312
282 63 608 88 OAN. IACCBP
160 102 642 131 Non tamen amittunt qualiacumque ſuas.
128 128 630 165 Diſcutis ex æquo libra monimenta fideli
159 159 573 191 Omnia, comſilio quæ ſapiente regis.
129 188 733 216 Q mque locu teneas, bene noſti; & fronte ſerena
157 217 551 244 Deſuper, vt par eſt, inferiora notas.
129 245 685 277 Quod ſi non recipis, meritis niſi congrua; nemo
157 275 577 305 .quabit laudes, Dux generoſe, tuas.
127 305 639 336 No qui Mæonio cantauit Pergama plectro,
154 334 607 363 Dulichioque dedit nomina clara duci:
126 362 652 390 Non qui grandiſono mandans neida verſu,
154 391 576 421 Deſcripſit Latia non imitanda tuba.
125 419 670 449 Altior es, qum quem maioribus incrementis,
155 450 621 482 Aut fama, aut virtus inclyta promoueat.
321 482 492 505 Ad P. Meliſum.
126 508 638 540 Gaudeo te Venetæ delectatum eſſe Phlogilla
153 536 558 567 Hiſtoria, & vaſtis obſtupuiſſe dolis.
124 566 621 597 Heic, non diuerſo euentu, te Alpina puella,
157 594 644 623 Quanta ſit immodico vis in amore, docet.
123 625 563 658 Venerat Adriacæ viſurapalatia gentis,
152 652 495 678 Et ſuaſu fatui Cæciliana viri.
122 682 581 714 Mirari non ſat potis eſt delubra, plateas,
150 711 573 739 Pictaque duenſis atr ia marmoribus.
123 741 653 772 Queque peregrinis tolluntur tecta columnis;
151 772 637 802 Quæque volant paſſim per vada ſalſa rates.
121 799 623 833 Sed magis extremo merces Oriente petitas:
149 829 693 861 Ouidquid opum Ganges, pictus & Indus habet.
117 857 560 890 Et multo teneras auro radiare puellas,
145 888 549 915 Et comptas nulla ruſticitate nurus.
118 916 630 952 Stamine fulgentes Serum diſtinguere veſtes,
144 946 547 978 Et cincinnatis carbaſa fcrre comis.
116 973 595 1011 Sic placuere viri comi ſermone diſerti,
141 1004 581 1040 Inque Cupidineis nata iuuenta iocis.
112 1033 603 1066 Alpinis poſthac valeant ait, oppida muris,
140 1064 550 1098 Et quæ dumoſa mœnia rupe latent.
107 1094 617 1129 t douo uaular tuaba pueæ
739 1129 766 1151 t
