872 1312
260 67 537 97 BOISSARDI.
112 106 581 142 Et quæ mammoſa pectora mole tument.
82 141 555 167 læ inter pecudes, & ouilia ſordida feſſæ,
112 168 518 200 Calloſa verſent fœda ſimeta manu.
81 198 579 234 Et vir ab agreſti nuper qui ſumptus aratro,
1 191 45 218 c
111 230 547 257 Rauci, propreropes, induit arma fori;
84 256 586 286 Ebrius ignitis hypocauſta calentia ilammis
112 288 515 317 Incolat; & largo proluat ora mero.
77 317 550 346 Me me delectant Italæ ſpectacula tcrræ:
75 346 521 374 Hæc loca ſunt patria diuiriora mea.
80 372 606 406 Blanditiæ, luxusque, & quæ iucunda voluptas
109 405 616 433 Exhibet, heic ſedes primo in honore tenent
82 433 592 464 Sobria gens mauult Veneri ludisque vacare,
1 434 45 457 t
111 465 637 493 Qum potu aut nimio membra grauare cibo.
80 491 642 523 Felix Oenotrio quæcumque ſub atnere nata eſt;
110 522 581 554 Quque ſuæpotuit gentis haberevirum
1 529 44 558 i
78 551 628 583 Vt mni forma nec eſt vulgaris; & ora genasque
87 582 531 610 Sic non mendaci murice tintagero.
76 609 647 639 Eſt coma Callaicum ſpecie quæ vinceret aurum:
109 639 550 669 Collaque ſunt patria candidiora niue.
77 668 613 693 Omnia ſunt mecum, cultus niſideeſſet: atille
107 699 599 723 Non deerit nobis, dummodo amare velim.
77 727 623 754 Nec fuerit mihi amor forſan contrarius, illum
805 702 864 752 I
106 757 522 787 Promoueat placida ſi Cytherea face.
76 787 580 809 O mihi ſi detur de tot mod millibus vnus?
105 817 535 844 Pomponi, es votis anteferende meis.
77 845 580 875 Tam tua me certa perſtrinxit forma ſagitta;
104 874 535 903 Tam collimatum cuſpide vulnus alo.
74 903 592 934 Ricius audierat queſtum plorantis, & ægram
106 935 499 963 Solatus poſthac, tu mea dixit, eris.
75 963 566 993 Annuit illa ruitque in baſia, complexuque
105 993 539 1021 Hæret, & indomitis ignibus vſta furit.
73 1020 538 1052 Ruſticus amiſſa luget conſorte maritus;
103 1052 550 1079 Præmiaque inſanæ ſimplicitatis habet.
71 1077 543 1114 Pœnitet at ſero Venetas vidiſſe paludes:
99 1109 585 1141 Pendet bi naulu onniugo trutis amans
668 1141 735 1174 o
