872 1312
275 73 553 107 BOISSARDI.
63 103 600 143 vgorhabenda,inquit, nulli virtute ſecunda,
114 139 607 172 Ouæ tibi det natos vultu animoque pares.
63 166 570 200 Parte ſui meliore caret, quem cœlibe vita,
112 201 589 231 Hærentem,nulla coniuge donat Hymen.
63 226 680 260 Conſilium placuit: votumque probante Minerua,
111 260 555 290 Ingreſſa eſt thalamos Iana Bolæa tuas.
63 288 644 322 Nortmanis qua nulla plagis illuſtrior vnquam
110 320 532 350 Viſa eſt ad ripas, herbifer Orne, tuas.
62 345 692 379 Nulla vnquam Oceani ad littus prudentior, aut cui
109 379 539 411 Hæſerit in tenero pulcrior ore lepos.
80 410 648 441 Mille petita procis cum eſſet; mille illa repulſis,
111 441 573 468 Vnum præpoſuit te, Ludouice, virum.
63 463 664 501 Nec temere elegit ſuadente id Pallade. namque-
112 500 495 530 Vttu illa, ſic te digna puella fuit
62 528 650 560 Quod felix fauſtumque igitur ſuccedat vtrique
108 560 588 584 Conſilium; & blandi fœdera amica tori
63 589 544 615 Inter vos ſtabili firmet concordia nexu,
106 620 552 649 Et qui perpetuo tempore duret amor.
62 648 669 678 Nec minus extremos poſtquam venietis ad annos,
108 679 584 709 Sicut amabis anum, diliget illa ſenem.
218 710 563 737 Ad Petrum Lepidum Metenſem.
63 732 565 762 Neo fortuna tibi contraria: nec tibi vitæ
106 769 584 798 Conditio vlla in re, Petre, dolenda venit.
63 795 613 829 Nam bene ſi trutines æquata ſingula lance:
108 829 585 858 Ouæ tu de Superis pauca queraris, erunt.
63 853 674 887 Corporibus vegeti tibi ſunt materque paterque
105 889 605 918 Diuorumque valet munere tota domus.
63 918 629 948 Caſta tuæ thalamos ſeruant penetralia Iannûs,
105 947 514 976 Qu non eſt tota mitior Auſtraſia.
63 977 530 1006 Iam teſſellatis vagit tibi paruula cunis
110 1007 564 1036 Annula, ſollicitæ dulce parentis onus.
63 1036 633 1066 Regia honore pari tu exerces munia, ſuntque
104 1066 605 1095 Nunc, quibus innumeris anteferaris, opes.
75 1095 707 1125 Anne parum eſſe putas, quod nil tibi deficit horum,
105 1124 507 1156 Iſta quibus dici vita beata poteſt:
684 1153 803 1185 od
