872 1312
283 63 610 88 TOAN. IACOBI
134 73 174 100 S
136 98 656 142 Quod culti patrio verſentur vomere ſulci,
164 128 605 165 Et ſpument plenis dulcia muſta cadis.
137 158 635 197 Quod cingas latis ſpatioſos ſepibus hortos,
165 189 577 226 Alciuoum quales incoluiſſe ferunt.
136 214 764 255 At qud rara fides, quod & ad ſua commoda quiſque
168 247 597 283 Spectet, amicitias vtilitate probrans;
137 277 719 315 Magna tuam, vt video, ſubit admiratio mentem:
168 305 646 345 Scilicet hæc noſtris res noua temporibus.
137 334 657 370 Si neſcis, Pyladem iuncta vt ſit fabula vero
166 365 638 403 Deliruim &fatuum ſccula noſtra notant.
138 393 614 431 Suſpenſo quiſquis recitabit Theſea naſo,
167 424 599 463 Et, poquo ſubiit vincula, Pirithoon:
1 434 41 460 Ml
139 453 623 485 O homnes ſtultos dicet: non iſta pericla
168 482 626 519 Pro patre, pro natis, ſint ſubeunda mihi.
136 509 782 546 Nemo mii ac merito, eſt me carior: hinc procul eſte
167 541 637 578 De quorum cenſu non mini præda venit.
1 553 32 568 t,
140 572 631 605 Viuo mihi: prodeſt hodie nulli ſua virtus:
167 601 665 637 Præſtat hero certam ſola crumena fidem.
142 631 714 666 Sic ſibi quiſque ſapit, Lepide, & ſic viuitur, vt te
169 662 641 691 Commoda ſi deſint, nullus amicus amet.
138 689 688 725 Vidi ego natorum foribus ploraſſe parentem, &
171 720 635 750 Subtracto inualidum procubuiſſe cibo.
138 746 701 784 Vidi, proh facinus, dotem quæ impenderet vltro,
168 781 638 810 De medio vt matrem tollere cæde queat.
136 809 666 841 Deſeruere ſuos quot res eſt priſca maritos?
167 839 610 873 Toxicaque incautis propoſuere viris?
136 866 669 898 Rara nurus ſocero eſt hodie, generoque fidelis
169 898 627 932 Socrus: priuigni mixta aconita bibunt.
136 928 655 961 Et ne conciperent, plures hauſere venenum:
167 959 530 991 Auſæ aliæ fœtus dilaniare ſuos.
136 983 709 1015 Non hoc ſuaſit amor, thalami aut deſertor aſon:
168 1019 539 1050 Non rapto pellex inſidioſa toro.
136 1043 702 1073 Iudice me veniam, Phædra, & Stenobæa, meretis.
167 1076 628 1114 Collata his quantum tu pia, Phaſis, eris?
137 1107 664 1140 Victa Cupidiao uoniam præcordia torre
744 1129 828 1154 Iud-
