872 1312
264 70 558 93 BOISSA
471 71 561 84 D
121 105 589 136 Iuicium vobis cordaque ſuſtulerant.
83 135 603 165 At magis his hodie patrant crudelia cuncti;
123 166 671 197 Dum mente atque animo, dum ratione valent.
42 195 600 224 Ille animi adfectus noſtri manſuetior, & ius
122 225 603 256 Naturæ, humanum quo genus omne coit.
42 255 613 285 Languet, & exili perſtringit pectora flammâ:
120 285 522 308 In multis maior cernitur eſſe feris.
92 316 591 347 Erga decrepitos reuerentia nulla parentes:
123 345 573 377 Quare? horum culpas vltio iuſta ſubit.
89 374 595 404 In varias hi ne minuant patrimonia partes,
123 404 565 434 Barbaricâ inceſtant impietate domos.
94 434 681 466 Tres fuerint natæ? binæ claudentur, eruntque
123 465 528 493 Perpetua ex voto virginitate ſacræ:
48 493 586 522 Vtmatura viro, & dulci ceſſura Hymenæo,
1 523 534 553 i Heres rem patriam tertia ſola ferat.
87 554 584 583 Sic quoque de natis eadem ſententia lata:
123 583 585 615 Qi rem poſſideant, vnus & alter erit;
71 612 624 644 Neve opibus reliqui excludi videantur auitis,
123 643 555 674 Huic mitræ & curui cura relicta pedi;
93 672 530 704 ille cucullataſucciaget pectora palla:
124 702 590 733 Seruabit Melitæ littora quartus eques.
41 732 634 761 Sic male proniſum eſtaris; peiusque miniſtris
123 762 561 793 Ararum, inuiti dum loca ſacra colunt.
43 792 683 821 Ingrata eſt Superis hominum vi impulſa voluntas:
123 822 501 844 In nobis illi libera corda volunt.
95 849 654 882 Sed nos nec Superos curamus: commoda noſtra
124 882 624 913 Quærimus: hæc nomen relligionis habent.
93 911 660 940 Nec ſcelus eſt vllum, quod non prætetus honeſti
122 941 547 970 Diluat, aut aliqua non ratione tegat.
95 969 640 992 His callum obduxi dudum: & ſic eſſe neceſſe
121 999 596 1030 Vt credam mores lexque recepta iubent.
2 1016 592 1058 Quid facias? monitis ſi nemo pareat. At tu
123 1059 546 1089 Qui cadit, vt caſu fac grauiore cadat:
93 1086 643 1118 Vt qui de ſcopulo quondam detruſit aſellum
123 1117 609 1148 Nolentem nunc eſt namque iuuare nefas.
660 1149 760 1180 r-
478 1150 562 1169 Oo
