872 1312
1 31 51 46 u
239 67 619 93 IOAN IACOBI
120 78 160 102 o
128 103 735 143 Quippe foris cœcum & ſurdum tibi proderit eſſ:
156 134 572 163 Vidiſſe alterius crimina ſæpe nocet.
129 162 714 193 e ſtudia illa domi teneant, quorum expedit vſus;
160 194 629 228 Quæ patriæ atque tuis vtilia eſſe queant.
131 225 642 259 Quod tibi ſi aſſidue tractata negotia portent
159 253 617 286 Tædia, queis placide tu recreeris, habes.
130 282 643 315 Seu tibi populea libeat recubare ſub vmbra,
160 313 574 351 Quâ circumfuſis ſunt ſaliceta vadis.
130 341 635 372 Seu vitreilatices cymba tranſnare Moſellæ,
158 374 577 398 Et citharæ docta fila mouere manu:
127 402 570 434 Adplaudet tenero colludens filia riſu;
157 431 654 463 Tractabitque fides impedietque modos.
126 461 664 492 Et ſi obiurgetur, tanquam importuna canenti,
158 490 611 520 Suauiolum patriis imprimet illa genis.
127 519 694 551 Paruaque conuertens ad matrem brachia Ianno,
156 551 555 574 Effictas blando molliet ore minas.
125 581 583 609 Hæc dum perpendes, huius faſtidia vitæ
155 608 634 640 Non venient, nec quæ te grauet vlla dies.
287 641 604 667 Ad Iac. Paſcharium Medicum.
125 667 694 700 Impoſitum eſſe doles, contra ius fasque Philoni:
154 700 623 729 Hoc tua te pietas, hoc facere vrget amor.
124 729 661 758 Non equidem miror, fieri iam talia. namque-
143 757 692 788 Non leuius ſtudium me quoque torſit idem.
124 787 601 819 Si bene quid fiat, fit conſuetudine priſca:
154 818 622 841 Si male, ſic melius mos nouus eſſe vetat.
123 846 661 877 Tu potius mirere, bonum ſi videris vſquam:
151 878 563 906 Saturni tales tempora protulerant.
121 905 728 936 Virtutem coluiſſe hodie eſt ſtultumque nefasques
149 936 582 966 Truditur, & riſu nonniſi digna venit.
119 965 599 995 Tu promiſſa putas in debita poſſe relabi:
146 996 599 1025 At contra opponit ſeſe hodierna fides.
117 1025 616 1054 Spes ingens fuerat promiſſis facta Philoni:
145 1054 541 1085 Paſchari, nulla lege tenetur herus.
117 1081 646 1114 Cum famulo verbis ſeſe obligat Illa vetuſtas
143 1114 588 1148 Atiquanimium ſimplicirate rigens.
723 1147 828 1178 ae
