872 1312
266 80 548 106 BOISSARDI.
78 117 599 148 CTunc dominis ſancte iuſſit promiſſa tueri:
121 147 572 177 Turpe fuit lucro poſthabuiſſe fidem.
78 176 640 214 Atnunc longealiud ſapimus: prudentia longe
120 207 581 236 Maior: quod doceat rectius, vſus habet.
90 236 566 270 Deliri præcepta ſenes auſtera ſequantur:
119 266 558 300 Libertas nulli eſt ſubdita noſtra iugo.
91 296 596 325 Conſilia euentu metimur cuncta ſecundos
119 326 445 358 In ſola virtus vtilitate ſedet.
90 356 596 388 Inſipiens fuerit, qui rumpere pacta veretur,
118 388 593 416 Prætextum quoties lucra futura dabunt.
89 418 649 449 Tres quamuis tantum tibi ſit dolus vtilis hotas,
119 447 568 475 Sic bene fallacem proderit eſſe tamen.
90 474 628 507 Quiſque ſibi viuit: cur multum publica curet,
119 506 630 538 Qui niſi quæ recipit, commoda nulla putat?
78 535 580 564 Sic hodie inter nos, Paſchari, viuitur, & ſic
118 565 505 596 Preſſa loco Virtus inferiore iacet.
78 592 632 626 Mitis erat quondam Regum ſuprema poteſtas,
117 626 613 657 Et domini in famulos mitius imperium.
86 655 613 685 De domino ſtuduit ſeruus bene poſſe mereri:
116 686 561 714 Et domino cura hæc digna fauore fuit.
89 713 545 746 Site ſedulitas ſemper ſine fruge fatigat,
117 744 620 775 Nec tibi parta quies, nec tibi partus honos:
78 774 620 812 Commoda ne ſperes ſeris capienda ſub annis:
117 804 540 836 Cur ſis alterius, cum tuus eſſe potes:?
87 833 583 857 Pollicitis adhibere fidem temeraria res eſt.
118 863 517 893 Simplicitas vulgi luditur iſta ioco.
86 893 607 924 Dum fueris domino florentibus vtilis annis,
117 923 580 953 Spes tibi promiſſis maxima ſemper erit.
78 952 549 980 Sed qui credulus his fidit fulcitur inani
116 981 649 1013 Veri vmbra, & bulla quam tumor inflat aquæ.
86 1010 634 1041 Huius ab exemplo quod diſcimus: omnia fecit
105 1041 538 1071 Quæcumque officio digna fuere ſuo.
85 1069 591 1100 Debuerat fieri cum poſt quadriennia diues,
116 1100 643 1131 Hunc vacuum argento iam duo luſlra vident.
86 1129 590 1162 Crediderat verbis; ſcriptura fulta nec vlla:
698 1164 751 1185 Prs-
