872 1312
294 85 621 120 OAN.IACORI
159 120 596 153 Propterea illius eſt reddita vana fides.
256 153 619 180 Ad Liuium Alerium Can o.
130 179 694 210 Diſſimules licet,oſtendit pallorque pudorque,
158 209 626 240 Te captum ardenti pectus habere face
129 239 650 269 Vix ſcabies & amor tegitur vix igneus ardor:
158 270 559 301 Produntur proprio ſæpius indicio.
131 297 648 330 Attu, quod celes me vulnera facta ſodalem
159 329 631 359 Falleris: eſt grauior pectore tectus amor.
128 355 785 388 Dum refugit mdicum mens non fert ægra medelam
160 387 585 417 Sed deploratis languida rebus erit.
131 415 722 448 His aliquando miſer raperer, dum naufragus vndis,
160 448 565 478 Vix tetigi lacera littora tuta rat.
132 474 619 506 Signa meis cœcus ſpoliis ornata lequebar,
161 504 667 535 Turpiter vſta truci ſtigmata ab hoſte gerens.
132 533 727 562 Nec tamen hanc cladem licuit ſentire. priuſquams
161 564 621 588 Pronus in extremum laberer exitium.
132 593 653 623 Tunc Metanœa ſolo ſolata eſt ſola iacentem:
164 623 644 655 Surge, ait: egreſſum res habet iſta ſuum.
133 652 662 680 Sume animos audax, & firmum robora pectus
163 681 640 707 Sollicitent: ac te ſis memor eſſe viru-
132 711 577 737 Inſanire tibi licuit, dum fata ſinebant
161 743 556 771 Mitia: clementes experiere Deos.
133 770 599 799 Sit ſatis, ætatis primos luſiſſe per annos:
164 799 650 830 Sæpe per hæenimium ſtulta iuuenta furit.
131 830 631 852 Ne tamen vltricem cœleſtis Numinis iram
161 861 615 890 Acceleres, rupta littora puppe cape.
132 888 650 919 Spes tibi ſit per me reuocandæ certa ſalutis
160 920 586 950 Ne dubita: capies patria tecta redux.
130 949 583 979 Dixit; & eripuit vaſti de gurgite ponti,
159 979 607 1009 Errot quo pridem me meus abſtulerat.
131 1008 615 1037 Hinc mihi libertas vitæ reuocata prioris:
160 1038 619 1067 Acquiſita mihi eſt hinc rediuiua ſalus.
131 1068 638 1098 At te non peior manet exitus, optime Liui:
163 1097 562 1127 Si tempeſtiua plaga iuuetur op
133 1125 663 1155 ?ncla reluctanti dextra meretricia rumpe:
750 1151 806 1189 Fla-
