872 1312
263 78 542 101 BOISSARDI
117 116 507 146 Pacato ſupplex at prius ito Ioui;
78 146 631 182 Qui tibi languentes ad pugnam roboret artus.
122 176 530 206 S pugnes tanto vindice victor eris.
91 206 581 236 Præcipites inſtant a tergo & fronte ruinæ:
120 236 566 264 At tibi præ ſoribus ſiſtitur auxilium-
78 264 582 296 Te fortunatum ter & amplius æſtimo, ſi tu
121 295 528 324 Exemplo potis es cautior eſſe meo.
249 324 575 353 Lentulo Vontidio Nucerino
78 352 637 387 i Menimium indulgere meis aſfectibus, vſque
121 384 493 414 Arguis, & turpi viuere mollicie:
93 413 611 444 Euincatque iubes prudentia firma dolorem,
123 441 593 475 Quem mihi paullo poſt auferet ipſa dies.
78 471 654 503 Perque iocum rogitas: quid ſi moreretur amica,
122 500 584 530 Cuius inexhauſto merſus amore fores.
93 531 599 557 Non tibi ſufficeret reuoluti terminus anni;
123 562 502 593 Qui debet vidui tædia ferre tori?
93 588 692 621 Lentule res loquitur, verum eſſe, quod arguis; & mi
123 619 590 655 QAm par eſt pectus mollius eſſe liquet.
78 648 688 681 Orta bis eſt, geminumque nouauit Cyuthia cornu,
123 679 600 710 Hoſpitis oſt ex quo funere merſa domus:
78 708 590 740 Bisque eſt hoſpitii mutata habitatio nobis
125 739 540 768 Sors vt mutato ſit magis æqua loco.
78 765 674 800 Tempora nec minuunt noſtros diuturna labores:
123 798 586 828 Nec mœror magna eſt anictate minor.
78 823 760 858 Sentio ſed magis hine quantum hoſpes ab hoſpite diſtet:
124 858 569 881 Clarius ex obitu hoc diſco, Faine, tuo.
78 886 608 910 Es tantum ante alios excellere viſus amicos,
123 917 542 946 Et tua perſpecto maior amore fides:
78 943 723 977 Quantum humiles ſuperat quercus frondoſa myricas,
123 974 642 1009 Ouantum alios vincunt Attica mella fauos.
78 1004 578 1030 Simihi tanta rei caræ iactura moleſta eſt;
123 1037 556 1064 Pectora ab humanis non aliena gero.
95 1065 573 1095 Amolli differt nam purus amicus amica,
125 1093 582 1124 Quantum amor caſta cœcus amicitia.
94 1122 573 1156 Virtutem colit hæc, cuius veſtigia ſeruat:
