872 1312
281 66 615 89 IOAN. IACOBI
161 106 572 136 lle Cupidinei eſt vanior igne foci.
133 135 649 164 Forma anni robur, facundia, gratia, nummi,
163 165 541 197 Ne deſit, facient vilis amica tibi.
135 194 606 228 Qua ſi priueris, ſubducta damna ſecunda
166 226 620 253 Pen ſabis: curam trudet amoris amor.
137 254 641 283 Si mundum Eois luſtres peregrinus ab oris,
164 283 595 313 Occiduæ donec preſſa erit ora plage,
135 314 663 344 Inuenies ex tot vix vſquam millibus vnum,
164 343 614 374 In quo aliquid certæ ſubſit amicitiæ.
135 371 648 396 Multos noſtra ætas titulotenus ornat amici,
164 401 687 433 Nomine qui ſolos ſe, & ſua commoda amant.
136 431 682 459 Commune omnibus eſt, etiam lenonibus ipſis,
166 462 631 491 De Virtute palam qualiacumque loqui;
127 491 639 526 t Atque incorruptos verbis extollere mores:
166 520 644 551 Sed qui horum monitis pareat, alter erit.
137 550 700 581 Scis cur tam multos hodie numeramus amicos
164 582 599 608 Rebus in aduerſis nullius vtor ope.
127 608 708 640 Non quod diſfidam quibus eſt propenſa voluntas
163 639 668 670 In nos, atque animo nos ſtudiisque colunt:
132 670 670 699 In primo vereor ſed tantum impingere portu;
162 700 596 729 Noſtra nec experto tradere vela freto.
133 724 743 757 Hinc procul eſt animæque meæ pars prima Meliſſus,
163 758 641 788 Temporibus duris præſidiumque meum.
133 785 708 819 Tu quoque abes, Paxi: patriam Cleopaſſe petiſti:
162 818 611 841 Tu, mihi vix bino menſe videre ſemel.
132 846 541 877 Addirit virtus caro me ſola Faino;
161 877 558 907 Aſſiduisque vſus cognitus officiis.
132 907 677 937 Hoſpitii hunc gemino iam conciliaueratanna
163 937 580 965 Conſuetudo, vlla quæ ſine labe fuit.
131 966 642 996 Feſtiui mores, candor, ſine fraude doloveA;
160 996 572 1026 Ingenuo qualis pectori ineſſe ſolet.
130 1023 661 1056 Non fuit Illyricæ ignarus linguæque Pelaſgæ;
160 1055 573 1085 Norat & Hiſpano purius ore loqui.
129 1085 662 1116 Pecit prudentem longa experientia rerumâ
155 1115 568 1145 t quod diuerſis vierat ante locis.
753 1137 831 1175 l
