872 1312
285 66 615 90 IOANIACORI
139 101 653 132 Quâm deuouiſſem certo mea pectora letho,
166 132 551 160 Vt vitæ longis perfruerere bonis.
137 162 666 193 Nil iuuat: ah, gemitu cœlum laſſamus inani;
166 193 579 218 Prætereunt ſurdos irrita vota Deos.
137 221 600 250 Nibibi ſingultus tibi nil ſuſpiria noſtra
166 249 672 279 Proſunt: fere quidem non reuocare, licett
136 280 706 310 Proh dolor: ergo iaces: & doctis ſacra Camœnis
167 310 669 340 Ante ſuum tempus pectora condet humus?
135 341 676 370 Oraque Cecropio ſtillantia nectare quondam,
164 370 630 399 Appula Gargano comprimet vrna ſolo?
136 399 634 428 Et nitor eloquii, & dulcis facundia linguæ,
165 428 601 458 Vrbanique ſales plenaque verba ioci.
135 459 705 487 Dignaque Arioniis muteſcent carminæ plectris
164 487 683 517 Tot bona, proh Superi, merſerit vna dies?
120 509 604 545 Heimihi, ſi ſine me potuiſti durus abire
163 546 592 575 Nec præſens, Læli, dum morerere, fui
120 572 635 607 Non tibi ccrdolium mortis ſolatus ademi;
163 605 630 636 Nec ſitienti aquulam dextea fida dedit.
132 636 712 665 Nec collo implicitus compreſſi his labra labellis;
159 665 670 696 Atque hauſi his animam dum fugitura fuit.
131 696 731 724 Non erat id raptum: mea erat, quam pectore cluſit
159 724 604 754 Ille; atque illius quam gero, iure fuit.
131 754 725 784 Cur mihi, quæ mea erant. Diuæ rapuiſtis? vt orbus
160 784 660 813 Parte mei. poſthac tempora amara feram.
131 815 631 843 O mors crudelis crudelis tu quoque Lælil
160 843 622 873 Cur mihi non licuit te moriente mori?
129 873 641 900 Mortuus es Domitinoſtris effuſus in vlnis;
158 903 605 926 Nec tantum inuidiæ fata habuere tua.
128 929 631 960 Oſcula complexus poſtremo in fine dediſti,
155 960 579 991 Et tua ſunt lacrimis ora rigata meis.
128 988 779 1027 Nil ſentire hominem fama eſt, poſt funera: falſum eſ
157 1019 655 1052 Ad planctus tibi ſunt lumina aperta meos.
127 1049 622 1077 Firmius atque meæ ceruici hæſere lacerti;
157 1076 574 1109 Et ſolui arctatæ vix potuere manus.
126 1108 631 1143 Et mecuis lethali frigore merſus,
740 1144 806 1176 Non
