872 1312
257 85 531 109 BOISSARDT.
713 84 753 108 S
44 121 572 155 Non benecompreſſo viſus es ore loqui.
45 150 644 188 Conceſſum inferias atque vltima ſoluere buſto
114 183 517 213 Dona, &ſinceræ pignora amicitiæ.
47 212 634 249 Cur ſe nunc, ſimili Cleopaſſus amore colendus
116 240 625 274 Suripit? & nuſquam conſpicicndus abeſt?
1 272 566 314 Non ſuprema dedit caro mandata ſodali;
115 302 548 327 Nec dixit moriens, dulcis amice vale.
86 332 594 362 At non impediet Parcarum iniuria, quin te,
116 362 513 393 Vt potero iuſtis proſequar ofſiciis.
87 390 602 417 Non fudi lacrimas cineri, barbamve reuulſi,
117 421 599 455 Quam manus incenſis ferret amica rogis.
45 448 670 481 Nec nardum coſtumque dedi pullatus, & ipſos
117 482 641 507 Cinnama natahomines, nata mouere Deos:
87 509 625 543 Non poſui monumenta meos teſtantia tuctus;
117 540 595 565 Marmora nec triſtes cæſa habuere notas:
45 565 665 601 Mœſtus ad Euganeos plorabam namque receſſus,
118 599 542 632 Cum te Gargani noxia texit humus.
45 630 665 655 Parcere forte mihi tunc Dii voluere; nec vnum
116 657 598 690 Tam multis hominem fſuctibus obruere:
46 686 610 717 Te Calara dudum rebar regione receptum;
119 717 562 751 Atque Hydruntinis ſoluere tura Deis;
46 748 579 776 Arua vbi Lædeo tibi ſunt vicina Tarento,
121 776 567 812 Qu ferris placidislente Galeſe, vadis.
1 782 47 808 .
45 806 564 835 Prima tui caſus mihi venit fama reuerlo,
119 836 546 870 Pomponi ſeriptis cognita fama mei;
46 863 607 899 Prædia quâ Auſtraſiis Metenſia verſat aratris
120 896 547 927 Ruſticus ad ripas flaue Moſella, tuas.
91 922 633 957 Abſeas nil potni, niſi pectora tundere planctu,
121 955 513 980 Et ſletu aſſiduo ſollicitare oculos.
94 985 647 1011 Sed tibi vocales tumulos, & carmina ponam?
122 1011 639 1048 Teque canam ſciſſis tempus in omne comis.
1 1028 43 1050 -
94 1043 579 1074 Na abitque olim te ſera nepotibus ætas:
124 1073 506 1105 Si poſt fata frui poſteritate datur.
93 1099 621 1131 Et viues noſtris, ſi viuent hæ quoque, chartis:
124 1131 545 1164 Sic nonex omni parte ſepultus eris.
671 1153 765 1186 Qquo
