872 1312
290 59 620 84 IOAN.IACOBI
143 96 652 127 Quique Guiaſdouio poſitus, ſidoque Faino,
169 126 641 155 Is tibi pro meritis nunc ſtatuetur honos.
141 155 679 187 Cuique ſuus finis datus eſt: ſic viuere oportet,
169 184 650 215 Vixiſſe vt nunquam poſtmodo pœniteat.
140 214 740 246 Vita hominis breuis eſt, variisque agitata procellis;
171 243 633 275 Nec ſecura quidem, nec diuturna quies.
138 274 673 306 Inter delicias, inter Veneremque, IocosqueP,
169 302 598 334 Obrepit tacito mors inopina pede.
137 334 711 363 Mane roſa orta viget murex quam lacteus ambit:
168 362 594 394 Pallidior ſed iam Sole cadente cadit.
138 392 645 425 Conditio peior noſtra eſt: non ipſa iuuenta
166 423 573 454 Tuta, nec in cunis eſt puer ipſe ſuis.
138 451 593 475 Omnia deficiunt ſubito nutantia caſu:
166 480 582 513 Non expectata eſt dura ruina magis.
140 510 616 536 Sola immortales Virtus facit: illa beatos
162 540 656 567 Reddidit vna homines reddidit vna Deos.
334 573 578 599 Ad Ni o. Verumm..
136 598 638 629 Digna tuis meritis tibi ſi, Villere, Deûm rex
162 628 599 658 Redderet, O quantis obruerere bonis
132 659 691 686 Nonne tuo hanc vitam, ſi vita eſt munere duco?
163 691 630 720 Quam tamen optarem funere poſſe tegi.
131 717 611 749 O quoties ſubit illa tuæ facundia linguæ
160 745 569 778 Eloquii & comi qui fluit ore lepos
131 775 686 805 Cum tibi narrarem rerum momenta mearum:
162 806 575 836 Vt fuerit luſtris ſors inimica tribus.
130 834 693 866 Et meritus meliora, inquis, Boiſſarde: ſed iſthæc
158 865 613 892 Tempora, ſi neſcis, non meliora ferunt
128 891 643 926 Ecquid in obtutu ſemper verſare malorum?
157 924 575 955 Nec finem luctus quæris, amice, tui?
128 952 659 987 Vt tuus eſt candor, tu ponere dignus es annos,
157 983 601 1014 Ne qua perſtringat te mala fama nota.
125 1012 716 1048 Viue domi; vtque potes deinceps conare moleſtas
155 1043 511 1073 Aoniis curas attenuare modis.
124 1070 633 1105 Ecce, peregrinum cur mauis ducere cœlum,
154 1100 623 1134 Rm uatriis placide conſenuiſſe focis
729 1139 811 1174 Atria
