872 1312
1 56 43 90 l
293 65 598 88 IOAN. IACOBI
128 71 173 92 So
1 90 44 107 I
164 104 615 133 Et curæ in ſolâ ſpes mihi morte venit.
129 133 654 162 Impetus ad patrios mihi venerat ire penates;
823 130 870 157 i
166 163 614 191 Sed patria adlicto non mii ſida ſatis.
128 192 664 221 Mœſtitiâ pereo, miſero quâ membta maligna
164 221 568 251 Paullatim mihi ſunt attenuata lue.
131 249 664 278 Vt ſolet abſumptâ raiians langueicere cerâ, &
825 273 869 299 :
155 279 626 309 Decreſcens ſenſim perdere tda iubar;
131 309 650 341 Sic ego dum totas bis ſex nteſque dieſque
165 340 572 369 Inſomnes vigili lumiue iſtis go:
133 369 609 396 Nec potu robur reſtaui ciboue; ſodalis
823 396 870 422 Iu
167 398 612 427 Nec qui conſilio ime iunet, vllus adeſt.
136 427 681 457 Exſtinguor; mœſtoque cadunt e pectorevires;
824 454 869 475 u
165 458 667 486 Atque animâ tanquam corpus inane, feror.
135 485 654 514 Vix roſeoadſurgit thalamo Tithonia coniux,
167 515 565 538 Phœbeæ metuo lumina clara facis.
1 519 72 544 a
136 544 668 576 Odi congreſſus hominum. oam fidere cuiuis,
167 576 593 604 Nec mca non noto fidere ſenſa volo.
136 603 625 632 Siue Dionæo iubar efferat Heſperus orbe;
166 633 593 662 Adproperat votis nox inimica meis.
845 664 870 684 Nu
132 663 674 694 Crebra mihi tenues rumpunr ſuſpiria ſomnos;
167 693 626 721 Membra vel inuiſo torquco laſa toro.
133 720 648 754 Eſſeda contemplor patulis Tegeæa feneſtris,
845 722 870 742 o
151 751 609 783 Et tardum paruis Arctophylacta focis:
135 781 627 812 Aſtraq; diuerſis paſſim fuigentia flammis,
167 811 575 840 Corpora conuexo ſuſpicienda polo.
135 839 670 870 Felices animæ exclamo, queis munere Diuûim
163 870 596 892 Illic conceſſum eſt obtinuiſſe locum
134 898 755 929 Ah, cur tam longæ ſuperant mihi tempora vitæ?
165 931 678 959 Tempora, quæ nunquam contigit vla quies.
133 959 715 989 Atque vtinam quando Patauinæ teimpore peſtis
165 988 550 1015 Millia ſunt vnâ tot tumulata die;
135 1018 659 1047 Dum me complexus præſenti morte Fainus,
166 1047 609 1075 In noſtro caram reddidit ore animam
134 1076 653 1107 Funeribus ſociis cominunia buſia ſubiſſem
163 1107 669 1137 Dicerer Euganeâ quâm bene tectus huto.
746 1137 822 1172 Non
