872 1312
315 68 615 91 IOAN. IACOBI
132 106 624 135 Si mihi nunc vacuo luget vindemia prælo:
162 135 604 165 Et mihi ſi nullo muſta liquore fluunt.
133 166 647 195 Audiit Vpilio Ianus mea damna querentem
163 195 617 224 Indignæ cuſtos tune quoq; Ianus ouis.
131 222 740 254 In commune iugum mecum trahis, inquit: eoſdem
162 254 593 284 Ad ſcopulos nobis fluctuat acta ratis.
131 284 579 313 Infelix poſitis lugendo vinitor armis,
163 314 620 342 Incumbens baculo tempus inane teris.
133 342 713 372 Heic tibi nil ftuctus, ſpe ne fruſtrere, relictum eſta
165 372 605 402 Ex alio poſthac commoda quære loco
132 401 700 432 Longa quidem poterat fundum cultura feracem
162 431 613 460 Reddere, ſi fructum littoris alga ferat.
131 462 647 490 Electus fuerat palmes tibi nobilis, at quem
163 490 582 520 Degenerem fecit terra nouerca loci.
132 520 622 543 Aduena viniferos vitiat labruſca racemos:
162 550 583 580 Et peregrina tuos inficit vua cados.
131 579 660 608 Sudatum fruſtra ſatis eſt: perit irritus omnis,
161 609 584 638 Qui labor in ſterili cogit aratra ſolo.
130 638 748 668 Horam vnam ante ipſam praſtat reſipiſcere noctem,
161 669 666 703 Qum damno integrum continuare diem.
128 699 577 727 Si fido ingrata cſt cultori vinea quære
154 727 543 757 Maioris qui ſit fertilitatis agrum
129 757 591 786 Et mihi non æqui fulſerunt ſidera cœli,
161 787 660 816 Cum primum his hauſi lumina luminibus
128 817 645 845 Vita ſeda primis grauior mihi tradita cunis,
159 847 596 876 Ad canos ſemper fluxit acerba pilos.
130 877 770 907 Cultus erat mihi grex iam per duo luſtra: nec vnquam
157 907 567 937 Me vidit vacuum feſta labore dies.
126 936 724 964 Non me grandi nibus, non imbribus Eurus obotti
157 965 623 996 Non menymboſis terruit Auſter aquis:
125 995 566 1020 Non laſſum vidit ſudanti Sirius æſtu,
157 1025 580 1056 Sicca Cleonæo dum ſitis igne farit:
126 1054 655 1083 Non qui frigus alunt Borealia aiiia venti,
110 1084 621 1120 Non quæ Parrhaſio nix venitoot pelo:
128 1114 637 1144 Sedula quin vigili ſtimulata indt.a suta
697 1136 803 1177 nen-
