872 1312
283 78 554 104 BOISSA
97 107 497 142 Prouentum culti redderet officii,
77 143 533 177 Paſcua ciuilis quando infeſtabat Enyo,
114 173 549 205 Vaſtabatq; ardens Gallica rura furor;
85 202 552 235 Cum mea turbarent infeſti ſepta leones,
113 235 593 266 Et premeret miſerum creber ouile lupus
82 263 629 295 Tum trepidæ ſtabulis non auſæ exire, bidentes,
112 294 567 327 Vrgentem, dixtis, fer bone paſtor opem.
83 323 624 351 Quot mihi ſunt vigili traduct lumine noctes?
112 352 482 377 Fecit & inuiſos ſollicitudo dies?
80 379 643 414 Teſtor vos Vogeſi nemora alta, atq; inuia luſtra,
112 413 571 443 Terror & ad Sarram, Parrhiſiiſq; metus.
83 441 626 476 Et meminiſtis adhuc, o conſcia ſidera: namque
109 471 517 502 Ter ducibus vobis eſt repetita fuga.
80 499 613 532 Senſerunt noſtros Rhenuſq; Nicerq; dolores;
108 530 531 558 Quos lacrimis vidi condoluiſie meis.
79 559 638 590 Ad quorum ripas quarta eſt mihi cognita meſſis;
108 590 591 619 Gramina dum felix me duce carpit ouis.
81 616 624 651 Vidiſti profugum Rhodani celer vnda; meuſq;
107 647 582 676 Eſt tibi perſpectus dure Lemanne, labor.
79 676 648 708 Quid dicam Euganeis fureret dum peſtis in aruis?
108 707 537 736 Dum bis mille mul ſuſtulit vna dies.
79 735 595 765 Et dedit antiquâ lacrimas Antennor ab vrna,
108 766 539 797 Medoacuſq; ſuas fletibus auxit aquas.
79 795 637 826 Exliauſtam vt Phrygiis viderunt ciuibus vrbem,
107 825 595 852 Quam conſtructam alio tunc voluere loco.
78 854 650 885 Tunc quos non gemius? quæ non ſuſpiria fudi?
111 884 522 909 Quæ non eſi votis ara onerata meis?
79 913 596 943 Ne funeſta lues pauidum aggrederetur ouile,
108 943 538 971 Et mihi præm.ſſæ præriperentur oues.
79 970 580 1003 Vt vos ſubtraherem crudelibus ipſe periclis,
107 1001 591 1025 Pro vobis viſum eſt tunc mihi dulce mori.
79 1031 610 1060 Patria me Venetis, quamuis renocaret ab oris,
110 1060 524 1090 reani unus grande datura pedi;
81 1086 652 1123 Ouiretque amplos magnus mihi Cæſar honores,
110 1119 510 1149 Vos potui patciæ præpoſuſſ meæ.
694 1155 741 1180 Nec
