872 1312
317 80 614 104 IOAN. IACOBI
127 81 171 111 S
132 117 753 148 Nec Nymphæ me torſit amor, quæ propter amenut
825 142 869 173 t
161 147 590 178 Danubium doctâ gauſapa pingit acu:
132 176 726 206 Vrget & adthalamos reditum, aſſiduiſque querelis,
162 207 559 236 Et triſli longas increpat ore moras.
826 232 869 252 I
133 236 713 265 Teſtis qui ſortem nactus, Boiſſarde, ſecundam es:
168 265 695 295 Namq; vt me, ſtudium te quoque torſitidem.
138 296 615 325 O quoties noſtros minuiſti voce laboresl
823 320 868 345 u
165 325 577 354 Et dixt, tanto quid cruciare metu?
137 354 650 383 Vota preceſque tuæ Diuos tetigere fauentes,
844 381 870 403 i
166 384 703 415 Quoram dextra tuam protegit vſque domum,
137 413 683 440 Ad patriam, dum fata ſinent, properabitis; & te
844 440 870 464 M
168 442 579 472 Excipiet ſenii tempore amica quies.
138 471 713 499 Piædixti mihi vera quidem: nam munere Diuûm
170 500 641 530 Rcdditus eſt patriis ſaluus vterque focis.
2 501 66 529 er
139 530 653 559 Sed cut non votis reſpondent cerera? rebus
168 560 585 588 In reliquis vates an mihi vanus eris?
139 589 633 617 Cœperunt albo caneſcere tempora crine;
170 618 670 648 Et caperat rigidam pendula tuga cutem.
845 620 870 640 hu
139 647 672 678 Langueſcit gel dus cireum præcordia ſanguiss
168 677 615 704 .tatiſque mihi iam minitatur hiems.
139 706 654 736 Eia age, dicebam longus labor otia poſcit;
170 736 641 764 Emeritamque petit tarda ſenccta rudem.
138 765 715 796 Mulctra paranda mihi, & lento de vimine corbis,
170 795 683 824 Durato liquidum quæ exprimat ore ſerm.
139 823 650 854 Vaſaque formando quæ ſunt aptata butyro,
170 854 638 883 Et quæ ſeruando commoda lacte patent.
821 884 868 907 M
138 882 689 912 Lana dabit ſagulum, caligas & barocucullum,
171 912 653 940 Lenior his poſthac bruma futura mihi eſt.
822 917 869 943 q
139 942 681 970 O cœlum I longe hæc mentem ſententia faſlits
170 972 681 1003 Hem nondum capti pellem ego vendo lupi.
139 1001 653 1032 De grege non vellens. lactiſue coagula preſli,
821 1002 870 1029 M
170 1030 616 1058 Fructus b ingratâ nec mihi venit oue.
821 1032 870 1061 Mu
139 1057 869 1089 Eſſ egonunc ptimim prognatum ab Aaone cruM
170 1088 639 1124 Agnoſco, nullum quod pecus vber habet.
136 1117 651 1149 At fulra ſudalſe totannoe;
706 1145 824 1186 Daa
