<?xml version="1.0" encoding="UTF-8" standalone="no"?><PcGts xmlns="http://schema.primaresearch.org/PAGE/gts/pagecontent/2019-07-15" xmlns:xsi="http://www.w3.org/2001/XMLSchema-instance" xsi:schemaLocation="http://schema.primaresearch.org/PAGE/gts/pagecontent/2019-07-15 http://schema.primaresearch.org/PAGE/gts/pagecontent/2019-07-15/pagecontent.xsd"><Metadata><Creator/><Created>2022-04-08T16:08:55</Created><LastChange>1970-01-01T00:00:00</LastChange><Comments/></Metadata><Page imageFilename="0621.png" imageHeight="1312" imageWidth="872"><TextRegion id="r1" orientation="0.0" type="paragraph"><Coords points="1,1 870,1 870,1310 1,1310"/><TextLine id="l1"><Coords points="317,80 317,104 614,104 614,80"/><TextEquiv><Unicode/></TextEquiv><TextEquiv index="1"><Unicode>IOAN. IACOBI</Unicode></TextEquiv></TextLine><TextLine id="l2"><Coords points="753,117 132,117 132,148 145,148 148,146 342,146 429,148 753,148"/><TextEquiv><Unicode/></TextEquiv><TextEquiv index="1"><Unicode>Nec Nymphæ me torſit amor, quæ propter amenut</Unicode></TextEquiv></TextLine><TextLine id="l3"><Coords points="590,177 590,149 161,147 161,176 249,175 379,178 552,178"/><TextEquiv><Unicode/></TextEquiv><TextEquiv index="1"><Unicode>Danubium doctâ gauſapa pingit acu:</Unicode></TextEquiv></TextLine><TextLine id="l4"><Coords points="726,176 626,176 620,178 552,179 386,178 379,179 249,176 132,176 132,205 145,206 726,206"/><TextEquiv><Unicode/></TextEquiv><TextEquiv index="1"><Unicode>Vrget &amp; adthalamos reditum, aſſiduiſque querelis,</Unicode></TextEquiv></TextLine><TextLine id="l5"><Coords points="162,207 162,236 559,236 559,207"/><TextEquiv><Unicode/></TextEquiv><TextEquiv index="1"><Unicode>Et triſli longas increpat ore moras.</Unicode></TextEquiv></TextLine><TextLine id="l6"><Coords points="133,236 133,265 713,265 713,236"/><TextEquiv><Unicode/></TextEquiv><TextEquiv index="1"><Unicode>Teſtis qui ſortem nactus, Boiſſarde, ſecundam es:</Unicode></TextEquiv></TextLine><TextLine id="l7"><Coords points="168,265 168,295 695,295 695,265"/><TextEquiv><Unicode/></TextEquiv><TextEquiv index="1"><Unicode>Namq; vt me, ſtudium te quoque torſitidem.</Unicode></TextEquiv></TextLine><TextLine id="l8"><Coords points="138,296 138,325 615,325 615,296"/><TextEquiv><Unicode/></TextEquiv><TextEquiv index="1"><Unicode>O quoties noſtros minuiſti voce laboresl</Unicode></TextEquiv></TextLine><TextLine id="l9"><Coords points="577,353 577,325 165,325 165,352 171,353 519,354"/><TextEquiv><Unicode/></TextEquiv><TextEquiv index="1"><Unicode>Et dixt, tanto quid cruciare metu?</Unicode></TextEquiv></TextLine><TextLine id="l10"><Coords points="650,354 137,354 137,381 333,383 650,383"/><TextEquiv><Unicode/></TextEquiv><TextEquiv index="1"><Unicode>Vota preceſque tuæ Diuos tetigere fauentes,</Unicode></TextEquiv></TextLine><TextLine id="l11"><Coords points="182,413 193,412 350,411 463,413 600,413 619,411 703,412 703,384 166,384 166,415 177,415"/><TextEquiv><Unicode/></TextEquiv><TextEquiv index="1"><Unicode>Quoram dextra tuam protegit vſque domum,</Unicode></TextEquiv></TextLine><TextLine id="l12"><Coords points="683,413 193,413 182,414 177,416 137,415 137,440 683,440"/><TextEquiv><Unicode/></TextEquiv><TextEquiv index="1"><Unicode>Ad patriam, dum fata ſinent, properabitis; &amp; te</Unicode></TextEquiv></TextLine><TextLine id="l13"><Coords points="168,442 168,472 579,472 579,442"/><TextEquiv><Unicode/></TextEquiv><TextEquiv index="1"><Unicode>Excipiet ſenii tempore amica quies.</Unicode></TextEquiv></TextLine><TextLine id="l14"><Coords points="713,471 138,471 138,499 713,499"/><TextEquiv><Unicode/></TextEquiv><TextEquiv index="1"><Unicode>Piædixti mihi vera quidem: nam munere Diuûm</Unicode></TextEquiv></TextLine><TextLine id="l15"><Coords points="170,500 170,530 641,530 641,500"/><TextEquiv><Unicode/></TextEquiv><TextEquiv index="1"><Unicode>Rcdditus eſt patriis ſaluus vterque focis.</Unicode></TextEquiv></TextLine><TextLine id="l16"><Coords points="139,530 139,559 653,559 653,530"/><TextEquiv><Unicode/></TextEquiv><TextEquiv index="1"><Unicode>Sed cut non votis reſpondent cerera? rebus</Unicode></TextEquiv></TextLine><TextLine id="l17"><Coords points="168,560 168,588 585,588 585,560"/><TextEquiv><Unicode/></TextEquiv><TextEquiv index="1"><Unicode>In reliquis vates an mihi vanus eris?</Unicode></TextEquiv></TextLine><TextLine id="l18"><Coords points="139,589 139,617 633,617 633,589"/><TextEquiv><Unicode/></TextEquiv><TextEquiv index="1"><Unicode>Cœperunt albo caneſcere tempora crine;</Unicode></TextEquiv></TextLine><TextLine id="l19"><Coords points="670,621 655,620 170,618 170,646 313,646 393,648 670,648"/><TextEquiv><Unicode/></TextEquiv><TextEquiv index="1"><Unicode>Et caperat rigidam pendula tuga cutem.</Unicode></TextEquiv></TextLine><TextLine id="l20"><Coords points="672,649 433,648 393,649 313,647 139,647 139,675 228,675 265,677 370,676 481,678 672,678"/><TextEquiv><Unicode/></TextEquiv><TextEquiv index="1"><Unicode>Langueſcit gel dus cireum præcordia ſanguiss</Unicode></TextEquiv></TextLine><TextLine id="l21"><Coords points="615,679 168,677 168,704 615,704"/><TextEquiv><Unicode/></TextEquiv><TextEquiv index="1"><Unicode>.tatiſque mihi iam minitatur hiems.</Unicode></TextEquiv></TextLine><TextLine id="l22"><Coords points="139,706 139,736 654,736 654,706"/><TextEquiv><Unicode/></TextEquiv><TextEquiv index="1"><Unicode>Eia age, dicebam longus labor otia poſcit;</Unicode></TextEquiv></TextLine><TextLine id="l23"><Coords points="170,736 170,764 641,764 641,736"/><TextEquiv><Unicode/></TextEquiv><TextEquiv index="1"><Unicode>Emeritamque petit tarda ſenccta rudem.</Unicode></TextEquiv></TextLine><TextLine id="l24"><Coords points="715,765 680,765 658,768 513,768 406,765 138,765 138,792 456,796 715,796"/><TextEquiv><Unicode/></TextEquiv><TextEquiv index="1"><Unicode>Mulctra paranda mihi, &amp; lento de vimine corbis,</Unicode></TextEquiv></TextLine><TextLine id="l25"><Coords points="683,797 547,798 352,795 170,795 170,821 183,822 336,824 683,824"/><TextEquiv><Unicode/></TextEquiv><TextEquiv index="1"><Unicode>Durato liquidum quæ exprimat ore ſerm.</Unicode></TextEquiv></TextLine><TextLine id="l26"><Coords points="650,827 139,823 139,850 166,850 209,853 292,852 399,854 650,854"/><TextEquiv><Unicode/></TextEquiv><TextEquiv index="1"><Unicode>Vaſaque formando quæ ſunt aptata butyro,</Unicode></TextEquiv></TextLine><TextLine id="l27"><Coords points="638,856 170,854 170,881 173,882 260,881 305,883 638,883"/><TextEquiv><Unicode/></TextEquiv><TextEquiv index="1"><Unicode>Et quæ ſeruando commoda lacte patent.</Unicode></TextEquiv></TextLine><TextLine id="l28"><Coords points="689,882 683,882 674,885 612,886 503,886 471,884 305,884 260,882 138,882 138,912 151,910 223,912 689,912"/><TextEquiv><Unicode/></TextEquiv><TextEquiv index="1"><Unicode>Lana dabit ſagulum, caligas &amp; barocucullum,</Unicode></TextEquiv></TextLine><TextLine id="l29"><Coords points="653,915 390,915 346,913 323,914 171,912 171,940 653,940"/><TextEquiv><Unicode/></TextEquiv><TextEquiv index="1"><Unicode>Lenior his poſthac bruma futura mihi eſt.</Unicode></TextEquiv></TextLine><TextLine id="l30"><Coords points="139,942 139,970 681,970 681,942"/><TextEquiv><Unicode/></TextEquiv><TextEquiv index="1"><Unicode>O cœlum I longe hæc mentem ſententia faſlits</Unicode></TextEquiv></TextLine><TextLine id="l31"><Coords points="681,974 525,975 394,972 170,972 170,998 174,999 423,1001 486,1003 681,1003"/><TextEquiv><Unicode/></TextEquiv><TextEquiv index="1"><Unicode>Hem nondum capti pellem ego vendo lupi.</Unicode></TextEquiv></TextLine><TextLine id="l32"><Coords points="653,1004 520,1005 485,1003 332,1001 139,1001 139,1028 218,1030 367,1030 421,1032 653,1032"/><TextEquiv><Unicode/></TextEquiv><TextEquiv index="1"><Unicode>De grege non vellens. lactiſue coagula preſli,</Unicode></TextEquiv></TextLine><TextLine id="l33"><Coords points="616,1034 501,1034 295,1030 170,1030 170,1055 182,1057 616,1058"/><TextEquiv><Unicode/></TextEquiv><TextEquiv index="1"><Unicode>Fructus b ingratâ nec mihi venit oue.</Unicode></TextEquiv></TextLine><TextLine id="l34"><Coords points="776,1057 667,1057 659,1062 654,1063 579,1064 500,1062 324,1061 289,1059 201,1059 181,1057 139,1057 139,1087 289,1087 327,1089 777,1089"/><TextEquiv><Unicode/></TextEquiv><TextEquiv index="1"><Unicode>Eſſ egonunc ptimim prognatum ab Aaone cruM</Unicode></TextEquiv></TextLine><TextLine id="l35"><Coords points="514,1121 639,1122 639,1092 489,1093 441,1091 327,1090 289,1088 170,1088 170,1116 249,1116 293,1118 471,1120 478,1124 509,1124"/><TextEquiv><Unicode/></TextEquiv><TextEquiv index="1"><Unicode>Agnoſco, nullum quod pecus vber habet.</Unicode></TextEquiv></TextLine><TextLine id="l36"><Coords points="651,1123 514,1122 509,1125 478,1125 471,1121 293,1119 249,1117 136,1117 136,1149 651,1149"/><TextEquiv><Unicode/></TextEquiv><TextEquiv index="1"><Unicode>At fulra ſudalſe totannoe;</Unicode></TextEquiv></TextLine><TextLine id="l37"><Coords points="706,1145 706,1186 805,1186 805,1145"/><TextEquiv><Unicode/></TextEquiv><TextEquiv index="1"><Unicode>Daa</Unicode></TextEquiv></TextLine><TextEquiv><Unicode/></TextEquiv></TextRegion></Page></PcGts>