872 1312
308 66 549 88 BOISSA
292 105 479 131 A P. Meliſſium.
88 129 506 160 Non ſeper fuerat neceſſe noſtram
86 161 463 191 Malis expoſitam ratem procellis
82 189 481 223 Suſpendi, dubios maris per æſtus:
79 220 464 249 Non ſemper fuerat neceſſe, tanta
86 249 492 282 Per diſcrimina Syrtiumque arenas,
85 280 518 312 Per cæcum Euboici vadum Capharei
82 309 405 342 riſti inſiſtere nauigationi
84 340 477 364 Tandem mitior intuens Deus me
85 369 479 402 Exemit tumido vagum profundo;
77 399 424 430 Et tuto ſtatuit Meliſſe, portu.
114 431 537 461 Iam nihii querimoniis relictum eſt
80 460 459 490 Spes votis mea iam ſuis notitur.
82 488 518 520 Nunc plenis mihi meſſis eſt maniplis
80 517 507 549 Conceſſa, & meritis repenſa merces:
86 548 470 579 Merces digna laboribust eractis.
116 578 489 608 Ille Antonius, ille Scquanorum
82 607 507 638 Qui Regum? ſerie genus trahendo,
85 637 495 669 Per tot ſtemmata nobiles Viennas
88 667 465 698 Auis adnumerat ſuis, quotanuis
88 696 441 729 Libellus mihi de ſuo treccntas
75 725 538 757 Qantum Rupipoææus ille quondam
79 756 433 786 Tuo Scaligero dediſſe fertur
79 785 518 818 Legauit, meritam rudem ociumque
80 816 496 843 Largiens; liceat mih vt Camœnis
91 844 481 876 Vitæ quod ſupereſt dare, &quicti.
117 874 597 906 Nunc me nullus Hymen, Venusqe nulla
89 903 446 935 Totâ ſollicitant die, anxiiſque
88 934 496 962 Curis pectora vellicant, nec vllum
89 962 482 995 Libertas mea iam feret capiſtrum,
90 992 539 1023 Nil deinceps mihi erit Cupido tecum;
91 1023 512 1052 Nec flagrantibus hinc & inde tædis
91 1052 481 1081 Adſtantes thalamis mcis pucllæ,
90 1081 541 1113 Et chorus iuuenum manu atque voce
89 1111 450 1139 Applaudent, & o iocis nouello
