872 1312
322 56 610 82 IOAN.IAC
336 97 605 120 Ad M.Anton. Varanum
129 122 582 153 Parce quæſo tuum, Varane, amicum,
127 153 524 183 Parce, oro, dapibus merique potu
129 183 569 213 Aggrauare? ſatis ſuperque factum eſt.
123 212 541 242 Conſuetudo mihi ſit ampla tecum;
126 241 526 271 Conuiuarier vſque tædioſum eſt.
129 272 596 301 Nolo, inquam, magis ac magis ciborum
134 301 494 331 ractari patinis, nec eſculentis
129 330 516 361 Farciri, valeant ſcyphi, metretæ,
130 360 518 389 Cœnæ, prandia lautiore ſumptu,
127 389 509 420 es eſt viuere parcius ſalubris.
129 419 576 448 Ventre ingratius eſt nihil: quia ipſum
127 447 571 477 Nunc vſque ad vomitum licet ſagines
126 476 504 506 Poſt horas tibi treſve quatuorve,
122 507 575 532 mmemor tamen amnium,adlatrabit.
214 537 632 567 Adſealas, quibus ſe nocto co tulit ad ai-
355 570 521 595 nu riente,
122 595 495 625 Scalæ, quæ mihi per tenebricoſ
126 625 515 654 Noctis aſtra pedem gradu ſideli
125 654 514 680 Fulſiſtis, facilem heri, ad Fainum
123 684 556 714 Exhalantem animam, viam dediſtis.
118 714 495 739 Dum lex lata minaciter vetaret,
122 743 489 771 gros lethifero tumore tactos
120 773 531 803 Aut contingere, mortuosve mœſtis
120 802 542 833 Sepuicris tumulare; ni quibus tunc
117 830 543 862 Commiſſum fuit idnegoti: adactus
122 860 512 892 Sodalemque ſodalic, & parentem
122 891 520 920 Natus deſeruit, parenſque natum:
119 921 541 950 Tunc per vos licuit tamen pio eſſe;
120 948 418 975 Vicini paries mihi roſeti
114 977 508 1010 Dum ſaltu ſuperatus eſt volucri.
149 1007 529 1034 O ſi nunc medicis liceret herbis,
120 1037 526 1069 Ad primum reuocare vos rigorem:
111 1066 489 1089 Colchorum celeri ſolum carinâ
118 1095 552 1128 eſtinus peterem; & prece euocatam
730 1132 798 1169 fue
