872 1312
308 68 610 94 IOAN. IACOBI
120 72 166 95 No4
835 103 870 134 t
121 105 599 134 Carole, te pullo vt vidit Fortuna fere tro
149 135 674 166 Tectum, oculos lacrimis ſoluit, & ingemuit.
834 134 869 167 u
120 164 610 192 Indignum facinus mirentur ſæcula dixit:
151 194 614 224 Quis fugiet Parcis ſtamina fuſa tribus?
121 224 728 254 Magnanimum durâ qui cinxit caſſide frontem,
150 252 608 284 Rupit & hoſtiles qui ferus enſe globos;
123 281 700 316 Sub quo magna olim tremuerunt regna, Duceſq;
151 312 635 343 Teutonicas hodie qui moderantur opes.
122 340 669 377 Albis & immenſi norunt vada cærula Rheni;
148 371 607 402 Latus & Euxinas qui perit Iſter aquas:
122 399 725 431 Et Ligeris, Rhodanuſque potens, Arariſque, fluenta,
150 429 643 459 Et Padus, & cultam regna per Oenotriam:
122 459 783 490 Quem Mauri Nomadumq; cohors, quem Punicus hoſtis,
836 458 870 487 di
151 487 554 515 Ouem nec lunati ſuſtinuere Getæ;
122 517 679 546 Exanimis tumulo mandatur Carolus: heu, heu
149 547 609 577 Non parcit generi mors fera, nec titulis.
276 577 638 605 M. RRâ, Daron Dicæi tumulus.
122 602 762 638 Siſte gradum, quiſquis caua marmora ſuſpicis hoſpes:
149 635 678 666 Spargere humum fuſis nec graue ſit lacrimis.
120 663 639 696 Hoc patrem clauſit patriæ Burgundia buſto;
150 694 647 726 Cum quo ſpes populi, vita Salusque iacet.
121 721 666 756 Hinc titulis diſcant nimium ne fidere magnis,
139 752 655 785 Qui mundum imperio diuitiiſque premunt
122 781 695 814 Si nec opes, nec honos, ſceptrique potentia auiti,
144 812 603 843 Parta nec a proauis gloria Principibus:
833 818 870 843 hu
120 839 709 874 Si neque tutata eſt Pietas, quin ſine propinquo
147 869 652 899 Clauſerit extremum morte iubente diem;
832 876 870 897 li
120 900 660 934 Te maneant quæ fata velis hinc diſcere, tu qui
147 929 589 961 Virtute, & meritis, hoſpes, es, inferior.
262 960 618 989 Franciſci Ry Marci f.tumulus.
118 987 650 1021 Surgebat, proauos animo qui vincere poſſet,
144 1018 581 1051 Franciſcus clari clara propago ducis:
114 1048 672 1076 Dum patriam duro preſſam defendet ab hoſte,
140 1077 642 1111 Magnaque dum tentat fortiter auſa Ras;
116 1105 586 1142 ogulo tenusilia ſubto
831 1111 870 1149 e
750 1140 830 1164 Si-
