872 1312
305 67 548 90 BOISSARDI
704 69 744 93 o:
79 102 550 134 Sica inopinato rumpit inerme latus.
31 132 672 166 Sic propriam, & Patriæ fudit cum ſanguine vitam;
105 162 513 194 Iilo ſuſtinuit qu moriente mori,
247 194 500 223 Helenæ â Ryâ Marci ſili.
77 221 448 247 Hee ſita eſt Helene, Viator, illa,
78 252 530 284 Non cui Tyndaris eſt parens Olorque;
77 280 461 313 Marci bellula ſed Ryæ propago:
77 311 422 342 Formâ eorporis elegantioris,
77 341 444 365 Et candore animi modeſtioris,
77 369 509 402 Culta & moribus. expetas quid vltra?
76 399 422 432 Rege digna viro. viroilla regi
75 428 442 460 Idcirco Superûm puella nupſit.
77 458 530 490 Sed mortale habuit quod, hoc quieſcit
73 487 474 519 Incluſumtumulo. roſis ſepulcrum
74 518 373 549 Spagito, violiſque, liliiſq;
74 547 528 579 Dona iſthæc cinerem iuuant ſepultum.
73 578 456 607 Hoc tantum iubet, atq; te valere.
285 609 523 637 Iacobi Soliaci Aſſaraci.
833 628 866 674 I
18 631 552 669 Quid tumulis hæres iſtis intente viator?
105 668 652 695 Aſſaracum heic duro marmore claudit humus.
31 695 565 727 In quo Soliacæ gentis decus omne renaſci
104 728 551 757 Sl fata hoc poſſent tollere debuerat.
74 757 556 787 Dum patriæ iuſtis hoſtes vlciſcitur armis,
103 787 553 817 Ad Ligerim pulero vulnere fuſus obit.
30 810 569 840 Parcæ immaturo truntarunt funere vi: am.
107 846 547 875 Quam virtus duplici fœnore reſtituit.
74 876 624 905 Haud moritur totus, quamuis ſit lumine caſſus,
103 905 555 936 Fortia qui potis eſt & gerere, atq, pati.
284 937 527 964 Petri Ronſardi tumulo.
29 963 437 992 Lugete Aonides, ſimulque fuſis
29 993 438 1024 Stillent vndiq; lacrimis, lyræq;
28 1023 526 1051 Mœſtum & flebile perſonent. Amores
28 1051 484 1076 Blandi, & vos Charites facetiarum
28 1080 440 1110 Oblitæ, ſaliumq;, quaſſa crebro
28 1110 485 1145 Planctu tundite pectora; & choreis
673 1140 737 1169 Nee
