872 1312
245 80 488 102 BOISSA
704 82 747 109 s
244 118 527 148 octauii cleopai, Lalii ſli
26 148 592 176 Parue puer, quem vix plenâ trieteride mater
104 178 544 207 Viderat, es Parcis parua rapina tribus.
77 207 598 238 Si ſaperent Dinæ, vos grandia nomina, nere
105 237 546 265 Huic totam Phryxi debueratis ouem.
26 268 590 297 Sed titulis nlla eſt hcic gratia Virtutique:
107 298 581 328 Omnia mors quâ ſternit iniqua mane.
264 329 556 357 Podori rrors.
27 354 645 396 Non oblita tui es, Lacheſis, quæ tata bonoru
108 386 502 415 Diceris iniuſtâ præcipitaſſe colu:
27 411 632 449 Ergo iaces Polydore, genus nec iuuit anitum;
108 446 596 475 Ood quondam Epiri ſceptra beata tulit.
27 467 543 508 Non te Regis amor Galli ſeruauit & illa
107 505 549 535 Deſponſata tuo Moya Nmpha toro,
27 530 493 567 Non Epernonii texit tutela fauoris.
108 566 587 595 Non lepidis cultum moribous ingenium.
27 594 624 623 Vna eadem eſt cunctis lerhi va. regibus idem,
110 623 528 653 Oui de plebe ſatis, exitus eſſe ſolet
823 621 870 660 I
39 654 583 680 Nec ratio ætatis, nec conditionis habetur.
108 684 565 714 O rigidum auſteri Numinis arbitrium:
252 714 531 741 Hieron. Caovaccii fedici.
821 732 850 761 I
26 743 592 773 Ille ego qui ſolitus Stygii frenare Charontis
108 773 510 798 Auſa, & fatales arte domare colos;
26 802 647 832 Senſi, proh dolor, heu ſenſi implacabile Numen
104 832 566 862 Et tandem imperio Parca ſubegit atrox.
26 862 583 891 Nil animo nocuit, cœlo quem Iupiter alto
106 893 545 923 Intulit: at corpus contegit iſte lapis,
25 922 573 951 Seruauit famam Virtus, quâ vindice dicor
104 950 531 980 Iuteger, & nullo tempore poſſe mori.
267 983 528 1007 Vale tni o i Baſrci.
24 1009 658 1049 Mors rapuit Greuium: manes auiete profundi
106 1040 560 1068 Ecce iterum vobis ſalget amica quies.
24 1061 613 1102 Ad vos deſcendet ncuus Ophous ill canorâ
106 1096 516 1129 Pannonicæ Ditem leiat arte lyr
79 1125 617 1160 Siſyphiis ſaxum ex umeris cacee: orbe rotari
677 1158 743 1182 De
4 1157 27 1196 A
