872 1312
333 65 632 90 IOAN. IACOBI
162 102 611 132 Deſinet Ixion; Tantalus amne bibet.
130 131 623 161 Belides abjicient utres; Tytiique cruento
161 161 560 190 Ceſſabet rodi vulturis ore jecur.
132 191 712 221 Miteſcet Minos: Rhadamanton & acon umbtæ
164 220 599 248 Gaudebunt torvas depoſuiſſe minas.
131 249 670 280 Eſte alacres: ac dum ceſſant totmenta, catenis
163 280 582 309 Exuti, euadat qui potis eftugere eſt.
134 308 609 340 Ad libertatem prtis concurrite apertis;
163 338 554 367 Bacfarco Elyſias ingrediente vias.
286 369 628 396 Mariæ Lepidæ, Petri ſiori filia.
136 395 594 422 Si roſa, ſi violæ, ſi mollis amaracus iſtos
163 427 656 456 Perpetuo ad tumulos veris honore nitent:
136 455 617 484 Si Guſto Idaliæ faciunt vmbracula myrti
166 483 573 516 Si ſparſus variis floribus halat ages
135 514 696 543 Non eſt quod nimium attonitus mirere Viator:
165 544 664 575 Condidit heic Paphius namſua tela puer:
134 574 689 602 Et Cypris alma faces; Lepidæ pullata feretrum
163 602 634 633 Lethæâ inſtrueret dum Libitina pyra.
133 631 697 663 Cinnama mœſta Charis puros coniecit in ignes
163 662 636 684 Et Panchæa dolens tura adoleuit Amor.
132 690 610 722 Ac fuſis lacrimis dixere nouiſſima verba:
164 719 621 750 Conſcius & ſenſit dona ſuprema cinis:
132 749 626 781 Felix vmbra, tua tranquilla pace ſub vrna
161 781 666 811 Dege: leuis tellus ſit tibi: aue atque vale:
346 812 534 836 Antonii Paſcharii.
132 835 725 870 Adſta hoſpes modicum: Paſeharius heic iacet; ilſe
162 867 614 898 In celebri clarus qui fuit Auſtraſia.
133 896 661 922 Occubuiſſe doles? eadem tibi funera reſfant:
161 928 679 957 Me quondam hac genuit conditione parens,
132 956 737 988 Vt moreretur Superis aliquando volentibus: atqui
161 985 578 1016 Moralis ſubii fata ſuprema libens.
131 1014 695 1048 Propoſita vna via eſt cunctis ad flumina Lethes.
161 1046 607 1069 Parcarum meſſis nos lacrimoſa ſumus.
132 1072 664 1106 Sed placuiſſe Deo ſatis eſt: Tellure ſepultum
159 1104 577 1135 Et corpus, cœli Spiritus aſtra colit
751 1134 822 1164 No-
