872 1312
286 59 540 83 BOISSARDI.
60 94 587 126 Nominis æterni conceſſa loquacibus annis
60 124 604 157 Fama eſt: an non hoc viuere, vita duplex?
60 173 598 217 Hac ſitus eſt patriæ columen Sartorius vrnâ;
318 158 485 179 Claudii Sartorii.
102 215 592 246 Quem patria e viuis mœſta obiiſſe gemit.
59 242 505 274 Eviuis abiit, quia viuere deſiit inter
100 273 495 303 Mortales, cœli poſſet vt arce capi
60 298 639 341 Nemo bonus moritur, virtus eſt funeris expers:
99 330 539 361 Illa ſuis facilem pandit in aſtra viam,
60 358 636 396 Quodque malis mors eſt, & ineluctabile fatum,
60 390 559 422 Hoc eſt præſidium vitaque certa bonis.
272 482 493 502 P. Aretius. Es ltalico.
60 497 564 539 Heio ſitus eſt Aretinus, amari vipera fellis;
96 539 578 568 Propritim famam cui mala lingua dedit.
60 566 478 594 Euaſit cuius nemo dicteria: functis
59 596 550 627 Imo etiam ſuetus Manibus eſſe grauis.
60 625 578 656 Cur non traduxit Numen cæleſte requiris?
94 653 605 687 Cauſſa eſt hæc; nullum credidit eſſe Deum.
205 688 616 715 De Magdalenâ Pr. Ioh. Bipontini vxore.
60 706 580 744 Arbitrio ſpeculi faciem dum Cypria comit,
59 739 582 775 Flauaque concinna tempora torquet acu:
59 769 607 804 Vt viciſſe iuuat natamque, Iouiſque ſororem,
60 798 603 833 Fama, inquit, tibi par, Magdalis, eſſe poteſt.
60 830 625 861 Indoluit: Phrygiam redeundum dixit ad Idam:
59 858 524 884 Dardanio victrix iudice rurſus ero.
59 889 608 921 Gargara contigerant: ponunt holoſerica nudæ
88 921 547 951 Texta, quibus roſeo ſubiicit ore Paris:
60 944 625 980 Hæc opibus Innonem æquat virtute Mineruam;
59 975 510 1008 De formâ reſtat quæſtibus ſola tibi.
59 1007 548 1037 Confer te Superis, vinces, formoſa Dione:
85 1037 536 1067 Inter mortales, Magali, palma tua eſt.
205 1070 509 1097 Ad lon inuom.
60 1094 613 1126 Hæc tibi cum primis Iani ſunt miſſa Celendis,
653 1126 717 1154 P
