<?xml version="1.0" encoding="UTF-8" standalone="no"?><PcGts xmlns="http://schema.primaresearch.org/PAGE/gts/pagecontent/2019-07-15" xmlns:xsi="http://www.w3.org/2001/XMLSchema-instance" xsi:schemaLocation="http://schema.primaresearch.org/PAGE/gts/pagecontent/2019-07-15 http://schema.primaresearch.org/PAGE/gts/pagecontent/2019-07-15/pagecontent.xsd"><Metadata><Creator/><Created>2022-04-08T16:18:56</Created><LastChange>1970-01-01T00:00:00</LastChange><Comments/></Metadata><Page imageFilename="0638.png" imageHeight="1312" imageWidth="872"><TextRegion id="r1" orientation="0.0" type="paragraph"><Coords points="1,1 870,1 870,1310 1,1310"/><TextLine id="l1"><Coords points="516,77 519,72 444,71 277,71 277,95 516,95"/><TextEquiv><Unicode/></TextEquiv><TextEquiv index="1"><Unicode>BOISSARI</Unicode></TextEquiv></TextLine><TextLine id="l2"><Coords points="88,107 88,136 516,136 516,107"/><TextEquiv><Unicode/></TextEquiv><TextEquiv index="1"><Unicode>Per te res agere heic tuas memeto,</Unicode></TextEquiv></TextLine><TextLine id="l3"><Coords points="460,140 287,139 253,137 90,137 90,167 213,167 242,169 290,167 345,167 368,169 460,170"/><TextEquiv><Unicode/></TextEquiv><TextEquiv index="1"><Unicode>Et penu proprio comeſſe dente.</Unicode></TextEquiv></TextLine><TextLine id="l4"><Coords points="617,171 495,169 490,171 436,172 367,169 261,169 261,196 334,196 380,198 617,198"/><TextEquiv><Unicode/></TextEquiv><TextEquiv index="1"><Unicode>Ad Fr. Vicnnâ, opetii Barone.</Unicode></TextEquiv></TextLine><TextLine id="l5"><Coords points="568,201 416,200 334,197 283,198 228,197 222,195 90,195 90,221 92,222 128,222 157,225 262,226 301,228 568,228"/><TextEquiv><Unicode/></TextEquiv><TextEquiv index="1"><Unicode>Vt radiosueuit natus Iouis alite pullus,</Unicode></TextEquiv></TextLine><TextLine id="l6"><Coords points="523,231 508,230 436,230 382,228 301,229 262,227 123,226 123,250 523,250"/><TextEquiv><Unicode/></TextEquiv><TextEquiv index="1"><Unicode>Solis &amp; illæſo lumine ferre iubar:</Unicode></TextEquiv></TextLine><TextLine id="l7"><Coords points="654,258 560,257 551,260 411,259 388,257 321,258 192,256 144,253 90,253 90,281 299,287 654,287"/><TextEquiv><Unicode/></TextEquiv><TextEquiv index="1"><Unicode>Sic tibi inaguanimum factis imtate parentem.</Unicode></TextEquiv></TextLine><TextLine id="l8"><Coords points="634,293 631,292 559,290 238,287 211,285 118,285 118,312 127,313 260,314 272,316 345,316 407,318 633,318"/><TextEquiv><Unicode/></TextEquiv><TextEquiv index="1"><Unicode>Mens fuit a cunis optima quæque ſequi:</Unicode></TextEquiv></TextLine><TextLine id="l9"><Coords points="694,318 634,318 625,321 615,321 593,319 407,319 170,314 87,314 87,341 116,341 168,344 257,344 270,347 291,348 355,346 476,348 694,348"/><TextEquiv><Unicode/></TextEquiv><TextEquiv index="1"><Unicode>Dum colis aſſidue generoſus vtramque Mineruam,</Unicode></TextEquiv></TextLine><TextLine id="l10"><Coords points="545,349 358,347 291,349 270,348 257,345 118,345 118,369 146,372 249,373 299,375 380,375 424,377 545,377"/><TextEquiv><Unicode/></TextEquiv><TextEquiv index="1"><Unicode>Armis ac ſtudis pectora perpoliens.</Unicode></TextEquiv></TextLine><TextLine id="l11"><Coords points="624,375 584,375 580,377 571,378 424,378 249,374 88,373 88,403 95,403 100,400 132,400 144,402 171,403 286,403 323,404 332,406 395,407 624,407"/><TextEquiv><Unicode/></TextEquiv><TextEquiv index="1"><Unicode>Macte animol tantis reſtant ſua præmia geſtis.</Unicode></TextEquiv></TextLine><TextLine id="l12"><Coords points="548,409 541,408 433,407 395,408 332,407 323,405 286,404 241,405 119,402 119,434 548,435"/><TextEquiv><Unicode/></TextEquiv><TextEquiv index="1"><Unicode>Sic nato pater eſt diguus, &amp; ille patre.</Unicode></TextEquiv></TextLine><TextLine id="l13"><Coords points="576,438 502,439 289,437 289,463 576,464"/><TextEquiv><Unicode/></TextEquiv><TextEquiv index="1"><Unicode>De Octauia o.</Unicode></TextEquiv></TextLine><TextLine id="l14"><Coords points="645,465 617,465 594,467 496,467 466,465 292,464 277,465 266,463 81,463 81,488 123,488 128,490 159,491 301,493 645,493"/><TextEquiv><Unicode/></TextEquiv><TextEquiv index="1"><Unicode>Natus erat, Cleopaſſe, tibi digniſſimus olim</Unicode></TextEquiv></TextLine><TextLine id="l15"><Coords points="534,525 534,498 474,496 464,498 418,498 393,495 365,495 345,493 301,494 159,492 116,490 116,519 226,522 287,522 309,524 366,523 469,526 524,526"/><TextEquiv><Unicode/></TextEquiv><TextEquiv index="1"><Unicode>Inſeruire Ioui pro Ganymcde puer.</Unicode></TextEquiv></TextLine><TextLine id="l16"><Coords points="667,528 650,524 635,523 561,523 551,526 469,527 366,524 309,525 287,523 82,520 82,547 134,548 141,550 158,551 339,552 377,554 668,554"/><TextEquiv><Unicode/></TextEquiv><TextEquiv index="1"><Unicode>Suſtulit hunc primis tibi mors inopina ſub annis:</Unicode></TextEquiv></TextLine><TextLine id="l17"><Coords points="559,557 554,556 490,556 458,554 377,555 339,553 158,552 140,550 114,550 114,579 172,581 235,581 260,583 559,583"/><TextEquiv><Unicode/></TextEquiv><TextEquiv index="1"><Unicode>Forſan &amp; hunc iuſſu ſutulit illa Iouis,</Unicode></TextEquiv></TextLine><TextLine id="l18"><Coords points="674,584 668,583 596,581 587,584 492,584 484,589 475,589 459,588 452,584 277,585 235,582 131,581 113,580 105,578 83,578 77,577 77,606 109,606 123,608 262,610 296,611 311,613 399,612 448,614 499,613 516,614 520,616 674,616"/><TextEquiv><Unicode/></TextEquiv><TextEquiv index="1"><Unicode>Marmore mandas quam mæſta Iaryce ſepulcro,</Unicode></TextEquiv></TextLine><TextLine id="l19"><Coords points="550,618 520,617 516,615 463,614 448,615 399,613 311,614 296,612 221,610 113,610 113,637 117,638 276,639 282,642 550,642"/><TextEquiv><Unicode/></TextEquiv><TextEquiv index="1"><Unicode>Pene ſimul iuncis occubuit tumulis.</Unicode></TextEquiv></TextLine><TextLine id="l20"><Coords points="634,641 575,640 567,643 496,644 323,643 284,644 276,640 82,639 82,665 113,665 116,667 147,666 156,668 635,668"/><TextEquiv><Unicode/></TextEquiv><TextEquiv index="1"><Unicode>Hoc vultu proſciila comas lacrimoſa ſedebat</Unicode></TextEquiv></TextLine><TextLine id="l21"><Coords points="507,704 507,673 375,673 233,669 117,669 117,676 113,679 113,696 118,697 255,699 281,701 399,700 406,704 454,705"/><TextEquiv><Unicode/></TextEquiv><TextEquiv index="1"><Unicode>Triſtis, ad Oetæos Deianira rogos.</Unicode></TextEquiv></TextLine><TextLine id="l22"><Coords points="580,703 538,703 529,701 525,703 507,705 409,706 399,701 281,702 255,700 82,698 82,722 580,722"/><TextEquiv><Unicode/></TextEquiv><TextEquiv index="1"><Unicode>Hac facie ad buſtum vidit Ciſiæis Achillis</Unicode></TextEquiv></TextLine><TextLine id="l23"><Coords points="570,732 508,733 419,732 384,730 343,731 218,728 110,728 110,753 130,756 244,759 570,759"/><TextEquiv><Unicode/></TextEquiv><TextEquiv index="1"><Unicode>Vim natæ iugulis ferre Neoptolemum.</Unicode></TextEquiv></TextLine><TextLine id="l24"><Coords points="626,759 610,759 601,762 474,762 369,761 355,759 244,760 148,758 129,756 81,756 81,783 135,784 176,787 217,786 271,788 626,788"/><TextEquiv><Unicode/></TextEquiv><TextEquiv index="1"><Unicode>Threicioque caput Polydori in littore auarus</Unicode></TextEquiv></TextLine><TextLine id="l25"><Coords points="552,792 389,791 378,789 305,790 217,787 107,787 107,814 119,815 212,816 229,819 552,819"/><TextEquiv><Unicode/></TextEquiv><TextEquiv index="1"><Unicode>Vltrices ſenſit dum Polyneſtor acus.</Unicode></TextEquiv></TextLine><TextLine id="l26"><Coords points="567,819 509,822 429,821 414,822 356,819 265,821 229,820 212,817 79,817 79,842 187,844 236,847 333,847 370,849 449,847 484,847 487,849 566,849"/><TextEquiv><Unicode/></TextEquiv><TextEquiv index="1"><Unicode>Deplorata ſalus nati eſt: ſuccurre parenti:</Unicode></TextEquiv></TextLine><TextLine id="l27"><Coords points="570,881 570,849 504,850 497,853 496,855 492,855 489,851 484,848 370,850 333,848 236,848 187,845 108,845 108,872 113,873 149,873 219,876 290,876 310,878 356,878 394,876 425,879 505,879 528,880 533,882 555,882"/><TextEquiv><Unicode/></TextEquiv><TextEquiv index="1"><Unicode>Viuat adhue, natum noc velit illa ſequi.</Unicode></TextEquiv></TextLine><TextLine id="l28"><Coords points="568,884 533,883 528,881 425,880 394,877 356,879 310,879 290,877 219,877 149,874 69,873 69,905 79,905 84,902 165,903 202,905 568,905"/><TextEquiv><Unicode/></TextEquiv><TextEquiv index="1"><Unicode>Hæc tentare poteſt pellaci Numina forma.</Unicode></TextEquiv></TextLine><TextLine id="l29"><Coords points="543,938 543,908 356,909 201,905 106,905 107,936 189,937 195,933 206,932 257,932 277,936 302,937 539,939"/><TextEquiv><Unicode/></TextEquiv><TextEquiv index="1"><Unicode>Iurgia Iunoni prima mouere ſat eſt.</Unicode></TextEquiv></TextLine><TextLine id="l30"><Coords points="549,938 539,940 433,940 369,938 234,937 234,960 549,960"/><TextEquiv><Unicode/></TextEquiv><TextEquiv index="1"><Unicode>DAngeeicc aliprâ ſenctâ.</Unicode></TextEquiv></TextLine><TextLine id="l31"><Coords points="621,965 591,965 586,967 460,966 438,967 368,966 320,963 71,963 69,964 69,988 121,989 173,992 320,992 357,995 398,996 621,997"/><TextEquiv><Unicode/></TextEquiv><TextEquiv index="1"><Unicode>Dum natum Cinarâ ſequitur formoſa Dione,</Unicode></TextEquiv></TextLine><TextLine id="l32"><Coords points="535,998 398,997 357,996 320,993 107,993 107,1019 119,1020 267,1021 345,1024 535,1024"/><TextEquiv><Unicode/></TextEquiv><TextEquiv index="1"><Unicode>Venatuque diem fallere cogit amor;</Unicode></TextEquiv></TextLine><TextLine id="l33"><Coords points="648,1025 615,1025 575,1022 563,1026 544,1027 416,1027 267,1022 119,1021 69,1017 69,1047 71,1047 108,1047 116,1049 174,1051 261,1050 309,1053 369,1053 408,1055 530,1054 546,1056 648,1056"/><TextEquiv><Unicode/></TextEquiv><TextEquiv index="1"><Unicode>Induit &amp; pharetram in morem ſuccincta Dianæ:</Unicode></TextEquiv></TextLine><TextLine id="l34"><Coords points="604,1058 569,1058 530,1055 408,1056 369,1054 309,1054 261,1051 107,1051 107,1075 126,1078 343,1080 394,1083 604,1083"/><TextEquiv><Unicode/></TextEquiv><TextEquiv index="1"><Unicode>Nec placet Idalion, nec placet ipſa Paphos,</Unicode></TextEquiv></TextLine><TextLine id="l35"><Coords points="623,1086 561,1084 435,1085 343,1081 126,1079 95,1074 77,1074 70,1078 69,1082 68,1106 86,1106 88,1105 138,1107 198,1107 216,1109 306,1109 350,1111 623,1111"/><TextEquiv><Unicode/></TextEquiv><TextEquiv index="1"><Unicode>Diſquirunt dominam Cypri: non alta Cithera,</Unicode></TextEquiv></TextLine><TextLine id="l36"><Coords points="100,1139 344,1145 402,1145 407,1142 421,1141 518,1141 518,1142 524,1143 529,1146 544,1147 618,1147 625,1142 632,1142 632,1115 381,1113 349,1111 215,1109 100,1109"/><TextEquiv><Unicode/></TextEquiv><TextEquiv index="1"><Unicode>Non Cnidos, aut Amathus detinuere Leam.</Unicode></TextEquiv></TextLine><TextLine id="l37"><Coords points="664,1147 664,1168 738,1168 738,1147"/><TextEquiv><Unicode/></TextEquiv><TextEquiv index="1"><Unicode>Vene-</Unicode></TextEquiv></TextLine><TextEquiv><Unicode/></TextEquiv></TextRegion></Page></PcGts>