872 1312
277 71 516 95 BOISSARI
722 76 760 95 cir
88 107 516 136 Per te res agere heic tuas memeto,
90 137 460 170 Et penu proprio comeſſe dente.
261 169 617 198 Ad Fr. Vicnnâ, opetii Barone.
90 195 568 228 Vt radiosueuit natus Iouis alite pullus,
123 226 523 250 Solis & illæſo lumine ferre iubar:
90 253 654 287 Sic tibi inaguanimum factis imtate parentem.
118 285 634 318 Mens fuit a cunis optima quæque ſequi:
56 314 694 348 Dum colis aſſidue generoſus vtramque Mineruam,
118 345 545 377 Armis ac ſtudis pectora perpoliens.
88 373 624 407 Macte animol tantis reſtant ſua præmia geſtis.
119 402 548 435 Sic nato pater eſt diguus, & ille patre.
289 437 576 464 De Octauia o.
81 463 645 493 Natus erat, Cleopaſſe, tibi digniſſimus olim
116 490 534 526 Inſeruire Ioui pro Ganymcde puer.
82 520 668 554 Suſtulit hunc primis tibi mors inopina ſub annis:
114 550 559 583 Forſan & hunc iuſſu ſutulit illa Iouis,
1 560 674 616 Marmore mandas quam mæſta Iaryce ſepulcro,
113 610 550 642 Pene ſimul iuncis occubuit tumulis.
82 639 635 668 Hoc vultu proſciila comas lacrimoſa ſedebat
113 669 507 705 Triſtis, ad Oetæos Deianira rogos.
82 698 580 722 Hac facie ad buſtum vidit Ciſiæis Achillis
110 728 570 759 Vim natæ iugulis ferre Neoptolemum.
81 756 626 788 Threicioque caput Polydori in littore auarus
107 787 552 819 Vltrices ſenſit dum Polyneſtor acus.
79 817 567 849 Deplorata ſalus nati eſt: ſuccurre parenti:
108 845 570 882 Viuat adhue, natum noc velit illa ſequi.
27 874 568 905 Hæc tentare poteſt pellaci Numina forma.
106 905 543 939 Iurgia Iunoni prima mouere ſat eſt.
234 937 549 960 DAngeeicc aliprâ ſenctâ.
23 963 621 997 Dum natum Cinarâ ſequitur formoſa Dione,
107 993 535 1024 Venatuque diem fallere cogit amor;
21 1010 648 1056 Induit & pharetram in morem ſuccincta Dianæ:
107 1051 604 1083 Nec placet Idalion, nec placet ipſa Paphos,
23 1067 623 1111 Diſquirunt dominam Cypri: non alta Cithera,
19 1109 632 1149 Non Cnidos, aut Amathus detinuere Leam.
664 1147 738 1168 Vene-
