872 1312
283 70 614 92 IOAN. IACOBI
123 104 641 134 Venere ad Venetos, quo crebr Dia receſſit,
160 133 627 168 Atque ibi poſthabita maluit eſſe Cypro.
130 163 657 197 Angelica occurrit: clamant; concurrite ciues
160 194 699 224 Cum plauſu; eſt nobis namque reperta Venus.
343 224 557 249 De Nicoleâ â Viennâ.
129 249 688 282 De formâ quondam nataſque Iouiſque ſororem
158 280 610 308 Dardanium fama eſt conſuluiſſe Parin?
129 307 669 341 Victricem Cyprin quid mirum eſt? illa doloſe
159 342 603 370 Induerat vultus nempe, Vienna, tuos:
353 370 548 390 De Loide â Viennâ.
133 397 617 432 Qui tecum priſcas formoſo Heroidas ore
160 427 669 461 Conferet, & flauæ, Nymphia, decore Comæ:
132 456 671 485 Fort tam multis tecum quæ certet habebit.
163 486 581 518 Sed quæ te ſuperet non erit ingenio.
215 516 698 549 In Symbolum Duris Bipont. Plus liceat quam
416 546 477 566 libeat.
121 568 668 603 Viua Dei Princeps prudens viuentis imago eſt:
158 604 621 634 Ingenita tibi quod ſat probitate doces.
131 633 630 663 Non ſemper, quoties peccamus, Iupiter ira
161 663 615 687 Ardet, & in ſontes fulmina torta rotat.
130 692 658 721 Sic quoque, ne ſceptri imperio videaris abuti,
158 721 602 750 Tu mauis, liceat plus tibi quam libeat.
309 753 574 773 Ad Lentulm Ventidium.
129 780 656 810 Nemo adeo prudens, qui falli neſciat: ars eſt
157 810 601 838 Summa, ſuo quæuis diſſimulare loco.
128 838 671 868 Eſt mala fraus omnis: ſed erit, me iudice, longe
157 869 652 899 Peſſima, prætextum quæ pietatis habet.
127 898 659 927 Signa tamen multis quædam natura reliquit,
156 928 685 958 Oueis tanquam ſpeculo proditur ingenium.
129 955 700 984 Quæ bene ſi pridem tibi, Lentule, nota fuiſſent,
153 986 544 1016 Non eſſes factus proditione reus.
124 1015 713 1045 Tento, niger rnftuſque Italus, ſimul albus Iberus,
155 1046 643 1077 Raro quidem, poſſunt attamen eſſe boni
312 1076 594 1106 Ad læalium leopaſſim.
122 1103 607 1130 Ne me muneribus ditatum credito, Læli:
708 1132 784 1156 Noſtra
