872 1312
270 72 509 106 BOISSARDI.
720 82 757 104 I
114 108 594 138 Noſtra grauis non eſt arcula muneribus.
88 138 566 169 Ditia mittuntur locupleti dona Lucullo.
34 169 563 203 Pauper in algenti ſede Menippus eget,
35 198 580 230 Neglectas canibus buccellas deuorat Irus:
116 226 540 261 Phaſis aues craſſo dantur Ariſtogeni.
35 256 560 286 Diuitibus ſolis capiuntur munera lauta:
114 288 632 321 Donum de raphano, de nuce, pauper habet.
34 317 488 350 Venator fio, fio piſcator & auceps:
104 344 564 376 Nec mihi de vario præda labore venit.
34 373 586 410 Magna tamen nobis dicuntur dona parari:
116 406 544 432 O vtinam firmet credita fama fidem
33 436 688 467 Spem cepi tardam claudo pede meſſis in herba eſt:
115 464 600 498 Sed quam tempeſtas carpere prima poteſt.
32 494 599 527 Anguillam cauda teneo.quæ lubrica furtim
113 522 563 554 Preſlantem fugiet mobilitate manum.
322 559 446 584 In Nidem.
35 583 546 614 Sæpe tuo, Nais, non agnoſcenda marito
112 613 497 646 Prodis, vt Lydo par videare Gygi.
32 641 566 676 Sic caluam aptato ſolita es variare galero:
114 672 502 703 Sic trita faciem docta polire faba.
31 701 521 729 Hirta fatigantur volſella labra tenace,
112 729 481 761 Lt ceruſſata tempora dura cute.
31 759 590 791 Sedula rugoſum Veneto ceromate collum,
823 764 849 794 I
111 789 530 823 Pſilotroque linis pectora opaca pilo.
28 819 605 853 Alarum Cyprio diapaſmate corrigis hircum;
30 849 655 882 Fitque olidum, vt credis, dropace virus hebes,
84 878 613 914 Suppoſita turpem celas analechtide gibbum:
111 909 547 941 quaturque leui ſubere pes breuior.
31 936 635 972 Dcfectusque alios formæ medicamine ſupples:
112 967 577 1001 Namque es millenis condita pyxidibus.
31 994 534 1026 Ambiguo cm tu ſecteris Protea vultu,
112 1025 628 1061 Immundum prohibetnulla medela tragum.
31 1051 653 1090 Tu licet innumero transforma ænigmate corpuss
822 1062 870 1097 I
78 1084 560 1117 Querenti quæ ſis, Naida prodet odor.
240 1116 571 1146 De Apro decoctore, ad Meliſſum.
685 1148 746 1172 Cum
