872 1312
294 79 537 108 BOISSARDI.
708 76 744 99 t5
35 110 436 144 Ad præſepia ſæpe cantitarum.
37 143 547 174 Lambit quo magis, ac magis ire lambit
37 172 561 202 Maſſam illam fatuam atque ineruditam,
37 202 458 223 Tant inſulſior eſt labos: amicis
37 233 490 260 Indigeſtum opus ille corrigendum
83 261 470 291 Tradit, quilibet expolit, dolatque
37 291 474 320 Quod poteſt, fuerat rigens Aſello
82 320 490 342 Detractum corium: ſed vt libellus
37 351 480 378 Cæpit rudere, prodidit parentem.
355 381 492 405 In Phyllidem.
84 407 643 438 Quod mal non audis, nec ſamâ. Phylli, labora,
110 437 538 465 Vllis nec dicta es ſuccubuiſſe procis:
1 466 551 490 s Hoe tribuit facies Lamiæ deformior:ſtâ
109 496 527 526 gide, Phylli, tuaeſt tuta pudicitia.
267 527 543 554 Ad Alardum Quintuluo.
34 555 542 584 Demere quod ſimi viſa eſt natura Pyreti
110 584 556 611 Naſo, eadem longis contulit auriculis.
33 613 608 641 Cornua ne deſint fronti, noua cogitat vxor:
112 642 583 673 Nulla genis, mento barba caprina riget.
32 673 592 703 Scilicet hoc Satyri formâ pinguntur & ore:
110 701 553 729 Nec Satyri Nymphis diſplicuere ſuis.
822 712 852 769 I
33 730 540 759 Ridiculus preſſ ſi fiat nare, quidad te?
110 757 618 794 Non quiuis naſum, uintule, habere poteſt
256 788 604 814 De rs ationiba.
3 797 602 846 Detinet Hiſpanum aſſiduo oblectatio ludo:
103 848 518 877 Gallo lautitiis plena culina placet.
83 877 585 906 Teutonibus grata eſt vinaria cella: lupanar
111 907 525 936 Nemo Italo melius qui tueatur erit.
308 937 501 957 De Abrah. Ortelio.
33 962 615 986 Si mihi Fortunam vellem concedere munus:
112 993 583 1024 Orteli primum poſcerem amicitiam;
32 1019 685 1051 Cui doctrina potens, facilesque ante omnia mores,
113 1052 496 1080 Cui lepidi vis eſt ingenioſa ſalis.
32 1080 654 1112 Deniq; in hoc reſidet quidquid pulcrique boniq;
112 1109 669 1139 Proprium habent Muſæ, Pallas, Apollo, Chas.
679 1138 743 1160 vls
