872 1312
298 74 540 96 BOISSARDI.
709 79 748 104 I
1 102 616 140 i Ouod qui truncato Dindyma teſte colunt.
34 140 718 175 Qud miſeram crucias natam, paterimprobe? non vult
111 171 573 195 Diuitias, ſed vult Lælia habere virum.
336 202 481 223 Ad Lamiam.
35 225 526 259 Cur nomen Lamiæ tibi indo, quæris?
35 258 520 290 Foris lumen habes, domique cæcus:
314 290 482 315 De La e.
34 311 480 348 Quid naſus Lamiæ refert, rogatis?
35 345 525 378 Caudam infundibuli mero rubentis.
364 379 469 399 De codem.
34 399 546 437 Cur cum de Lamia loquor, breuis ſum?
33 437 465 469 Ille encomia longa non meretur.
344 469 451 494 De Lippo.
33 494 629 526 Lippo oculi ſtillant lacrimis. multoque rubore
108 524 522 554 Infecit naſum murice tincta Tyros.
33 554 577 589 Id, Lenæe pater, tribuit tibi, cui bene noti
112 584 544 612 Quos Lippi calices ſugat anhela ſitis.
32 607 683 645 Quid ſi aliud cauſſæ eſt? fumorum venditor ille-.:
107 642 504 663 Eſt oculis fuminoxius acris odor.
235 673 570 701 Ad Philipp. Carionem, fde Lamia.
32 692 491 722 alſa cur Lamiæ omnium videntur
31 728 487 765 Dicta? vera quod is loqui negetur.
300 760 572 789 Ad Alardum Quintulum.
32 787 650 824 Noſtra, Meliſſæo coniuncta Epigrammata voto,
108 819 554 847 Poſtremo quod ſint fine repoſta doles.
31 840 663 881 Sed nil hinc damni capiunt: quocumque locetur
112 876 614 906 Quintule, non curat noſtra Thaleia ſitum.
32 897 625 934 Si bona ſunt, extremo etiam ſub fine legentur:
108 937 586 967 Si male; crunt primo non meliora loco.
258 964 556 986 A b. Feuinum Medicum.
79 992 459 1023 Duos caupo viros ſua in popina.
34 1023 486 1052 Excepit, ſociamque vterque ſe cum
34 1052 464 1076 Vxorem iubet adſidere: cœnam
33 1080 507 1110 Commendat cibus & locus. remota
8 1109 503 1141 Menſa quolibet exigit decem aſſes.
694 1137 740 1160 Tri-
465 1142 547 1174 R
