<PcGts xmlns="http://schema.primaresearch.org/PAGE/gts/pagecontent/2017-07-15" xmlns:xsi="http://www.w3.org/2001/XMLSchema-instance" xsi:schemaLocation="http://schema.primaresearch.org/PAGE/gts/pagecontent/2017-07-15 http://schema.primaresearch.org/PAGE/gts/pagecontent/2017-07-15/pagecontent.xsd"><Metadata><Creator>User123</Creator><Created>2020-04-19T01:00:19</Created><LastChange>2020-04-19T01:00:19</LastChange></Metadata><Page imageFilename="0645.png" imageHeight="1312" imageWidth="872"><TextRegion id="r0" type="paragraph"><Coords points="1,1 870,1 870,1310 1,1310"/><TextLine id="r0_l001"><Coords points="25,35 1,35 1,50 19,50 25,53"/><TextEquiv index="1"><Unicode></Unicode></TextEquiv></TextLine><TextLine id="r0_l002"><Coords points="21,85 25,82 25,55 19,51 1,51 1,87 12,87"/><TextEquiv index="1"><Unicode></Unicode></TextEquiv></TextLine><TextLine id="r0_l003"><Coords points="319,77 319,99 606,99 606,77"/><TextEquiv index="1"><Unicode>IOAN. IACOBI</Unicode></TextEquiv></TextLine><TextLine id="r0_l004"><Coords points="134,81 134,99 171,99 171,81"/><TextEquiv index="1"><Unicode>I</Unicode></TextEquiv></TextLine><TextLine id="r0_l005"><Coords points="47,114 47,83 25,83 18,87 1,88 1,116 22,116"/><TextEquiv index="1"><Unicode></Unicode></TextEquiv></TextLine><TextLine id="r0_l006"><Coords points="836,107 836,138 870,138 870,107"/><TextEquiv index="1"><Unicode></Unicode></TextEquiv></TextLine><TextLine id="r0_l007"><Coords points="133,115 133,143 548,143 548,115"/><TextEquiv index="1"><Unicode>Triginta numerantur, eſtque caupo</Unicode></TextEquiv></TextLine><TextLine id="r0_l008"><Coords points="46,115 3,117 3,145 46,145"/><TextEquiv index="1"><Unicode></Unicode></TextEquiv></TextLine><TextLine id="r0_l009"><Coords points="837,138 837,165 870,165 870,138"/><TextEquiv index="1"><Unicode></Unicode></TextEquiv></TextLine><TextLine id="r0_l010"><Coords points="134,144 134,172 635,172 635,144"/><TextEquiv index="1"><Unicode>Contentus pretio hoc: tamen decem vnus</Unicode></TextEquiv></TextLine><TextLine id="r0_l011"><Coords points="837,165 837,192 870,192 870,165"/><TextEquiv index="1"><Unicode>u</Unicode></TextEquiv></TextLine><TextLine id="r0_l012"><Coords points="550,173 275,172 186,174 166,172 134,172 134,201 427,201 550,203"/><TextEquiv index="1"><Unicode>Quiſque ſoluerat. id, Fevine, amabo,</Unicode></TextEquiv></TextLine><TextLine id="r0_l013"><Coords points="3,169 3,208 46,208 46,169"/><TextEquiv index="1"><Unicode></Unicode></TextEquiv></TextLine><TextLine id="r0_l014"><Coords points="838,197 838,217 870,217 870,197"/><TextEquiv index="1"><Unicode></Unicode></TextEquiv></TextLine><TextLine id="r0_l015"><Coords points="406,230 503,231 503,203 135,202 135,232 377,232"/><TextEquiv index="1"><Unicode>Quâ factum ratione ſit, doceto.</Unicode></TextEquiv></TextLine><TextLine id="r0_l016"><Coords points="3,208 3,273 46,273 46,208"/><TextEquiv index="1"><Unicode></Unicode></TextEquiv></TextLine><TextLine id="r0_l017"><Coords points="839,225 839,260 870,260 870,225"/><TextEquiv index="1"><Unicode></Unicode></TextEquiv></TextLine><TextLine id="r0_l018"><Coords points="371,232 371,256 495,256 495,232"/><TextEquiv index="1"><Unicode>Ad Fuſum.</Unicode></TextEquiv></TextLine><TextLine id="r0_l019"><Coords points="132,259 132,289 654,289 654,259"/><TextEquiv index="1"><Unicode>Fuſce, ego te nunquam, ne te fallaris, amavi;</Unicode></TextEquiv></TextLine><TextLine id="r0_l020"><Coords points="836,282 836,311 870,311 870,282"/><TextEquiv index="1"><Unicode>i</Unicode></TextEquiv></TextLine><TextLine id="r0_l021"><Coords points="573,290 164,289 164,317 573,318"/><TextEquiv index="1"><Unicode>Accedat titulis neve amor iſte tuis.</Unicode></TextEquiv></TextLine><TextLine id="r0_l022"><Coords points="21,351 26,344 26,313 24,309 17,304 2,304 2,353 17,353"/><TextEquiv index="1"><Unicode></Unicode></TextEquiv></TextLine><TextLine id="r0_l023"><Coords points="837,311 837,348 869,348 869,311"/><TextEquiv index="1"><Unicode></Unicode></TextEquiv></TextLine><TextLine id="r0_l024"><Coords points="724,317 605,317 591,319 292,320 180,319 133,317 133,345 724,346"/><TextEquiv index="1"><Unicode>Nec te odio, vt quereris male ſanus, proſequor vll.</Unicode></TextEquiv></TextLine><TextLine id="r0_l025"><Coords points="639,374 639,348 165,348 165,373 169,375 374,377"/><TextEquiv index="1"><Unicode>Tam leuibus curis pectora noſtra vacant.</Unicode></TextEquiv></TextLine><TextLine id="r0_l026"><Coords points="847,395 866,395 866,365 837,365 837,396 845,397"/><TextEquiv index="1"><Unicode></Unicode></TextEquiv></TextLine><TextLine id="r0_l027"><Coords points="707,375 374,378 178,377 168,375 134,375 134,403 152,404 707,404"/><TextEquiv index="1"><Unicode>Deſpicio te, vt nauci hominem: cur angeris vltta?</Unicode></TextEquiv></TextLine><TextLine id="r0_l028"><Coords points="43,381 1,382 1,419 43,419"/><TextEquiv index="1"><Unicode></Unicode></TextEquiv></TextLine><TextLine id="r0_l029"><Coords points="868,410 850,410 843,408 841,405 841,400 837,398 837,426 868,426"/><TextEquiv index="1"><Unicode></Unicode></TextEquiv></TextLine><TextLine id="r0_l030"><Coords points="653,404 580,406 368,407 163,406 163,435 293,435 296,433 313,432 385,433 416,435 653,435"/><TextEquiv index="1"><Unicode>Fuſce, ego non odi, ſed tamen haud amo te.</Unicode></TextEquiv></TextLine><TextLine id="r0_l031"><Coords points="838,430 838,458 869,458 869,430"/><TextEquiv index="1"><Unicode>u</Unicode></TextEquiv></TextLine><TextLine id="r0_l032"><Coords points="592,435 339,435 339,461 592,461"/><TextEquiv index="1"><Unicode>De Orlando Luſico.</Unicode></TextEquiv></TextLine><TextLine id="r0_l033"><Coords points="838,464 838,491 870,491 870,464"/><TextEquiv index="1"><Unicode></Unicode></TextEquiv></TextLine><TextLine id="r0_l034"><Coords points="138,463 138,491 615,491 615,463"/><TextEquiv index="1"><Unicode>Suauia miramur Thebani plectra poc tæ,</Unicode></TextEquiv></TextLine><TextLine id="r0_l035"><Coords points="1,473 1,499 61,499 61,473"/><TextEquiv index="1"><Unicode></Unicode></TextEquiv></TextLine><TextLine id="r0_l036"><Coords points="165,492 165,521 552,521 552,492"/><TextEquiv index="1"><Unicode>Et Metymnææ fila canora Lyræ:</Unicode></TextEquiv></TextLine><TextLine id="r0_l037"><Coords points="839,491 839,518 868,518 868,491"/><TextEquiv index="1"><Unicode></Unicode></TextEquiv></TextLine><TextLine id="r0_l038"><Coords points="60,520 75,519 81,515 81,500 2,499 2,523 47,523"/><TextEquiv index="1"><Unicode>u</Unicode></TextEquiv></TextLine><TextLine id="r0_l039"><Coords points="869,518 838,518 838,548 869,548"/><TextEquiv index="1"><Unicode></Unicode></TextEquiv></TextLine><TextLine id="r0_l040"><Coords points="135,521 135,551 680,551 680,521"/><TextEquiv index="1"><Unicode>Et quæ Biſtonii modulans ad Strimonis vnda</Unicode></TextEquiv></TextLine><TextLine id="r0_l041"><Coords points="165,551 165,579 568,579 568,551"/><TextEquiv index="1"><Unicode>Threiciæ vates protulit arte ehelis,</Unicode></TextEquiv></TextLine><TextLine id="r0_l042"><Coords points="869,549 838,549 838,579 869,579"/><TextEquiv index="1"><Unicode></Unicode></TextEquiv></TextLine><TextLine id="r0_l043"><Coords points="134,580 134,608 665,608 665,580"/><TextEquiv index="1"><Unicode>Laudamus meritos. Virtuti nempe bonorum</Unicode></TextEquiv></TextLine><TextLine id="r0_l044"><Coords points="867,580 835,580 835,601 867,602"/><TextEquiv index="1"><Unicode></Unicode></TextEquiv></TextLine><TextLine id="r0_l045"><Coords points="93,583 2,583 2,605 93,606"/><TextEquiv index="1"><Unicode>.</Unicode></TextEquiv></TextLine><TextLine id="r0_l046"><Coords points="52,635 52,606 1,606 1,636 49,636"/><TextEquiv index="1"><Unicode></Unicode></TextEquiv></TextLine><TextLine id="r0_l047"><Coords points="583,637 583,610 165,609 165,638 572,638"/><TextEquiv index="1"><Unicode>Inuita ſua laus redditur inuidia.</Unicode></TextEquiv></TextLine><TextLine id="r0_l048"><Coords points="869,628 833,627 832,644 830,648 803,649 797,651 791,657 791,663 793,666 869,666"/><TextEquiv index="1"><Unicode></Unicode></TextEquiv></TextLine><TextLine id="r0_l049"><Coords points="603,637 587,637 572,639 133,638 133,666 603,667"/><TextEquiv index="1"><Unicode>Atqui id ſi ſpectes ſaxis ſiluiſque videbis,</Unicode></TextEquiv></TextLine><TextLine id="r0_l050"><Coords points="541,669 535,668 166,668 166,696 177,697 541,697"/><TextEquiv index="1"><Unicode>Et cantata vagis illa fuiſſe feris.</Unicode></TextEquiv></TextLine><TextLine id="r0_l051"><Coords points="837,667 837,697 870,697 870,667"/><TextEquiv index="1"><Unicode></Unicode></TextEquiv></TextLine><TextLine id="r0_l052"><Coords points="1,655 1,732 45,732 45,655"/><TextEquiv index="1"><Unicode></Unicode></TextEquiv></TextLine><TextLine id="r0_l053"><Coords points="837,697 837,724 870,724 870,697"/><TextEquiv index="1"><Unicode></Unicode></TextEquiv></TextLine><TextLine id="r0_l054"><Coords points="707,696 580,696 565,698 353,699 177,698 138,696 138,723 327,726 707,726"/><TextEquiv index="1"><Unicode>Sed quanto maius fuerit Diuoſque homineſque</Unicode></TextEquiv></TextLine><TextLine id="r0_l055"><Coords points="165,727 165,750 599,750 599,727"/><TextEquiv index="1"><Unicode>Flectere, &amp; Aoniis conciliare modis?</Unicode></TextEquiv></TextLine><TextLine id="r0_l056"><Coords points="837,724 837,757 870,757 870,724"/><TextEquiv index="1"><Unicode></Unicode></TextEquiv></TextLine><TextLine id="r0_l057"><Coords points="135,755 135,785 599,785 599,755"/><TextEquiv index="1"><Unicode>Pace tua Latoë pater. comperta fatebor:</Unicode></TextEquiv></TextLine><TextLine id="r0_l058"><Coords points="837,757 837,778 870,778 870,757"/><TextEquiv index="1"><Unicode>li</Unicode></TextEquiv></TextLine><TextLine id="r0_l059"><Coords points="7,764 7,803 42,803 42,764"/><TextEquiv index="1"><Unicode></Unicode></TextEquiv></TextLine><TextLine id="r0_l060"><Coords points="168,785 168,814 651,814 651,785"/><TextEquiv index="1"><Unicode>Hoc docta Orlandus præſtitit harmonia.</Unicode></TextEquiv></TextLine><TextLine id="r0_l061"><Coords points="136,814 136,843 581,843 581,814"/><TextEquiv index="1"><Unicode>Si cui Caſtaliæ debetur gloria palmæ,</Unicode></TextEquiv></TextLine><TextLine id="r0_l062"><Coords points="834,816 834,836 870,836 870,816"/><TextEquiv index="1"><Unicode>t</Unicode></TextEquiv></TextLine><TextLine id="r0_l063"><Coords points="587,844 411,845 323,843 165,843 165,870 178,871 375,873 587,873"/><TextEquiv index="1"><Unicode>Ille ſit æterno laudis honore prior.</Unicode></TextEquiv></TextLine><TextLine id="r0_l064"><Coords points="600,873 136,873 136,900 196,899 209,901 600,901"/><TextEquiv index="1"><Unicode>Torrett ignitis integro cortice prunis</Unicode></TextEquiv></TextLine><TextLine id="r0_l065"><Coords points="837,875 837,902 869,902 869,875"/><TextEquiv index="1"><Unicode></Unicode></TextEquiv></TextLine><TextLine id="r0_l066"><Coords points="167,902 167,931 659,931 659,902"/><TextEquiv index="1"><Unicode>Caſtaneas, modica cultus ab arte coquus;</Unicode></TextEquiv></TextLine><TextLine id="r0_l067"><Coords points="840,902 840,926 870,926 870,902"/><TextEquiv index="1"><Unicode></Unicode></TextEquiv></TextLine><TextLine id="r0_l068"><Coords points="133,931 133,956 637,956 637,931"/><TextEquiv index="1"><Unicode>Im ventos humor calido dum ſoluitur æſtu,</Unicode></TextEquiv></TextLine><TextLine id="r0_l069"><Coords points="603,962 299,961 167,959 167,987 179,988 603,989"/><TextEquiv index="1"><Unicode>Hiſcentes, ſubitis concrepuere ſonis.</Unicode></TextEquiv></TextLine><TextLine id="r0_l070"><Coords points="626,990 540,992 136,989 136,1016 186,1016 205,1018 626,1018"/><TextEquiv index="1"><Unicode>Ne pedant, tenui ſciſſura incidere oportet</Unicode></TextEquiv></TextLine><TextLine id="r0_l071"><Coords points="834,980 834,1015 870,1015 870,980"/><TextEquiv index="1"><Unicode></Unicode></TextEquiv></TextLine><TextLine id="r0_l072"><Coords points="667,1049 667,1021 402,1021 165,1019 165,1045 177,1047 624,1050"/><TextEquiv index="1"><Unicode>Haſce nuces, puero proxima dixit anus.</Unicode></TextEquiv></TextLine><TextLine id="r0_l073"><Coords points="835,1024 835,1045 870,1045 870,1024"/><TextEquiv index="1"><Unicode></Unicode></TextEquiv></TextLine><TextLine id="r0_l074"><Coords points="703,1048 674,1048 667,1050 624,1051 137,1048 137,1077 142,1074 170,1074 231,1077 351,1078 703,1078"/><TextEquiv index="1"><Unicode>Cui puer:hirto igitur mater, quam cingis echino</Unicode></TextEquiv></TextLine><TextLine id="r0_l075"><Coords points="837,1047 837,1063 870,1063 870,1047"/><TextEquiv index="1"><Unicode></Unicode></TextEquiv></TextLine><TextLine id="r0_l076"><Coords points="630,1080 416,1078 166,1078 166,1107 398,1107 402,1105 423,1105 443,1107 630,1107"/><TextEquiv index="1"><Unicode>Nunquam vel prunis torrida pedet, ait.</Unicode></TextEquiv></TextLine><TextLine id="r0_l077"><Coords points="333,1109 333,1139 550,1139 550,1109"/><TextEquiv index="1"><Unicode>Ad Al. Quintulum.</Unicode></TextEquiv></TextLine><TextLine id="r0_l078"><Coords points="753,1136 753,1159 798,1159 798,1136"/><TextEquiv index="1"><Unicode>Sol-</Unicode></TextEquiv></TextLine><TextLine id="r0_l079"><Coords points="834,1140 834,1175 870,1175 870,1140"/><TextEquiv index="1"><Unicode></Unicode></TextEquiv></TextLine><TextLine id="r0_l080"><Coords points="39,1233 39,1259 84,1259 84,1233"/><TextEquiv index="1"><Unicode></Unicode></TextEquiv></TextLine></TextRegion></Page></PcGts>