872 1312
319 77 606 99 IOAN. IACOBI
133 115 548 143 Triginta numerantur, eſtque caupo
134 144 635 172 Contentus pretio hoc: tamen decem vnus
134 172 550 203 Quiſque ſoluerat. id, Fevine, amabo,
135 202 503 232 Quâ factum ratione ſit, doceto.
371 232 495 256 Ad Fuſum.
132 259 654 289 Fuſce, ego te nunquam, ne te fallaris, amavi;
164 289 573 318 Accedat titulis neve amor iſte tuis.
133 317 724 346 Nec te odio, vt quereris male ſanus, proſequor vll.
165 348 639 377 Tam leuibus curis pectora noſtra vacant.
134 375 707 404 Deſpicio te, vt nauci hominem: cur angeris vltta?
163 404 653 435 Fuſce, ego non odi, ſed tamen haud amo te.
339 435 592 461 De Orlando Luſico.
138 463 615 491 Suauia miramur Thebani plectra poc tæ,
165 492 552 521 Et Metymnææ fila canora Lyræ:
135 521 680 551 Et quæ Biſtonii modulans ad Strimonis vnda
165 551 568 579 Threiciæ vates protulit arte ehelis,
134 580 665 608 Laudamus meritos. Virtuti nempe bonorum
165 609 583 638 Inuita ſua laus redditur inuidia.
133 637 603 667 Atqui id ſi ſpectes ſaxis ſiluiſque videbis,
166 668 541 697 Et cantata vagis illa fuiſſe feris.
138 696 707 726 Sed quanto maius fuerit Diuoſque homineſque
165 727 599 750 Flectere, & Aoniis conciliare modis?
135 755 599 785 Pace tua Latoë pater. comperta fatebor:
168 785 651 814 Hoc docta Orlandus præſtitit harmonia.
136 814 581 843 Si cui Caſtaliæ debetur gloria palmæ,
165 843 587 873 Ille ſit æterno laudis honore prior.
136 873 600 901 Torrett ignitis integro cortice prunis
167 902 659 931 Caſtaneas, modica cultus ab arte coquus;
133 931 637 956 Im ventos humor calido dum ſoluitur æſtu,
167 959 603 989 Hiſcentes, ſubitis concrepuere ſonis.
136 989 626 1018 Ne pedant, tenui ſciſſura incidere oportet
165 1019 637 1050 Haſce nuces, puero proxima dixit anus.
137 1046 703 1078 Cui puer:hirto igitur mater, quam cingis echino
166 1078 630 1107 Nunquam vel prunis torrida pedet, ait.
333 1109 550 1139 Ad Al. Quintulum.
753 1136 806 1159 Sol-
