872 1312
267 70 517 93 BOISSARI
58 98 652 138 licitant Lippum permulti vt migret in vrbem:
98 138 488 168 Seceſſum præfert ruris at ille ſui.
58 163 606 199 Delirare putas hominem: ſapienter agit rem,
98 198 493 228 Nam ille eſt vici gloria prima ſui.
58 227 581 257 Vixerit is ciues doctos millimus inter,
97 256 567 286 Poſtremum ſmper iuſus inire locum.
57 286 615 317 Non ſine iuicio pus gerit omnia. princeps
98 314 579 348 Cæcorum in reguo. Quintule, luſcus erit.
265 349 509 374 PuloAeiſio Anno.
57 374 639 407 Quid tibi promittis? quid ſpe te paſſis inani
99 405 495 434 Non eſt arbitrio Lyda ſororve tui
58 432 574 463 Concinnata tuis non eſt hc ſaucibus offa:
97 465 587 494 Tu nondum iuſti ponderis inguen labes,
58 493 678 527 Dum licet, egreſſumque vides, cane, Paulle, receptus
97 523 578 552 Fibula conſtringit non bene nexa femur.
58 550 594 586 Ni tibi contingat, Satyro quod fecit Apollo;
93 583 491 605 In ſtulti veræor ne moriare cute.
266 614 581 639 DeTaræo ad N. Goullonum.
58 639 568 674 Dipſas anus parco datur edentata Taræo:
94 672 582 696 Dotem, non curuam ducit auarus anum,
57 697 628 733 Conſultum penui eſt, dixit ſportamque macelll
98 729 539 757 Non toties loculos euacuaſſe querar.
58 759 669 792 Auferet vna famem plus, conſciſſumque minutal?
98 788 549 817 Nil ſolidi, amiſſis dentibus, eſſe poteſt.
58 815 602 848 Cœna tamen ſumptu multo maiore paratur:
99 848 575 877 Dum minus illa cibi, plus capit illa meri,
59 873 674 905 Fallimur, exclamat; vetulæ ſupereſt gula: nam qu
100 906 525 938 Parcius illa vorat, largius illa bibit.
256 938 505 964 De Lupo ruſtico capto.
60 963 528 994 Lupum ruſtica gens ferum ac rapacem,
59 994 536 1023 Iufeſtumoue ouibus capit: cruci quem
60 1024 466 1052 Suffgenolum allrvolunt, vel igni
60 1052 471 1082 Torrendim: aſtalii ſ cante ferro
60 1079 520 1103 Conſciſiiun cus ari vorandum.
60 1110 460 1142 Iater quos aiiis nvalis maritus
60 1139 430 1176 Factus auipisiisquod cuenire
684 1143 740 1170 No
