872 1312
267 71 517 93 BOISSARI
692 73 733 97 t
36 98 652 138 licitant Lippum permulti vt migret in vrbem:
98 138 488 168 Seceſſum præfert ruris at ille ſui.
37 159 606 199 Delirare putas hominem: ſapienter agit rem,
98 198 493 228 Nam ille eſt vici gloria prima ſui.
36 227 581 257 Vixerit is ciues doctos millimus inter,
97 256 567 286 Poſtremum ſmper iuſus inire locum.
35 286 615 317 Non ſine iuicio pus gerit omnia. princeps
1 315 579 348 Cæcorum in reguo. Quintule, luſcus erit.
265 349 509 374 PuloAeiſio Anno.
1 375 639 407 Quid tibi promittis? quid ſpe te paſſis inani
99 405 495 434 Non eſt arbitrio Lyda ſororve tui
34 428 574 463 Concinnata tuis non eſt hc ſaucibus offa:
97 465 587 494 Tu nondum iuſti ponderis inguen labes,
34 494 678 527 Dum licet, egreſſumque vides, cane, Paulle, receptus
97 523 578 552 Fibula conſtringit non bene nexa femur.
32 551 594 586 Ni tibi contingat, Satyro quod fecit Apollo;
40 583 491 605 In ſtulti veræor ne moriare cute.
266 614 581 639 DeTaræo ad N. Goullonum.
28 640 568 675 Dipſas anus parco datur edentata Taræo:
94 672 582 696 Dotem, non curuam ducit auarus anum,
2 696 628 741 Conſultum penui eſt, dixit ſportamque macelll
98 729 539 757 Non toties loculos euacuaſſe querar.
31 759 669 802 Auferet vna famem plus, conſciſſumque minutal?
98 788 549 817 Nil ſolidi, amiſſis dentibus, eſſe poteſt.
32 811 602 850 Cœna tamen ſumptu multo maiore paratur:
99 848 575 877 Dum minus illa cibi, plus capit illa meri,
32 868 674 905 Fallimur, exclamat; vetulæ ſupereſt gula: nam qu
100 906 525 938 Parcius illa vorat, largius illa bibit.
256 938 505 964 De Lupo ruſtico capto.
32 964 528 997 Lupum ruſtica gens ferum ac rapacem,
27 994 536 1023 Iufeſtumoue ouibus capit: cruci quem
33 1024 466 1052 Suffgenolum allrvolunt, vel igni
32 1052 471 1082 Torrendim: aſtalii ſ cante ferro
1 1074 520 1103 Conſciſiiun cus ari vorandum.
33 1110 460 1142 Iater quos aiiis nvalis maritus
23 1140 430 1179 Factus auipisiisquod cuenire
684 1143 740 1170 No
