872 1312
327 76 614 98 IOAN. IAC
139 112 559 145 Non paucis ſolet o viri, inquit, ipſas
138 142 535 171 Furcas tollite, reſtiumque nodos,
138 170 617 204 Ferrum, ignem, laqueos, crucem, flagella.
141 200 535 227 Sunt leuiſſima, maius inferendum
141 231 502 262 Sonti ſupplicium, iubetis illum
140 258 520 288 Pœnas, vt meruit,luiſſe? nubat.
347 291 483 317 In largiten.
139 314 674 351 Antiquam ducens ſeriem de ſtemmage priſco
171 347 596 379 Margites, claris ſicque ſuperbus auis;
141 374 646 406 Plebeio inſtitui repurat ſibi turpe magiſtro,
170 404 599 435 Plebeio Virtus quare amet eſſe loco?
141 432 635 465 Nobilis antiquæ vt videatur ſtirpis aſellus,
171 463 593 493 Nobilis illiapte doctor agaſo datur.
395 493 538 514 A Ponticum.
121 520 709 553 Ate ſat memini quondam me, Pontice, amatum
171 550 611 582 Reddere nec gratas me voluiſſe vices.
141 583 627 610 Hoc ideo feci, quo me importunus amare
172 610 613 638 Deſineres: tanti non ego amare volo.
141 638 711 670 Nunc quia me leuius, multoque remiſſius ardes,
170 669 658 700 Pontice, te quim cor malo videre meum.
335 709 575 736 Ad Geog. ſæcilianum.
142 735 636 766 Vtere conſilio rebus prudenter agendis,
171 767 644 795 Et ſimilem ſimili iunge, paremque pari.
141 795 653 826 Inſana inſano quare Aulo Pyrrha negatur?
171 825 614 853 Par vtriuſque ætas, par vtriuſque color.
142 852 682 882 Ditior hæc fertur, nam prædia poſſidet ampla;
172 883 621 913 Iniga ſed formæ eſt, indiga & ingenii.
142 912 653 942 Præter virtutiſque & opum ſi dicere fas eſt
173 943 572 971 Cæciliane, rei nullius Aulus eget.
397 982 543 1002 Ad Amicum.
141 1016 621 1046 Arcanum tibi dixeram, idque in aurem
140 1046 548 1074 Lege hac, vt tibi creditum taceres.
141 1076 560 1105 Dicis id lapidicinquis, atque muto.
143 1105 659 1136 Nunc muti, & lapides, quid hoc? loquuntus
781 1133 813 1166 n
