872 1312
152 13 366 28 -
224 60 499 87 BOISSARDI.
698 68 735 91 r.
254 104 514 133 In effigiem Nc. Reuſei.
35 131 581 168 Reuſneri faciem pictam qui viderit, & quas
100 162 483 184 Viuaci ſueuit lumine ferre faces:
35 184 629 223 Talis erat quondam frons, inquiet alta Solonis;
99 223 532 251 Si tegerent cani tempora, Neſtor crat.
35 243 601 282 Tu bonus es iudex, ſpectator candide: ſed tu
98 282 461 310 Solius cernis corporis effigiem.
34 304 624 347 Quod ſi doctrinam noris, moresque politos,
98 342 538 370 Polleat & quantis dotibus ingenium:
35 369 564 404 Delie, tu dices, ſpretæque valete Camœnæ:
96 400 589 430 Hic mihi erit Phœbi Caſtalidumque loco
293 442 395 461 De Arno.
34 458 566 493 Odiſſe vxorem cunctis conuincitur Arnus;
94 498 515 528 Frigida deſerto quod cubet illa toro.
1 519 618 561 Hancſibi dilectam tamen adſerit; atque maritâ
94 557 463 588 Vti ſe alterius, parcat vt ipſe ſuæ.
260 598 436 626 In maledicum.
32 625 474 653 Cui tincta eſt facies rubente cocco;
7 654 484 685 Cui dens eſt ſcaber, os hians, capillus
32 684 405 716 Ruber, poſteriora terga gibba,
32 713 403 743 Pes alter breuior; putabis illi
29 743 467 798 a:
32 799 437 832 Phœbus ex adytis canat recluſis.
33 832 497 873 Quem natura notauit, hunc caueto.
198 871 535 902 Ad Petrum Lepidum Metenſem.
33 894 580 931 Vidiſti, Lepide, exſerto mucrone Thraſonem,
34 932 566 961 Dum nemo obſiſtit, cuncta replere metu?
34 959 560 1002 Oraque blaſphemâ ventoſa reſoluere voce?
89 990 576 1020 Stultaque contempto fundere verba Deo?
31 1011 608 1049 Euomat vſque licet prædas, incendia, cædes;
20 1047 624 1077 Omnibus his cautum eſt: nil niſi verba vomit.
31 1075 554 1109 Audacem fatuæ præ ſe fert fronte Leonem:
30 1108 566 1137 Degeneri pauidum corde gerit leporem.
631 1134 723 1158 Ad
