872 1312
224 60 499 87 BOISSARDI.
254 104 514 133 In effigiem Nc. Reuſei.
58 131 581 168 Reuſneri faciem pictam qui viderit, & quas
100 162 483 184 Viuaci ſueuit lumine ferre faces:
58 188 629 223 Talis erat quondam frons, inquiet alta Solonis;
99 223 532 251 Si tegerent cani tempora, Neſtor crat.
58 249 601 282 Tu bonus es iudex, ſpectator candide: ſed tu
98 282 461 310 Solius cernis corporis effigiem.
58 309 585 346 Quod ſi doctrinam noris, moresque politos,
98 342 538 370 Polleat & quantis dotibus ingenium:
58 369 564 401 Delie, tu dices, ſpretæque valete Camœnæ:
96 400 589 430 Hic mihi erit Phœbi Caſtalidumque loco
293 442 395 461 De Arno.
58 460 566 493 Odiſſe vxorem cunctis conuincitur Arnus;
94 498 515 528 Frigida deſerto quod cubet illa toro.
58 524 618 561 Hancſibi dilectam tamen adſerit; atque maritâ
94 557 463 588 Vti ſe alterius, parcat vt ipſe ſuæ.
260 598 436 626 In maledicum.
57 625 474 653 Cui tincta eſt facies rubente cocco;
58 654 484 685 Cui dens eſt ſcaber, os hians, capillus
58 684 405 716 Ruber, poſteriora terga gibba,
58 714 403 743 Pes alter breuior; putabis illi
58 798 437 832 Phœbus ex adytis canat recluſis.
58 831 497 873 Quem natura notauit, hunc caueto.
198 871 535 902 Ad Petrum Lepidum Metenſem.
55 894 580 931 Vidiſti, Lepide, exſerto mucrone Thraſonem,
55 931 566 961 Dum nemo obſiſtit, cuncta replere metu?
55 959 560 994 Oraque blaſphemâ ventoſa reſoluere voce?
89 990 576 1020 Stultaque contempto fundere verba Deo?
54 1018 608 1049 Euomat vſque licet prædas, incendia, cædes;
55 1047 624 1077 Omnibus his cautum eſt: nil niſi verba vomit.
55 1076 554 1109 Audacem fatuæ præ ſe fert fronte Leonem:
55 1108 566 1137 Degeneri pauidum corde gerit leporem.
631 1134 723 1158 Ad
