872 1312
287 64 618 96 IOAN. IACOBI
144 81 185 99 Se
834 86 869 119 u
1 100 32 115 t
313 111 584 137 Ad .. eliſſum, de Pyreto.
834 119 869 143 u
141 137 629 168 Dum ter ſeptenos & tres piſctor in annos
173 167 617 196 Adſiduo cœcum capto labore fretum:
140 194 707 228 Nunc quaſſæ ad ſilices rumpuntur vimina naſſæ,
136 227 639 255 Nunc hami & calami gurgite depereumt.
141 255 617 284 Sciſſa aut nodoſo lacerantur retia plexu;
175 283 660 314 Aut vibrata in aquas fuſcina torper hebes.
141 313 680 344 Cuncta reluctautur: ſaudac captura laborem.
175 343 632 372 Pauper, & in vacu per vada lintre feror.
143 369 720 402 Ecce, anguilla hamo tandem ſpem præter, adhæſu
175 401 570 431 Longa, ſed exili continuata modo.
831 412 869 439 i
146 429 631 460 Aut aliquid forſan, vel nil cepiſſe videbor:
176 461 672 488 Tutius adſimem, Paulle, vt vtrumque reor.
144 487 703 518 Prenſabo hanc digitis: ſed cum retinereputabo,
175 518 580 547 Viſcosâ effugiet lubricitate manus.
276 548 627 576 Ad Quinctim Lætum Romanm.
2 576 634 631 Barbarico turgens auſa eſt te ſpernere faſtu
5 585 48 600 a ,
177 606 657 630 Barbara, & ad thalamos nolle venire tuos.
831 618 870 649 ſ
144 633 722 666 Quæ mihi cum tetricis, inquit commercia Muſis?
811 649 870 674 M
175 665 605 693 Enerues reddunt inualidosque viros.
143 693 621 722 Calloſus galeâ & ſudorbus vdus anhelis,
177 723 628 752 Deque nouâ rediens cæde, maritus erit.
145 752 694 782 Arguit iſta trucem, Quincti, ſententia mentem:
177 781 639 810 Sed cur non ſaperet Barbara barbariemi
383 815 502 832 A Fucu.
830 815 870 845 u
145 840 641 869 In populo nihil eſt tua quod dicteria vitet:
175 869 597 899 Vſque adeo linguæ diceris eſſe malæ.
144 899 681 929 Triſtia, vt es ſolers. tibi. Fuce, venena leguntur,
133 928 589 957 Vnde Fauis nectar ſedula cogit apis.
146 956 711 986 Mygdoniam ingenio cum ſic imiteris Arachnen,
176 988 620 1017 Tu pendere inter retia dignus eras.
384 1020 483 1038 De eodem.
147 1045 628 1074 Nile, Parætonias qui diluis imbrifer oras;
177 1074 640 1103 Tot ſeclis proprius cui Crocodilus erat;
146 1101 753 1133 Huc quoque tranſuecta eſt adnos tua bellua: morſu,
778 1134 804 1154 Et
