872 1312
291 63 621 89 IOAN. IACOBI
394 102 507 127 In Fuſcum.
156 131 669 158 Nobiliseſt Fuſcus, nemo inficiatur: at idem
185 162 592 193 Ignorat quo ſit caudice natus auus.
155 189 693 222 Nempe huic diuitiæ fecerunt ſtemmata: fungi
184 221 627 251 Emergunt vnâ ſic quoque nocte pares.
303 250 637 282 Ineiigim Hſerculu omphales.
155 278 711 308 Dum clauâ & poſitis calathos Tirynthius armis
186 307 657 338 Tractat, & ad Lydæ iuſſa tremit dominæ;
157 338 667 366 En tibi ſollicitus morem gerit, alma Dione:
187 367 588 399 Erigit Idalio quanta trophæa Deo:
364 398 579 425 Fritillo inſcriptum.
157 425 639 455 Dulcia ſollicito fallis quicumque Fritillo
189 455 596 482 Otia, tum ſortis ſis memor ipſe tuæ.
157 485 695 516 Tempora laſciuæ impendis dum cara Vacunæ
184 514 608 545 Excubat ante tuas, en, Libitina fores.
343 546 655 567 D LLtceti, ad Plecrum.
156 573 694 605 Pingere pannoſas ſolita eſt Lucretia mammas
186 603 625 633 Et nudat Veneto membra polita luto.
155 633 647 662 Molliter incedit greſſuque inflexa ſupino,
184 662 651 692 Inſtratam longo ſyrmate verrit humum.
156 692 708 721 Sardonychata micat, multoque illuſtris in auro
185 722 633 751 Gemmatas gaudet diſcutere auriculas.
154 750 723 781 Illa olet Aſſyrii redolent quod pharmaca moſch,
182 782 654 811 Et quod Corycio cinnama iuncta croco:
156 809 759 840 Quod roſa, quod violæ, quod ſpica Ciliſſa, recensqus
183 840 595 869 Ture ſuperfuſo feruidus ignis olet.
151 869 625 899 æc, Pleiere, foris: ſed ſi Lueretia quæ ſit
184 898 674 928 Scire velis, dicam, mareida capra domi eſt.
352 931 603 957 In qocritam.
150 957 624 987 Tu qui Mopſopiæ ſectaris apta Cotytus
179 988 635 1018 Inguina Sotadicis molliorandrogynis.
150 1017 695 1048 Cur vultu ſimulas hune quem Minois amauit,
177 1048 619 1077 t nudo acciuit quem Stenobæa ſi
148 1076 662 1106 Subdola lacuate tulcris ſi ænigmata ſrutis,
176 1106 606 1136 Pr det ſ putido tarpia in cre pulor.
780 1119 817 1160 -
