<PcGts xmlns="http://schema.primaresearch.org/PAGE/gts/pagecontent/2017-07-15" xmlns:xsi="http://www.w3.org/2001/XMLSchema-instance" xsi:schemaLocation="http://schema.primaresearch.org/PAGE/gts/pagecontent/2017-07-15 http://schema.primaresearch.org/PAGE/gts/pagecontent/2017-07-15/pagecontent.xsd"><Metadata><Creator>User123</Creator><Created>2020-04-19T01:00:19</Created><LastChange>2020-04-19T01:00:19</LastChange></Metadata><Page imageFilename="0653.png" imageHeight="1312" imageWidth="872"><TextRegion id="r0" type="paragraph"><Coords points="1,1 870,1 870,1310 1,1310"/><TextLine id="r0_l001"><Coords points="1,43 1,75 34,75 34,43"/><TextEquiv index="1"><Unicode>l</Unicode></TextEquiv></TextLine><TextLine id="r0_l002"><Coords points="34,57 34,70 59,70 59,57"/><TextEquiv index="1"><Unicode>I.</Unicode></TextEquiv></TextLine><TextLine id="r0_l003"><Coords points="291,63 291,89 621,89 621,63"/><TextEquiv index="1"><Unicode>IOAN. IACOBI</Unicode></TextEquiv></TextLine><TextLine id="r0_l004"><Coords points="146,72 146,94 211,94 211,72"/><TextEquiv index="1"><Unicode>c</Unicode></TextEquiv></TextLine><TextLine id="r0_l005"><Coords points="394,102 394,127 507,127 507,102"/><TextEquiv index="1"><Unicode>In Fuſcum.</Unicode></TextEquiv></TextLine><TextLine id="r0_l006"><Coords points="156,131 156,158 669,158 669,131"/><TextEquiv index="1"><Unicode>Nobiliseſt Fuſcus, nemo inficiatur: at idem</Unicode></TextEquiv></TextLine><TextLine id="r0_l007"><Coords points="869,138 842,138 842,176 869,176"/><TextEquiv index="1"><Unicode></Unicode></TextEquiv></TextLine><TextLine id="r0_l008"><Coords points="311,191 332,192 383,190 592,189 592,162 339,162 185,165 185,193 277,193"/><TextEquiv index="1"><Unicode>Ignorat quo ſit caudice natus auus.</Unicode></TextEquiv></TextLine><TextLine id="r0_l009"><Coords points="869,177 811,178 811,197 869,197"/><TextEquiv index="1"><Unicode></Unicode></TextEquiv></TextLine><TextLine id="r0_l010"><Coords points="693,189 383,191 238,195 155,194 155,222 460,221 516,219 647,219 667,220 671,222 693,222"/><TextEquiv index="1"><Unicode>Nempe huic diuitiæ fecerunt ſtemmata: fungi</Unicode></TextEquiv></TextLine><TextLine id="r0_l011"><Coords points="363,249 476,250 509,248 619,248 627,247 627,221 333,222 216,225 184,224 184,251 317,251"/><TextEquiv index="1"><Unicode>Emergunt vnâ ſic quoque nocte pares.</Unicode></TextEquiv></TextLine><TextLine id="r0_l012"><Coords points="836,234 836,260 870,260 870,234"/><TextEquiv index="1"><Unicode></Unicode></TextEquiv></TextLine><TextLine id="r0_l013"><Coords points="46,238 6,237 6,275 47,277"/><TextEquiv index="1"><Unicode></Unicode></TextEquiv></TextLine><TextLine id="r0_l014"><Coords points="388,280 393,276 487,277 637,275 637,250 363,250 303,252 303,279 381,282"/><TextEquiv index="1"><Unicode>Ineiigim Hſerculu omphales.</Unicode></TextEquiv></TextLine><TextLine id="r0_l015"><Coords points="836,260 836,289 870,289 870,260"/><TextEquiv index="1"><Unicode></Unicode></TextEquiv></TextLine><TextLine id="r0_l016"><Coords points="711,278 392,278 386,282 381,283 314,280 264,281 255,278 155,278 155,308 532,308 594,306 711,308"/><TextEquiv index="1"><Unicode>Dum clauâ &amp; poſitis calathos Tirynthius armis</Unicode></TextEquiv></TextLine><TextLine id="r0_l017"><Coords points="20,307 48,307 48,278 5,276 5,311 14,311"/><TextEquiv index="1"><Unicode></Unicode></TextEquiv></TextLine><TextLine id="r0_l018"><Coords points="835,289 835,320 870,320 870,289"/><TextEquiv index="1"><Unicode></Unicode></TextEquiv></TextLine><TextLine id="r0_l019"><Coords points="47,308 20,308 14,312 14,334 19,340 24,342 47,342"/><TextEquiv index="1"><Unicode></Unicode></TextEquiv></TextLine><TextLine id="r0_l020"><Coords points="599,335 657,336 657,308 594,307 532,309 470,308 310,311 186,311 186,338 466,338"/><TextEquiv index="1"><Unicode>Tractat, &amp; ad Lydæ iuſſa tremit dominæ;</Unicode></TextEquiv></TextLine><TextLine id="r0_l021"><Coords points="667,338 467,338 394,340 306,340 281,342 180,342 157,340 157,366 506,366 551,364 626,364 629,366 667,366"/><TextEquiv index="1"><Unicode>En tibi ſollicitus morem gerit, alma Dione:</Unicode></TextEquiv></TextLine><TextLine id="r0_l022"><Coords points="834,350 834,373 869,373 869,350"/><TextEquiv index="1"><Unicode></Unicode></TextEquiv></TextLine><TextLine id="r0_l023"><Coords points="23,389 42,388 48,384 48,350 4,346 4,392 16,392"/><TextEquiv index="1"><Unicode></Unicode></TextEquiv></TextLine><TextLine id="r0_l024"><Coords points="388,396 588,396 588,367 255,369 208,371 187,370 187,399 326,399"/><TextEquiv index="1"><Unicode>Erigit Idalio quanta trophæa Deo:</Unicode></TextEquiv></TextLine><TextLine id="r0_l025"><Coords points="48,446 48,388 42,389 41,412 4,413 4,447 23,447"/><TextEquiv index="1"><Unicode>a</Unicode></TextEquiv></TextLine><TextLine id="r0_l026"><Coords points="364,398 364,425 579,425 579,398"/><TextEquiv index="1"><Unicode>Fritillo inſcriptum.</Unicode></TextEquiv></TextLine><TextLine id="r0_l027"><Coords points="639,425 460,425 360,427 322,425 157,425 157,455 639,455"/><TextEquiv index="1"><Unicode>Dulcia ſollicito fallis quicumque Fritillo</Unicode></TextEquiv></TextLine><TextLine id="r0_l028"><Coords points="49,447 1,448 1,467 49,467"/><TextEquiv index="1"><Unicode></Unicode></TextEquiv></TextLine><TextLine id="r0_l029"><Coords points="596,455 361,457 234,460 189,459 189,482 596,482"/><TextEquiv index="1"><Unicode>Otia, tum ſortis ſis memor ipſe tuæ.</Unicode></TextEquiv></TextLine><TextLine id="r0_l030"><Coords points="3,480 3,514 86,514 86,480"/><TextEquiv index="1"><Unicode></Unicode></TextEquiv></TextLine><TextLine id="r0_l031"><Coords points="695,485 439,485 305,488 183,488 157,486 157,515 170,516 413,515 441,513 649,513 655,516 695,516"/><TextEquiv index="1"><Unicode>Tempora laſciuæ impendis dum cara Vacunæ</Unicode></TextEquiv></TextLine><TextLine id="r0_l032"><Coords points="502,542 530,542 549,544 608,543 608,514 441,514 413,516 317,516 266,518 184,517 184,545 306,545 309,543 341,542 378,542 390,543 395,545 494,545"/><TextEquiv index="1"><Unicode>Excubat ante tuas, en, Libitina fores.</Unicode></TextEquiv></TextLine><TextLine id="r0_l033"><Coords points="343,546 343,567 655,567 655,546"/><TextEquiv index="1"><Unicode>D LLtceti, ad Plecrum.</Unicode></TextEquiv></TextLine><TextLine id="r0_l034"><Coords points="266,603 511,603 553,601 665,601 671,604 694,604 694,573 445,573 391,575 313,575 307,573 156,573 156,604 205,605"/><TextEquiv index="1"><Unicode>Pingere pannoſas ſolita eſt Lucretia mammas</Unicode></TextEquiv></TextLine><TextLine id="r0_l035"><Coords points="2,572 2,606 84,606 84,572"/><TextEquiv index="1"><Unicode></Unicode></TextEquiv></TextLine><TextLine id="r0_l036"><Coords points="625,632 625,603 266,604 205,606 186,605 186,633 467,633"/><TextEquiv index="1"><Unicode>Et nudat Veneto membra polita luto.</Unicode></TextEquiv></TextLine><TextLine id="r0_l037"><Coords points="833,600 833,646 870,646 870,600"/><TextEquiv index="1"><Unicode></Unicode></TextEquiv></TextLine><TextLine id="r0_l038"><Coords points="647,661 647,633 367,633 284,635 155,634 155,662 625,662"/><TextEquiv index="1"><Unicode>Molliter incedit greſſuque inflexa ſupino,</Unicode></TextEquiv></TextLine><TextLine id="r0_l039"><Coords points="834,646 834,668 870,668 870,646"/><TextEquiv index="1"><Unicode>u</Unicode></TextEquiv></TextLine><TextLine id="r0_l040"><Coords points="1,640 1,695 49,695 49,640"/><TextEquiv index="1"><Unicode></Unicode></TextEquiv></TextLine><TextLine id="r0_l041"><Coords points="651,691 651,662 357,665 184,663 184,692 613,692"/><TextEquiv index="1"><Unicode>Inſtratam longo ſyrmate verrit humum.</Unicode></TextEquiv></TextLine><TextLine id="r0_l042"><Coords points="708,692 401,693 271,695 205,695 156,693 156,721 708,721"/><TextEquiv index="1"><Unicode>Sardonychata micat, multoque illuſtris in auro</Unicode></TextEquiv></TextLine><TextLine id="r0_l043"><Coords points="833,710 833,727 869,727 869,710"/><TextEquiv index="1"><Unicode></Unicode></TextEquiv></TextLine><TextLine id="r0_l044"><Coords points="41,747 41,714 39,712 1,712 1,751 36,751"/><TextEquiv index="1"><Unicode></Unicode></TextEquiv></TextLine><TextLine id="r0_l045"><Coords points="185,722 185,751 633,751 633,722"/><TextEquiv index="1"><Unicode>Gemmatas gaudet diſcutere auriculas.</Unicode></TextEquiv></TextLine><TextLine id="r0_l046"><Coords points="723,750 493,753 256,752 196,753 193,751 181,750 154,750 154,780 171,781 723,781"/><TextEquiv index="1"><Unicode>Illa olet Aſſyrii redolent quod pharmaca moſch,</Unicode></TextEquiv></TextLine><TextLine id="r0_l047"><Coords points="568,808 604,808 608,810 654,810 654,782 182,782 182,811 537,811"/><TextEquiv index="1"><Unicode>Et quod Corycio cinnama iuncta croco:</Unicode></TextEquiv></TextLine><TextLine id="r0_l048"><Coords points="9,777 9,814 47,814 47,777"/><TextEquiv index="1"><Unicode></Unicode></TextEquiv></TextLine><TextLine id="r0_l049"><Coords points="759,809 689,809 681,811 608,811 604,809 568,809 537,812 446,813 238,812 212,813 156,811 156,840 759,840"/><TextEquiv index="1"><Unicode>Quod roſa, quod violæ, quod ſpica Ciliſſa, recensqus</Unicode></TextEquiv></TextLine><TextLine id="r0_l050"><Coords points="846,825 846,846 870,846 870,825"/><TextEquiv index="1"><Unicode>i</Unicode></TextEquiv></TextLine><TextLine id="r0_l051"><Coords points="595,868 595,840 190,840 187,843 183,844 183,868 590,869"/><TextEquiv index="1"><Unicode>Ture ſuperfuſo feruidus ignis olet.</Unicode></TextEquiv></TextLine><TextLine id="r0_l052"><Coords points="45,855 5,855 5,877 29,877 35,882 45,882"/><TextEquiv index="1"><Unicode></Unicode></TextEquiv></TextLine><TextLine id="r0_l053"><Coords points="625,869 591,869 576,871 151,869 151,898 625,899"/><TextEquiv index="1"><Unicode>æc, Pleiere, foris: ſed ſi Lueretia quæ ſit</Unicode></TextEquiv></TextLine><TextLine id="r0_l054"><Coords points="45,886 34,886 30,889 5,890 5,914 45,914"/><TextEquiv index="1"><Unicode></Unicode></TextEquiv></TextLine><TextLine id="r0_l055"><Coords points="674,898 580,901 184,900 184,928 674,928"/><TextEquiv index="1"><Unicode>Scire velis, dicam, mareida capra domi eſt.</Unicode></TextEquiv></TextLine><TextLine id="r0_l056"><Coords points="834,916 834,942 870,942 870,916"/><TextEquiv index="1"><Unicode></Unicode></TextEquiv></TextLine><TextLine id="r0_l057"><Coords points="603,931 352,931 352,957 603,957"/><TextEquiv index="1"><Unicode>In qocritam.</Unicode></TextEquiv></TextLine><TextLine id="r0_l058"><Coords points="834,942 834,965 869,965 869,942"/><TextEquiv index="1"><Unicode>u</Unicode></TextEquiv></TextLine><TextLine id="r0_l059"><Coords points="624,957 150,957 150,985 161,986 624,987"/><TextEquiv index="1"><Unicode>Tu qui Mopſopiæ ſectaris apta Cotytus</Unicode></TextEquiv></TextLine><TextLine id="r0_l060"><Coords points="4,952 4,992 45,992 45,952"/><TextEquiv index="1"><Unicode></Unicode></TextEquiv></TextLine><TextLine id="r0_l061"><Coords points="834,973 834,996 870,996 870,973"/><TextEquiv index="1"><Unicode></Unicode></TextEquiv></TextLine><TextLine id="r0_l062"><Coords points="635,1017 635,989 505,990 385,988 179,988 179,1016 620,1018"/><TextEquiv index="1"><Unicode>Inguina Sotadicis molliorandrogynis.</Unicode></TextEquiv></TextLine><TextLine id="r0_l063"><Coords points="695,1017 649,1017 593,1020 556,1020 530,1018 420,1019 150,1017 150,1044 254,1047 579,1048 617,1046 664,1046 667,1048 695,1048"/><TextEquiv index="1"><Unicode>Cur vultu ſimulas hune quem Minois amauit,</Unicode></TextEquiv></TextLine><TextLine id="r0_l064"><Coords points="831,1024 831,1059 870,1059 870,1024"/><TextEquiv index="1"><Unicode>u</Unicode></TextEquiv></TextLine><TextLine id="r0_l065"><Coords points="3,1027 3,1058 45,1058 45,1027"/><TextEquiv index="1"><Unicode></Unicode></TextEquiv></TextLine><TextLine id="r0_l066"><Coords points="619,1076 619,1048 177,1048 177,1075 369,1075 417,1077 516,1077"/><TextEquiv index="1"><Unicode>t nudo acciuit quem Stenobæa ſi</Unicode></TextEquiv></TextLine><TextLine id="r0_l067"><Coords points="869,1060 828,1059 828,1090 869,1090"/><TextEquiv index="1"><Unicode></Unicode></TextEquiv></TextLine><TextLine id="r0_l068"><Coords points="4,1069 4,1096 45,1096 45,1069"/><TextEquiv index="1"><Unicode></Unicode></TextEquiv></TextLine><TextLine id="r0_l069"><Coords points="662,1076 516,1078 417,1078 369,1076 168,1076 164,1078 148,1078 148,1106 510,1106 514,1104 522,1106 662,1106"/><TextEquiv index="1"><Unicode>Subdola lacuate tulcris ſi ænigmata ſrutis,</Unicode></TextEquiv></TextLine><TextLine id="r0_l070"><Coords points="868,1091 825,1090 825,1117 868,1117"/><TextEquiv index="1"><Unicode>I</Unicode></TextEquiv></TextLine><TextLine id="r0_l071"><Coords points="606,1108 555,1108 521,1106 511,1106 504,1108 441,1108 397,1106 210,1106 197,1108 176,1108 176,1136 261,1136 268,1129 300,1129 308,1136 606,1136"/><TextEquiv index="1"><Unicode>Pr det ſ putido tarpia in cre pulor.</Unicode></TextEquiv></TextLine><TextLine id="r0_l072"><Coords points="780,1119 780,1160 870,1160 870,1119"/><TextEquiv index="1"><Unicode>-</Unicode></TextEquiv></TextLine><TextLine id="r0_l073"><Coords points="3,1229 3,1269 48,1269 48,1229"/><TextEquiv index="1"><Unicode></Unicode></TextEquiv></TextLine></TextRegion></Page></PcGts>