872 1312
242 80 519 110 BOISSA
316 122 460 143 I Plautiam.
61 145 617 178 Plautia, cum facias quod nec cœnoſa bubulei
62 177 511 210 Sola,vel agreſti rure ſit auſa Pſecas:
62 208 649 237 Vertitur id laudi: quid enim tibi non licet? illud
98 237 536 268 Compenſant magno fœnore diuitiæ.
292 331 487 352 Laurentio undo.
62 356 553 388 Latronem naſo. Laurenti,cernis adunco?
97 388 539 419 Armat cui rigidum ſica cruenta latus.
62 411 538 447 Is ſontes cruciat victos in corte Sauellâ,
94 447 518 476 Ferro, igni, vinelis, verbere, reſte, ſiti.
62 476 684 506 Cui tamen accumbit, propter quem Curtia dormi
62 502 562 536 Quem fouet in molli turpis amica ſinu.
62 531 563 568 Nec tibi ſit mirum, talem ſi lena ſequatur;
62 561 553 590 In te olim functa eſt munere carnificis.
332 599 449 625 I Ianam.
62 617 686 658 Iana, precor, linguam nimium compeſce loquaces
92 654 503 685 Intempeſt inâ es garrulitate grauis.
61 680 578 713 Ne vereare datis vngues reſcindere cultris:
62 710 522 742 Tuta ſatis roſtro nam potes eſſe tuo.
297 746 430 773 In Topheum.
62 764 579 803 Topheus ingenio rudis eſt & moribus hirtis
62 801 502 835 Sit licet antiquâ nobilitate ſatus.
62 829 523 863 s Isſibi ne labris diſtorqueat ora ſupinis,
61 859 528 891 Hæſitet ant lingua ne titubante, ſilet
54 889 645 924 Nititur in miſerum culpam tranefere magiſlrum
89 921 543 953 Naturæ dominus nempe magiſter erat
54 948 683 983 Marmora vera mau pliuntar, at, c bone Topheu,
54 979 450 1010 Natiuâ pumex aſperitate riges.
246 1012 504 1038 Liuio Agrio n m.
54 1037 524 1068 ,Loilus Italiam, Liui cur fundits odit.
93 1067 566 1095 Nempe quod irar m ſit imis illa tenu.
54 1089 583 1127 Plena quo & ſaſlus &aaro cbnoxia lucro,
79 1126 525 1149 Fucato mentem tesmine diſimuiet.
680 1160 744 1182 Itlia
