872 1312
242 80 518 110 BOISSA
698 87 740 114 a
316 122 460 143 I Plautiam.
37 145 655 178 Plautia, cum facias quod nec cœnoſa bubulei
1 178 511 210 Sola,vel agreſti rure ſit auſa Pſecas:
38 208 649 237 Vertitur id laudi: quid enim tibi non licet? illud
98 237 536 268 Compenſant magno fœnore diuitiæ.
292 331 487 352 Laurentio undo.
38 356 553 388 Latronem naſo. Laurenti,cernis adunco?
97 388 539 419 Armat cui rigidum ſica cruenta latus.
37 406 538 447 Is ſontes cruciat victos in corte Sauellâ,
94 447 518 476 Ferro, igni, vinelis, verbere, reſte, ſiti.
37 476 684 506 Cui tamen accumbit, propter quem Curtia dormi
1 500 562 536 Quem fouet in molli turpis amica ſinu.
36 526 563 568 Nec tibi ſit mirum, talem ſi lena ſequatur;
36 561 553 590 In te olim functa eſt munere carnificis.
332 599 449 625 I Ianam.
35 618 686 658 Iana, precor, linguam nimium compeſce loquaces
92 654 503 685 Intempeſt inâ es garrulitate grauis.
35 673 578 713 Ne vereare datis vngues reſcindere cultris:
1 710 522 742 Tuta ſatis roſtro nam potes eſſe tuo.
297 746 430 773 In Topheum.
1 765 579 803 Topheus ingenio rudis eſt & moribus hirtis
56 802 502 835 Sit licet antiquâ nobilitate ſatus.
1 829 523 863 s Isſibi ne labris diſtorqueat ora ſupinis,
38 860 528 891 Hæſitet ant lingua ne titubante, ſilet
33 889 645 924 Nititur in miſerum culpam tranefere magiſlrum
89 921 543 953 Naturæ dominus nempe magiſter erat
35 948 683 983 Marmora vera mau pliuntar, at, c bone Topheu,
35 979 450 1010 Natiuâ pumex aſperitate riges.
246 1012 504 1038 Liuio Agrio n m.
1 1037 524 1068 ,Loilus Italiam, Liui cur fundits odit.
93 1067 566 1095 Nempe quod irar m ſit imis illa tenu.
35 1084 583 1127 Plena quo & ſaſlus &aaro cbnoxia lucro,
37 1126 525 1149 Fucato mentem tesmine diſimuiet.
680 1160 744 1182 Itlia
458 1161 542 1179 RI 2
