872 1312
296 74 624 103 IOAN. IACOBI
148 111 650 146 Italia hoc quod ſi credatur; pectore totam
178 142 570 177 oilus integram poſſidet Italiam.
352 176 499 201 In æcilianam.
150 198 646 231 Fauſtatibi inſultat dictis vicina proteruis,
179 232 625 264 Famam perſtringens, Cæciliana, tuam-
152 257 642 294 Cu tu ſurda fores, his reſpondere recuſas:
180 287 616 317 Iæc cauſſa eſt, audis, Cæciliana, male.
403 323 512 341 De Anna.
150 345 685 382 illoſam liquido dum lenis dropace frontem,
181 375 614 405 Hoc fuco multis, Anna, placere cupis.
153 402 671 435 Sed tibi vis dicam? mihi proponetur in albo
181 436 596 476 Dum ſcopus a telo non feriere meo.
426 467 528 486 De eadem.
136 491 687 529 Fuſca cupit pingi neſcit tamen Anna colores,
182 522 659 559 Quos velit ad faciem pictor habere ſuam.
136 553 723 588 Hæc ne conſuluit: ſpecto frontemque genasque.
181 582 648 615 Non opus impenſis; carbo magiſter erit.
278 610 628 640 De Paullo imetto, & Cornelia filia.
154 639 667 675 Sæpe iteraſſe ferunt cano Cimettida Paullo,
184 670 601 705 Sperantem diti nubere poſſe proco:
153 699 683 730 Vnica cum tibi ſim. genitor bone, filia, quare
182 726 699 763 Nunc locuplete minor dos, mihi patre venit.
154 756 696 791 Nata ſenex, inquit, non me nudabo, priuſquam
183 789 622 822 Frigidus extremâ nocte cubile petam.
376 821 512 846 In orneliam.
157 846 616 879 Ceruſſata mihi quoties Cornelia ridet,
184 877 601 910 Me quoties oculis ſignat auara ſuis:
156 904 740 945 Quid monſtri hoc dico? redeunt miracula mundo
182 935 705 968 Priſca, palam incipiet rurſus imago loqui.
380 968 521 995 In Gongylum.
155 991 715 1028 Gongylus occurrit: rogo, cui famularis? ait, mi:
184 1024 626 1055 Ruſticus es fatui, Gongyle ſeruus heri.
376 1057 549 1082 Papirio Mænio.
136 1080 718 1117 Silepidum quidquam.vidive decentius vſquam
182 1115 555 1146 Ipſa eſt.ſed falli ne videare caue.
