872 1312
195 71 471 93 BOISSAI
59 107 593 142 Simplicitas, Mæni, non eſt ſine maxima fuco:
59 140 552 170 Hoc ſolita eſt hamo ſtulta iuuenta capi.
59 168 592 199 Mallem non adeo facilem: quæ baſia perfert
59 199 514 231 Cetem cum tantâ ſimplicitate feret.
308 232 440 256 Ad Blæſam.
59 255 566 293 Quod tu ſis gemino locupleti nata parente,
91 288 596 319 Vnica quodque illis filia; Blæſa, bonum eſt.
59 318 627 348 Inſlaris ſed quod nimium, quod deſpicis omnes,
92 348 623 377 Et tibi quod ſordent omnia, Blæſa, malum eſt.
59 377 599 406 Luſca & fuſca ſata eſt, ſimisque es naribus: iſte
91 407 494 437 Defectus mitem reddere debuerat
58 436 577 466 Forma mihi in plenâ, dicis, non deficit arcâ:
91 467 552 496 Viciſti: formam nunc ego laudo tuam.
327 498 414 517 Delulio.
59 524 599 557 Iulius eſt æger. quid cauſſæ eſt? maxima cert:
91 555 638 587 Heu fatum gemina eſt mortua namque ſoror.
59 585 579 607 Tantne idcirco fletu conſumitur? ah, non.
91 614 511 644 Cur igitur luget? tertia reſtat adhuc.
151 642 615 674 Epitaph. Neminis, in monte regio Hſeydelbergæ.
59 671 677 706 Heic ſitus eſt Nemo, incertum, num maſculus an qu
90 704 525 731 Torſerit adſuetâ ſtamina lenta manu.
58 730 589 764 Aſt hæc quæ paſſim rigidis in vepribus hærent
91 762 527 787 Saxa, aſinis olim ſtruxerat Arcadibus.
57 791 526 821 Elige de multis vnum tibi,ſtulte viator:
87 820 578 851 Aures nam Phrygii tu quoque regis habes.
300 851 440 873 In Fabianum.
51 881 517 909 Adſiduo fluxu Fabiano & rore rigantur
89 909 570 938 Rubri oculi: vix iam lumina ferre poteſt.
57 934 645 969 A Conſuluit medicum: medicus, vino abſtine, dixit;
90 969 554 997 Aut perdet potum lumina bina merum.
62 997 550 1029 Ah, Fabianus ait, præſtat caruiſſe feneſtris,
83 1028 548 1058 Iſtâ qum totam perdere clade domum.
241 1056 517 1086 In eſigiem hilippi Liberii.
51 1087 425 1116 Quis pictor facili manu videtur
50 1112 476 1146 Expreſſiſſe mihi meum Philippum:
688 1134 726 1164 t
