872 1312
195 72 469 93 BOISSAI
695 74 734 97 p
35 107 593 142 Simplicitas, Mæni, non eſt ſine maxima fuco:
37 140 552 170 Hoc ſolita eſt hamo ſtulta iuuenta capi.
38 168 632 199 Mallem non adeo facilem: quæ baſia perfert
39 200 514 231 Cetem cum tantâ ſimplicitate feret.
308 232 440 256 Ad Blæſam.
39 255 566 298 Quod tu ſis gemino locupleti nata parente,
91 288 596 319 Vnica quodque illis filia; Blæſa, bonum eſt.
39 318 627 348 Inſlaris ſed quod nimium, quod deſpicis omnes,
92 348 623 377 Et tibi quod ſordent omnia, Blæſa, malum eſt.
39 377 599 406 Luſca & fuſca ſata eſt, ſimisque es naribus: iſte
91 407 494 437 Defectus mitem reddere debuerat
38 436 577 472 Forma mihi in plenâ, dicis, non deficit arcâ:
91 467 552 496 Viciſti: formam nunc ego laudo tuam.
327 498 414 517 Delulio.
38 524 599 561 Iulius eſt æger. quid cauſſæ eſt? maxima cert:
91 555 661 587 Heu fatum gemina eſt mortua namque ſoror.
14 578 579 607 Tantne idcirco fletu conſumitur? ah, non.
38 614 511 644 Cur igitur luget? tertia reſtat adhuc.
151 642 615 674 Epitaph. Neminis, in monte regio Hſeydelbergæ.
37 672 677 708 Heic ſitus eſt Nemo, incertum, num maſculus an qu
90 704 525 731 Torſerit adſuetâ ſtamina lenta manu.
2 730 589 767 Aſt hæc quæ paſſim rigidis in vepribus hærent
91 762 527 787 Saxa, aſinis olim ſtruxerat Arcadibus.
36 792 526 821 Elige de multis vnum tibi,ſtulte viator:
36 820 578 851 Aures nam Phrygii tu quoque regis habes.
300 851 440 873 In Fabianum.
37 881 517 909 Adſiduo fluxu Fabiano & rore rigantur
89 909 570 938 Rubri oculi: vix iam lumina ferre poteſt.
1 924 645 969 A Conſuluit medicum: medicus, vino abſtine, dixit;
90 969 554 997 Aut perdet potum lumina bina merum.
62 997 550 1029 Ah, Fabianus ait, præſtat caruiſſe feneſtris,
39 1028 548 1058 Iſtâ qum totam perdere clade domum.
241 1056 517 1086 In eſigiem hilippi Liberii.
39 1087 425 1116 Quis pictor facili manu videtur
1 1110 476 1146 Expreſſiſſe mihi meum Philippum:
688 1134 726 1164 t
501 1146 578 1169 RI?
