872 1312
256 76 535 97 BOISSAR
690 76 731 101 on
63 107 573 142 Imperioterras, ventorumq; agmina mulcet
60 142 495 172 Et freta cæruleo non adeunda ſalo.
62 172 591 204 Hæc mediis ardens fera prælia miſcet in armis;
93 203 492 232 Illa dat in longâ iura probata togâ.
62 233 541 262 Fert leges, vnit concordia mœnia; pacem
92 262 542 291 Firmat; alit pulcrâ poſteritate viros.
64 291 551 323 Dat formam, veſes texit, vultuſq; ſerenat:
96 323 557 352 Dat quod virgineo fulget in ore decus.
67 352 692 382 Denique quidquid habent tractus terræque mariſque,
93 382 524 410 Ingenioid Virtus vendicat omne ſuo.
257 413 521 443 LEpitah. Iac Gaiaſdouii:
65 440 689 472 Vrna quod hc nerdum, quod ſpiret cinnama quæris?
92 471 550 499 Qod Tyrio vailent flore roſeta locum?
63 500 623 529 Hac Cytherea ſuum mœrens concluſit Adonim:
94 530 590 561 Cara ſed in patriam tranſtulit oſſa Cyprum.
341 564 442 583 Deeodem.
66 589 648 622 Robur in hoc tumulo, Virtuſque & ſorma quieſcit
95 621 538 651 Et Decus & prmæ Nobilitatis honos.
62 650 584 680 Sarmatis huic rellus vitam eit; Itala fouit
96 680 520 709 Ingenium, Cypticontegit oſſa ſolum.
305 712 472 740 Stephano Lentio.
65 739 555 770 Tres iſtâ, Lenti ſpectamus in vrbe ſorores,
97 768 610 799 Et quarum inter nos notus vterque parens.
64 798 564 830 Thaida tu credas primam; Lucretia vera eſt
95 829 536 857 Altera; Penelopes tertia pectus habet.
64 858 586 889 Maiorlaſciui; grauitas moderata ſecundam
99 889 538 917 Ornat; tertia plus ſimplicitatis habet.
66 917 644 947 Multis prima placet; magis eſt tibi grata ſecunda;
80 947 556 975 Aſt go quæ terno eſt præfero nata loco.
66 974 586 1005 NHac ratione tribus prouiſum tam bene dico;
97 1006 567 1038 Quæque ſuo vt tandem ſit placitura viro.
322 1038 463 1058 In Fabianum.
65 1065 605 1095 Qud tibi coccineus rutilante proboſcide naſus
98 1095 555 1123 Exſtet; quod facies vermiculata micet;
63 1123 605 1159 ideris Fabiane: ſed idridere proteruum eſt.
666 1153 731 1183 Con
419 1157 521 1185 A
