872 1312
282 65 618 92 IOA.IACOBI
157 104 630 134 Conſtat enim magno purpura tanta tibi.
368 135 552 163 Iaccbo Paſhario.
120 153 607 194 Cultor amicitiæ, Paſchari candide, noſtræ,
159 194 556 223 Nil te vno nobis carius eſſe poteſt.
127 224 645 254 Magna petant alii vanæ ſpectacula pompæ;
158 251 594 279 Principibuſq; ſuis aulica tuiba fremat.
131 282 638 313 Gemmatæq; tegant famulantia cc lla catene.
161 314 593 341 Duraq, captiuum nunia pectus amet.
130 341 637 372 Nos libertatem, munus cœleſte, ſequamur,
162 369 578 398 Quæ Muſis ſemper ſit comi ara ſuis.
130 400 662 429 Nos amor ingenuus, nos vinciat vna voluntas,
161 429 570 459 Vnica mens, vnâ pectora iuncta fide.
130 458 631 486 His pariier donis quod ſi ſine fie fruamur;
162 487 588 516 Crede magis nobis nemo b atus erit.
121 517 648 550 Excedet pretium quoduis tam culta ſupellex:
161 547 629 578 Vincit quippe omnes verus amicus opes
398 579 516 599 De Perona.
130 604 670 631 viſcera torminibus male ſunt adfccta Peronæ:
162 636 661 663 Heu, quantum infelix ventre Perona dolet
131 663 727 697 Cauſſa latet morbi. miſeram tamen hic dolor vrget
159 694 587 724 Aſidue. quid ſi creſceret inde puer:
372 727 537 756 Riharto Fratri.
128 753 472 785 Odi diuitias, Richarde, eorum
128 783 578 817 Qui tantum tribuunt ſibi arrogantque,
129 813 513 839 Vt præ ſe nihil æſtiment minores.
128 841 547 872 Et faſtum atq; ſuperbiam potentum
129 872 518 900 Odi; mancipia arbitrantur omnes
129 902 561 934 Quorum ftemmata requeant probari
128 931 537 961 Ortum ex Cæſaribus referre priſcis.
125 960 514 992 Illos horreo perdite, exſecrorque,
126 990 463 1021 Auerſor, fugioque, rideoque.
185 1021 632 1052 Paupertas tamen haud mihi probatus,
126 1051 545 1077 Quæ nudata opibus, focum ſine vllo
124 1079 522 1109 Elanguere dolet veru ac patellâ.
124 1108 544 1138 Paupertas vitium, Richarte, non eſt;
743 1141 796 1179 Sed
