872 1312
284 75 555 98 BOISSA
721 75 759 96 Sst
41 105 454 148 Sed lepræ ſpeciem fatere quâ ſi
42 145 462 174 grotus teneare, non te amici,
42 174 596 212 Non conſanguinei volent propinquum.
228 204 609 232 Matthiæ Thamaſio Thuri, de malis.
42 226 628 259 Non fuerat, Thuri, mihi mittere dona neceſſe,
122 263 582 294 Quæ noſtræ nomen conditionis habent.
41 292 613 324 Memala per varios preſſerunt plurima caſus,
124 323 616 353 Vix ea diluere vt pharmaca cuncta queant.
40 351 583 387 Sed tua guſtaui, linguâ quoq; iudice ſenſi
126 382 524 405 Eſſe malis multo vel meliora meis
40 412 620 443 Sic mea ſucceſſu miteſcant temporis oro;
124 439 640 473 Malaque pro breuibus ſint mihilonga malis.
365 473 484 501 Margaridi.
39 502 534 531 Serica bina mihi mittit genualia dono
126 532 599 563 Margaris, & tanquam retia texit opus.
38 559 607 592 Hi mihi ſuſpecti ſunt caſſes Margari: mult
128 590 532 619 Certius ex aliis præda petenda tibi.
37 618 660 650 Bella quidem es, noui, nec bello indigna marito:
125 648 617 674 Nulla mihi hoc anno ſed tamen vxor erit
377 681 479 701 De PPero
102 708 638 740 Quod nunquam totâ Petrus videatur in vtbe,
127 738 533 769 In templo rarus, rarior inque foro:
36 767 584 802 An ſtudiis illum credas incumbere non id.
125 796 562 829 Muſeo clauſus quid facit ergo? bibit.
374 830 478 855 In furem.
101 856 675 889 Fur age, dic ſodes, dic perdite: quis mihi nummos
128 889 515 918 Argenti furto ſuſtulit? ecce, taces
36 916 649 948 Redde ablata; feret truculentus verbera tortos
133 947 557 974 Ni reddas: verbis non eget ille tuis.
98 973 618 1008 Qui iuras? & adhuc teſtaris, perfide, Diuos?
128 1005 522 1037 lgnorare Deos furta doloſa putas?
37 1032 658 1065 Pergis adhuc ſcelerate, Deiſque vltoribus audes
127 1065 588 1092 Iurare? ah tibi nunc furta remitto, tace.
350 1092 507 1116 Ad Barbaram.
39 1122 675 1157 Sivultus collaudo tuos geſtumque habitumque
703 1144 780 1180 Ef
442 1153 503 1178 Ns
