872 1312
306 69 597 93 IOAN. IACOBI
124 72 166 94 4
835 87 870 122 ſ
152 102 629 135 Efferto; formoſam, Barbara, te eſſe negas.
120 132 588 165 urſus vt inſiſto bellam te dicere; quare
835 155 870 185 u
151 164 662 193 Hoc magis ingeminas quod tibi forma leuis?
123 191 647 223 At ſi mutata dico vice, quod tibi formam
153 223 608 246 Communem multis fata ded:te, rubes:
123 248 632 279 Aſtute: cupis vt contentio noſtra modeſtam
150 280 651 309 Et pulcram reddat Barbara. bella mihi es.
376 315 523 334 In maleuolum.
117 337 652 367 Odiſti iuuenem, ſocer inuide; non tamen ille
152 367 524 396 Indignus natâ, ſed fuerat ſocero.
120 396 657 428 Interdicta illi domus eſt tua: quam ben iuſſa
155 428 579 458 Hæc generi votis turpia conueninnt?
121 454 659 484 Namque tun fugiturus erat, le iudice, lmen
1 483 550 535 oratione ſimul ett vtiqueſatis.
331 517 564 546 n efigiem Mlargaridis.
79 532 655 577 Margaris effigiem eſt dum contemplata Dione,
151 574 533 600 Se pictam viſa credidit in tabulâ.
1 593 78 618 a
118 602 630 633 Cur tantum, dixit, Cous mœrebat Apelles,
145 632 570 663 Euerſa cum ſit ſalua tabella Gnydo?
377 667 517 694 In Salpingem.
115 693 648 723 Non opus eſt ex te reſcire domeſtica. ſalpinx:
151 721 673 755 Quid de mehic, aut quid dixerit ille, tace.
117 752 640 782 gnorare iuuat quod conducibil non eſt.
143 780 573 807 Cum non ſis aliis, nec mihi fidus eris.
372 814 523 833 Edcatio bona.
114 840 587 870 Vtile virtuti eſt annos adſueſcere primos,
144 870 591 899 Et tenerum ſanctis moribus inenium.
113 899 668 930 Franitur icuruanda arbos: virgulta plicantur:
143 928 659 961 Teſtaque quo imbuta eſt, fragrat odore diu.
334 961 558 988 Virginis ornatus verus.
114 986 645 1021 Sat dotata venit, quæ caſta eſt corpore virgo;
145 1018 587 1047 Inque verecundo cui ſedet ore pudor.
111 1046 613 1076 Cui nec picta auro veſtis, nec mutice tincta
140 1075 600 1106 Sed cultus ſimplex, & nitor arte carens.
253 1105 625 1144 Q vea, ſſecti,
716 1140 831 1175 Ae-
