872 1312
295 71 571 104 BOISSARDI.
95 101 608 143 Stertentis catuli tacito pede captat ab igne,
126 137 516 164 Quas videt aſſari Simia caſtaneas.
95 164 622 199 Ingenio eſt ſimili quiſquis ſibi conſulit, atque
126 199 561 227 Ex damno alterius propria lucra facit.
248 229 533 257 Lſa patienltia ſi ſuror.
96 255 674 286 Vel Iouis ante oculos aquilam Scarabæus inultam
123 286 640 317 Non ſinit ira vllum neſcit habere modum.
97 317 615 345 Mentem offenſa agitat ſanam: patientia læſa
124 346 632 372 Fit furor; & rabidas vertit ad arm a manus.
371 377 477 398 AAmicitia.
95 405 591 433 Cincta eſt virtutis ceſtu, candoris amictu;
125 436 544 465 Muneribus diues, relligione potens.
97 465 660 494 Cor patet, & ſirma eſt; & ſceptro nixa benigno,
125 494 561 524 Simpliciter prudens regnat Amicitia.
264 525 576 546 Amiccrusm omnia commuia.
89 553 645 588 Celo animam, patriæ vitam debemus amicis
126 584 539 606 Omnia ſed certa conditione tamen.
89 611 550 641 Sancta Deis pietas ſacrari poſcit & aris:
125 641 596 667 Cetera, non læſo Numine, amicus habet.
257 673 571 701 Ingratitudine languet aicitia.
97 700 597 729 Oſficium ingratus nullo qui fænore penſat.
125 730 582 752 Orchomeni faciles non habet ille Deas.
89 752 612 789 Sed cribro ſimilis: per aperta foramina cuius
124 789 558 819 Integra ſi fundas flumina, tota fluent.
329 821 525 841 Prætextu nocentior.
89 848 534 882 Nulla eſt Iuſtitiæ peſtis capitalior illis
124 878 529 908 Laruatâ apparent qui pietate boni.
96 907 639 936 Quo plura intulerint incautis damna nocentes,
125 937 540 965 Inde illi laudis plus meruiſſe volunt.
271 966 541 995 Amor tectus ardentior.
89 987 640 1025 ifficile eſt rapidam frenis cohibere iuuentam
125 1024 496 1054 Sæpe eſt aurigæ noxia, ſæpe rotis
89 1050 617 1081 Conduplicat vires tectus vehementius ignis:
124 1083 649 1113 Quoque magis tegitur tam magis ardet amot.
309 1113 554 1143 Voluptatis vſuræ, morbi
696 1145 755 1173 Sp-
