872 1312
276 69 551 106 BOISSARDI.
78 102 578 140 Vt pelagi mediis rupes in fluctibus extans,
122 131 574 160 Æſtum commoti fert benè ſirma ſali:
78 163 642 200 Sic vitæ, qui forti animo eſt ac mente procellas,
78 191 569 225 Propoſi aq; etiam morte, pericla feret.
306 228 510 256 Spes cælo certißima.
78 251 672 286 Quiſquis in humanis rebus ſpem collocat audet
120 284 542 309 Adriacos lacerâ ſcindere lintre ſinus.
78 310 575 341 Si qua tamen reſtat, nobis certiſſima cœlo
122 344 582 369 Cernitur, a ſummis anchora miſſa Deis.
247 376 586 405 Mors nos collocat ectra periculum.
78 401 680 438 Dum iuuat hanc animam male fidæ credere puppi;
120 433 692 464 Atque hinc Scylla minax, inde Charybd s atrox;
77 462 754 498 Numquam erit abſq; meru ambiguo; immuniſq; pericli
116 492 649 519 Dum repetat patriam, ſidera ſumma, domum.
261 522 509 552 Pari pectore fronte pari.
78 542 599 580 Qui benè diſſimulat vario mendacia vultu,
119 581 509 609 A polypi differt moribus ille nihil.
78 609 597 639 Vir bonus, & quem non mouit fallacia fuci,
114 637 522 669 Eſſe pari ſueuit pectore, fronte pari.
350 672 503 698 Noxia ſocioetas.
82 699 579 728 Amplexu paries hederæ qui gaudet, ab illâ
112 728 519 757 Sæpe ruinoſo damna fragore refert.
82 758 549 787 Et qui non fido nimium ſe credit amico,
109 788 573 819 Is, quæ de ingrato ſæpe queratur, habet.
325 822 492 841 Amicus certus.
81 846 644 876 Morte fuum propriâ Pylades hic ſeruat Oreſtem
108 876 564 907 Dum parat humano ſacra cruore Thoas.
80 905 589 934 Rebus in incertis certus ſpectandus amicus:
107 935 551 965 Falſus ad aggeſtas curtit amicus opes.
223 966 497 993 Non naſci ur nobilis, ſed ſit.
78 993 547 1023 Nobilis eſt, non cui ſeries à regius orta;
108 1023 568 1052 Sed quem virtutis ſtemmata nobilitant.
79 1051 589 1084 Qui ſolum titulos priſeorum iactat auorum,
106 1081 559 1104 Non ſua ridiculus verum nirena notat.
269 1112 530 1139 Regis maieſtas in virtute.
665 1147 738 1178 Regis
