872 1312
276 69 551 106 BOISSAI
1 103 578 143 Vt pelagi modiis rupes in fluctibus extans,
122 131 574 160 ſtum commoti fert bene ſirma ſaſi:
41 163 642 200 Sic vitæ, qui forti animo eſt ac mente p ocellas,
41 189 569 225 Propeſi aq; etiam morte, pericla feret.
306 228 510 256 Spes c lo certiima.
41 251 685 286 Quiſquis in humanis rebus ſpem collocat aude
120 284 542 309 Adricos lacerâ ſcindere lintre ſinus.
41 305 575 341 Si qua tamen reſtat, nobis certiſſima cœlo
122 344 582 369 Cernitur, a ſummis anchora miſſa Deis.
247 376 586 405 Mors nos collocat ectra periculum.
41 402 680 438 Dum iuuat hanc animam male fidæ credere puppi;
120 433 692 464 Atque hinc Scylla mine, inde Charybd s atrox;
40 462 754 498 Numquam rit abſq; meru ambigu; immuniſq; pericli
116 492 649 519 Dum repetat patrian, ſidera ſumma, domum.
261 522 509 552 Parr pectore frontepari.
40 542 599 580 Qui ben diſſimular vario mendacia vultu,
119 581 509 609 A polypi d fet moribus ille nihil.
39 609 597 639 it bonus, & quem non mouit fallacia fuci,
114 637 522 669 Eſſe pari ſueuit pectore, fronte pari.
350 672 503 698 Noxia ſocioa.
82 699 579 728 Amplexu paries hederæ qui gaudet, ab ill
112 728 519 757 Sæ pe ruinoſo damna fragore refert.
82 758 549 787 Et qui non fido nimium ſe credit amico,
109 788 573 819 Is, quæ de ingrato ſæpe queratur, habet.
325 822 492 841 Amecs certs.
81 846 644 876 Morte fuum propriâ Pylades hic ſeruat Oreſte
108 876 564 907 Dum parat humano ſacra cruore Thoas.
80 905 589 934 Rebus in incertis certus ſpectandus amicuse
107 935 551 965 Falſus ad agge ſtas curtit amicus opes.
223 966 497 993 Non aſci ur nobilis, ſed ſit.
78 993 547 1023 Nobilis eſt, non cui ſeries a regius orta
108 1023 568 1052 Sed quem virtutis ſtemmata nohilitant.
79 1051 589 1084 Qui ſolum titulos priſeorum iactat auorum,
106 1081 559 1104 Non ſua ridicuins v. um nilena notat.
269 1112 530 1139 gis in viræte.
665 1147 738 1178 Regs
