872 1312
308 65 602 94 IOAN. IACOBI
124 100 641 131 Regia maieſtas, non auro aut diuite gemmâ,
155 130 580 160 Nec Tyriæ robur ſumit honore togæ.
125 159 666 189 Firma eſt, cui virtus nitido diademate frontem
156 189 641 220 Cingit: ab hac ſceptri vis metuda venit.
362 219 546 247 Virtus poſt funcra.
128 241 728 276 Arſit odoratum Phœnix poſtquam inter amomum;
156 277 599 306 Paruula ab exſtinctis ignibus exit auis.
128 307 569 336 Sic ſectatori virtus pulcerrima famam
156 336 588 361 Eternam, extremo funere reſtituet.
368 366 544 394 Genus immortale.
128 394 591 425 Alciden nutrix euexit ad æthera Virtus:
158 423 665 454 Hinc genus ſummo eſt dictus habere Ioue.
125 454 708 481 temmata vana gerunt & inania nomina, qui non
158 482 616 506 Virtutem auctorem nobilitatis habent.
296 512 615 541 Diuinorum ſcrutatio ericuloſa.
129 541 568 570 Eſt diuinorum ſcrutatio plena periclis.
159 572 585 600 Sacra lege: vlterius te Deus ire vetat.
128 600 633 625 Auſus rimari Diuorum arcana Prometheus,
158 628 602 657 Caucaſeam Iacero viſcere pauit auem.
363 661 553 689 Reruem viciſitudo.
128 685 643 718 V roſa mane rubens ſe murice cingit odoro,
157 718 652 748 Fitque rigens, vixdum ſole cadente, rubus:
129 747 625 771 Sic fluit incertum vita hæc ſortita tenorem,
128 776 642 807 Vmbræ inſtar; volucri ſubiiclturque rotæ.
324 808 614 836 Deo viuimus, quod viuimus.
129 834 707 864 Templi appenſa tholo Iampas Diis ſacra corruſcat
158 865 688 895 Non ſibi, ſed Superis ſic quoque natus homo.
128 895 781 924 Huius curriculum vitæ eſt breue; at ad bene agendum,
156 924 561 953 Id nobis longum fata dedere ſatis.
315 954 597 983 Nec Syllam, nec Charybdin.
126 977 602 1012 Exactâ vitam quiſqus ratione gubernat,
157 1010 661 1041 Qique Deum curſus optat habere ducem;
126 1042 602 1070 Securo placide verret vada cærula remo;
154 1070 643 1098 Sit licet in Siculum puppis adacta fretum.
361 1102 604 1133 Aſſentator, coruu,
707 1124 789 1162 oi
