872 1312
307 76 626 100 OAN. ACOBI
143 110 703 144 Plus Princeps bonitate ſuâ quâm robore pollet:
175 142 646 176 Poſcunt regna fidem: tela tyrannis amat.
144 171 621 203 At rex ſecuris premit alta cubilia ſomnis:
176 200 658 236 Quod metuat mediâ luce tyrannus habet.
388 233 567 259 Vis conſilii expers.
145 260 603 290 Fruſtra ſe tollit veſana potentia regum,
177 290 581 323 Ingenio quoties conſilioque vacat.
147 314 724 346 Cuius vt immodicæ creſcunt cum tempore vires;
177 347 627 376 Mole ſua ſic cum tempore quaſſa rui
364 377 596 406 Ingratis eruire malum.
151 406 641 441 Qu mandat ſterili Cerealia ſemina arenæ,
182 435 588 467 Non profecturis littora bobus arat.
153 460 680 499 Quiſquis & ingratis ſeruit, tua, Siſyphe verſat
183 493 656 521 Saxa. & vobiſcum, Belides. hauut aquam.
432 524 538 552 Spe futuri.
154 550 645 583 Seruitio ingratæ vitam qui conſecrat aulæ,
185 580 665 609 Nec tandem meritis præmia di gna re fert;
154 609 648 643 Eſt tædæ ſimilis: quæ dum ſeruiliter ardet,
184 640 561 674 Liquitur inſano tota miniſterio.
418 670 616 700 Solo tactu inquinat.
155 698 704 726 Pix tractata manum ſolo tactu inquinat; & dat
187 729 672 759 ſſicilem, quam non eluat vnda, notam.
157 757 732 791 Sic ſemel, & modicum quamuis guſtata Voluptaa,
188 789 611 817 Inficit, & turpi ſtigmate tacta nocet.
354 821 622 846 Odt compotorem.
158 847 649 877 Liberius ſi quid cœnâ feruente loquamur,
191 877 681 907 Conuiua id tacito candidus ore premat.
160 905 701 935 Improbus effreni qui eliminat omnia linguâ;
190 936 581 964 Polluit impuris pocula lata labris.
364 964 617 993 Penſat vicoria laborem.
160 995 643 1025 Vitor in Elæo qui puluere certat, oliuam
191 1025 606 1055 Sudoris pretium, ſi potiatur, habet.
161 1049 737 1083 Nos quoque in ſſiduâ quibus ardet vita pala ſtrâ,
192 1082 678 1110 Slendia, at acœlis miſla corona manet.
420 1114 572 1139 Viue, vt ias,
776 1131 841 1171 vita
