872 1312
259 81 536 108 BOISSARDIL
301 120 483 144 Maria a Viennâ.
48 145 625 182 Quam pictam nuper Mariam Venus aurea vidit,
93 176 503 205 Illâ ſe expreſſam credidit in tabulâ.
327 211 452 233 Bona Heeia.
61 234 585 272 Sit tibi forma licet, quali Cytherea placeret,
91 265 515 301 Prudenti mauis Pallada mente ſequi.
320 301 463 323 Anna Haeuia.
52 325 635 359 Anna, tuam tantum commendat gratia formam,
92 355 533 389 Vt quartæ Charitis nomina iure feras.
316 389 492 417 Franciſcus yâ.
63 412 565 447 Sis eques; ardebit Pollucis imagine Caſtor:
88 443 593 478 Sume haſtam; natum credet adeſſe Tethis
286 476 460 505 Franciſius &yâ.
53 495 606 535 Fœdera cum pulcrâ tibi ſint quod pacta Dione,
88 530 544 566 Oſtendit lepido eſt qui tibi in ore lepos.
304 567 480 595 Perona ereſmia.
53 580 575 623 Mortales iniit thalamos, quæ Numina vultu
89 619 477 654 Flexit, cœleſti digna Perona toro.
313 655 451 683 Helena a tya.
52 678 531 706 Lumina formoſæ nato es furata Diones
89 711 477 742 Te propter cæcus diciturille puer.
278 744 479 771 Anatolius Tydæus.
51 757 634 801 Siue arma, aut blandos animo mediteris amores;
84 798 619 832 quâ fronte tibi Marſque Venuſque fauent.
257 832 519 854 Ioan. Iouianus Pontanus.
52 854 618 887 Littora Parthenopes dum tu, Pontane, tenebas,
87 885 499 913 Illic Caſtalides ſedem habuere Deæ.
295 921 463 949 Barthol. Platina.
52 943 510 976 Pontificum vitas vero quid profuit ore
91 974 521 1000 Dicere, ſi infeſti ſunt tibi Pontifices?
301 1008 477 1037 Philippus Decius.
61 1031 630 1067 Sanctarum intereant numeroſa volumina legum
83 1060 542 1092 Hic, per quem ſubito reſtituantur, erit.
289 1096 495 1123 Deſidorius Eraſmus.
53 1120 592 1156 i te non norit, Muſas quoque neſciat eſſe
697 1155 729 1184 H
