872 1312
310 80 608 102 IoAN. IACOBI
156 116 648 144 In ſummo ſedem namque Helicone tenes.
403 146 540 174 Gul. Budæus.
128 174 679 205 allia, diſce bonas artes, queis Graius abundat:
156 204 642 233 Hic Græce eſt per quem tu doceare loqui.
371 235 556 255 Victor Trincauella.
128 261 644 292 Caute agite Parcæ: Victorem miſit Apollo,
161 292 556 323 Qui veſtras diâ corrigat arte colus.
393 322 573 348 Ludou. Areoſtus.
131 350 639 379 Dum terris argutas vocali pollice chordas,
162 379 618 409 Vincitur Orpheæ Thracia Muſa lyræ.
396 410 580 438 abricl Fallopius.
135 433 728 469 Ceeropidæ Androgeon perimant; Fallopius adſit,
162 469 516 495 Pæoniâ ſubito reſtituetur ope.
376 498 648 519 Petr. Lotichius Secundus.
136 528 561 557 Se tibi Pieriâ reliqui licet arte poetæ
171 556 634 583 Contulerint, nulli, Petre, ſecundus eris.
388 587 655 615 Olympia Fuluia Morata.
135 608 650 646 Quam ſpirare vides viuaci, lector, ocello, eſt
166 642 736 672 Aut decima Aonidum, aut Fuluia quarta Charis,
396 675 594 704 Il Cæſar Scaliger.
141 704 622 733 Tu, ſi deficiant, vndas dabis Hippocrenæ;
166 733 588 763 Et Phœbo radios, Pieriiſque ſophos.
387 764 568 793 Ioſephus Scaliger.
139 792 685 821 Phœbe, tui ſolis poſthac moderare quadrigas
169 823 583 852 Hic, qui Parnaſſo præficiatur, adeſt.
385 852 563 873 Iacobus Cuiacius.
139 879 797 910 Quod Themis hunc Lauri fronde atque Aſtræa coronant;
169 910 618 933 Deſine mirari: eſt Gallicus iſte Solon.
387 942 554 963 Henr. Suebelius.
140 967 747 1000 Cum Superis deinceps habitent Aſtræa, hemiſque:
172 1000 606 1029 Tu legum fautor, tu pater eſſe potes.
359 1032 603 1052 Io. Vincentius Pinellus.
143 1057 725 1085 Qui videt hunc certo ſe credat cernere Phœbum:
173 1087 618 1119 Aut ſi quid Phœbo doctius eſſe poteſt.
366 1120 581 1143 fſieron. Mercurialis.
734 1143 813 1181 Notus
