872 1312
258 70 513 92 BONEFONII
60 103 473 143 Quid bis amplius expetiſſe poſis:
62 140 447 171 Auarus licet improbuſque voti
64 170 460 200 Ac beatius ampliuſque quiddam,
64 200 461 230 Dat Diana tibi, dat illa quiddam,
66 230 446 261 Ouod ſperare licet Diis nec ipſis.
65 259 459 285 Adſciſcit ſocium ad thori Diana,
66 290 381 321 Et te virgineo locat cubili.
65 321 431 347 Felix o nimis, & nimis Catelle,
60 349 446 379 Amate vſque adeo meæ puellæ,
67 379 488 409 Quis barbatulæ, quis Catelle tantas
66 409 416 439 Non tibi inuideat beatitates,
67 440 427 470 Queis ſperare nefas beatiores?
299 473 340 491 V.
66 499 477 529 ODens improbe, dire, ter ſceleſte,
61 528 461 559 Dens ſacerrime, Dens inauſpicate,
66 558 503 589 Tun tantum ſcelus auſus, vt papillas
64 589 439 618 Illas Pancharidis meæ papillas,
67 620 476 648 Quas Venus veneratur & Cupido,
67 648 435 676 Feris morſibus ipſe vulnerares?
96 678 503 709 Nec tecum reputas miſelle, quanti
67 709 419 729 In te Numinis excitaris iras ?
68 737 520 767 Qui dum Pancharidem meam laceſſis,
61 766 479 793 Omnes & Veneres, iocos, amores,
61 797 546 826 Et quantum eſt Charitum ſimul laceſſis.
96 827 548 856 At tu hoc pro ſcelere impioque facto,
68 855 489 881 Ne mi iraſcere, blanda Pancharilla,
68 886 450 916 Namque teſtor ego tuos ocellos,
58 917 460 945 Amo quos ego plus meis ocellis,
67 945 468 976 Et teſtor Veneris tuumq; Numen,
69 974 517 1004 Quo maius mihi ſanctiuſque nullum,
68 1004 489 1033 Non has lædere mens fuit papillas,
67 1034 501 1057 Non has mens mihi Diua vulnerare.
97 1063 533 1093 Verum vt ſe exeruit mihi ſuperbus,
58 1092 460 1123 Tuarum ille decor papillularnm
66 1120 416 1151 Et has impulit ardor oſculari,
685 1154 732 1185 Ipſe
