872 1312
360 76 539 98 IOANNIS
149 116 553 145 Ipſe ardentius æſtuans furenſque,
148 145 606 174 Compreſſi has nimium atque vellicaui.
177 174 656 204 Hoc meum ſcelus impiumque factumeſt
148 204 539 233 Pro quo mille adeo ſubire pœnas,
148 234 555 262 Pro quo mille velim ſubire cædes:
150 262 598 292 Si tantum ſcelus impiumque factum,
148 294 550 323 Vlla vnquam queat expiare pœna,
149 324 555 352 Vlla vnquam queat expiare cædes.
150 352 598 379 Atne hoc pro ſcelere impioque facto,
151 380 571 406 Ne mi iraſcere, blanda Pancharilla,
151 410 540 440 Ne mi iraſcere, cui ſuperba forma
150 440 541 469 Peccandi impoſuit neceſſitatem.
339 482 399 502 VII.
181 518 572 552 Qu mi ſic Animus repente fugit?
157 549 580 577 Fugit, quod reor, ad meam puellam,
144 579 522 608 Ad illa aurea vincla conuolauit.
135 608 531 636 Ah quo in exitium ruis miſelle?
152 638 540 666 Hi quos aureolos putas capillos,
153 666 552 699 Ouæ tibi aureolæ comæ videntur,
158 697 572 724 Non ſunt aureolæ comæ aut capilli,
152 725 587 758 Sed ſunt vincula, compedes, cathenæ.
153 754 524 784 Sed ſunt retia nexileſque caſles;
153 785 562 813 Quius ſi ſemel occupatus hæres,
152 814 537 843 Peribis, moneo. ah miſer peribis,
153 843 537 872 Nec ad me poteris miſer redire.
184 871 605 903 Vſque ab vnguiculis meam pererres
152 903 605 933 Totam denique Pancllarim retractos,
153 933 439 962 Illius licet ebrius lepore
154 962 517 991 Incubes oculis, labris, papillis,
154 991 511 1022 Verum cautius inuola capillis.
154 1021 594 1054 Nam prædico iterumque tertiumque
153 1051 547 1080 His ſi retibus cccueris vnquam,
152 1079 508 1109 Peribis miſer ah miſer peribis,
151 1109 515 1140 Nec ad me poterismiſer redire,
