872 1312
228 69 530 101 BONEFONII.
695 70 735 92 A
186 106 585 136 d Matthiam Bruerium Proprætorem
291 136 419 164 Panis.
334 168 420 189 VIII.
68 193 721 227 Ouid tu me indomitum, Brueri, compeſcere Amorem,
99 225 554 254 Ardoremque animi diſſimulare iubes?
72 254 639 281 Hei mihi, difficile eſt animum tractare furentem,
99 284 487 309 Diſficile vrentes occuluiſſe faces.
70 314 562 347 Ecquid ego intuear lentus formoſa puellæ
97 345 545 374 Lumina, flammeolis irrequieta notis?
71 375 521 405 Intuear niueo turgentes orbe papillas,
101 403 604 435 Aureolasque comas, marmoreosque ſinus:
74 434 570 463 Nec liceat libare ſinus, teretesque papillas,
105 464 537 493 Nec liceat cupido figere dente genas?
73 492 575 522 Non oculis auſim non oſcula ſerre capillis,
106 523 519 554 Oſcula vel regnis anteferenda mihi.
64 552 557 584 Ah pereat qui ſic moderari pectoris æſtus,
107 581 541 613 Ah pereat qui ſic lentus amarc poteſt.
74 611 549 642 Excubet inde licet duræ cuſtodia matris,
106 641 497 670 Excubet inde viri ſuſpicioſa fides
78 672 642 703 Garriat hinc vulgus tacitoque immurmuret ore,
109 703 456 723 Et toto fiam fabula nota ſoro.
82 729 662 756 Nec duras matrum excubias, vel torua mariti
109 763 589 790 Lumina, nec vulgi murmura vana moror.
79 788 622 820 Sint fora templa, viæ, portus populoſa theatra,
88 821 485 843 Et ſint ardoris conſcia rura mei.
82 849 551 879 Sic vixerei atres rexit quos aurea Virgo,
81 879 528 910 Et quos falciferi ſceptra beata ſenis.
82 909 524 938 Errabant mixti nudis per rura puellis,
112 940 582 967 Et ſuus hærebat cuique perennis amans.
82 967 543 998 Longos alloquiis ſoliti producere ſoles,
115 999 545 1021 Mille & blanditias. mille ciere iocos.
87 1028 588 1056 Gaudia ducebant nullo intercepta pauore,
117 1056 599 1087 Gaudia quæ Cyprio tota liquorc madent.
86 1082 713 1115 Diſiimulent ſimulentque alii, & pro tempore fingant,
115 1117 540 1148 Hæc me libertas vitaque auita iuuat
692 1143 753 1172 Na
