872 1312
335 61 546 85 IOANNI
130 95 686 125 Nam quid nos caſto velum obtexamus Amori?
159 125 696 154 Pro Venusl an ſcelus eſt Numen amare tuum?
132 154 701 190 Nec Dii ergo ſceleris, ſceleris nec Iuppiter expers,
160 184 622 213 Denique pars cœli crimine nulla vacat.
132 213 734 244 Quis Phœbi Chionem, quis Bacchi Gnoſida neſcit?
163 242 614 275 Quis falſi raptus per freta longa bouis?
135 273 639 303 Cui vel olorini non cognita furta Tonantis
162 303 635 334 Aut ducta Herculea mollia penſa manu?
133 332 721 365 Viuamus, mea lux, Diuſimque exempla ſequamur:
164 361 577 394 Ire iuuet qu nos æſtus amoris agit.
135 389 667 419 Si ſcelus hoc; peccem Diuis auctoribus vltr:
164 422 619 449 Nec me pœniteat criminis eſſe reum.
388 454 432 473 I.
134 478 479 509 Amabo mea lux, mei lepores,
134 509 514 537 Meum melliculum, mei furores,
135 539 541 568 Hos meique animi, meique cordis,
135 567 478 591 Sine exoſculer illices ocellos:
136 595 480 625 Sine exoſculer aureos & illos,
135 626 522 656 Quos Apollinis aureisque Bacchi
132 654 513 679 Auſim crinibus anteferre crines.
135 685 583 717 Quid tu ingrata nimis, nimisque dura,
133 713 438 744 Id tu præmioli tuo poëtæ?
134 741 439 776 Id ſolatioli negas amanti?
131 772 460 797 An mi delicias facis iocoſa?
131 803 591 836 Quodque plus cupis, hoc negas roganti,
130 831 469 855 Inuita, vt videare mi dediſſe?
129 861 521 892 Inuitam licer ergo te præhendam,
130 890 491 918 Et collo iniiciam manus, & ora
132 918 543 946 Conſeram oribus, & labella labris:
131 949 521 983 Et neges licet vſque pernegesque,
129 977 568 1014 Lucterisque mihi, & mihi mineris,
131 1006 470 1039 Vſque ad baſia mille baſiabo,
129 1037 557 1070 Tum me morſibus hinc & inde figas,
128 1066 529 1102 Et os vngnibus hino& inde vellas,
128 1095 608 1136 Nes morſus metuam vnguiumve ſulcos,
735 1132 799 1166 u
