872 1312
304 71 510 96 IOANNIS
103 112 475 142 Ettorre aſſiduo igne baſiorum
104 141 464 170 Iſtis me iunat ignibus perire,
100 171 441 200 Oethæo veluti rogo probatus
105 199 569 223 Hinc cœlum nouus Hercules reuiſam-
328 232 384 251 XII.
108 257 481 289 Cum ſis mellea tota tota ſuauis,
108 288 478 318 Vt mellita magis nec ipſa mella,
105 318 464 346 Nee ſit ſuauior ipſa ſuauitudo:
108 348 464 378 oui tot ſpicula delibuta felle
108 376 446 405 uiboras oculis, tuisque labris
109 405 524 433 Tantam amaritiem mihi propinas?
137 434 543 466 Rurſus tu quoque Pancharilla, tota
110 466 447 493 Cum ſis fellea ſis amara tota,
103 492 492 524 Mage vt fellea ſint nec ipſa fella,.
112 523 458 551 Non amarior ipſa amaritudo:
107 552 494 583 Qu tam dulcia mella baſiorum
114 581 548 603 Tam dulcem ambroſiam mihi labella
111 611 470 640 Propinant tua? quituis ocellis
109 640 510 669 In me ſpicula tam benigna vibras?
111 670 476 695 An vis iſta tui eſt Puella, ocelli?
112 699 468 724 An vis iſta tui eſt, Puella, labri?
108 728 445 759 Vt me felle beent ſuauiore,
112 759 483 789 Vt me melle necent amariore.
114 789 416 819 O amarities nimis ſuauisl
115 817 423 839 O amara nimis ſuauitudo
336 849 407 868 xIII.
112 876 438 906 Ergo, foſcule tu meæ Puellæ
113 904 546 935 Hoc ſlorente ſinu ſque conquieſces?
113 936 461 965 Ergo tu Dominæ meæ papillis
113 965 486 994 Beatus nimis inſidebis vſque?
144 994 468 1018 Oſi, floſcule mi tua liceret
114 1023 442 1054 Iſtâ ſorte frui, & meæ puellæ
113 1054 476 1082 Incubare ſinu, atque deſidere
116 1083 518 1111 Hos inter globulos papillularum
111 1112 578 1147 on ſic lentus inersque conquieſcam,
725 1141 794 1171 on
