<PcGts xmlns="http://schema.primaresearch.org/PAGE/gts/pagecontent/2017-07-15" xmlns:xsi="http://www.w3.org/2001/XMLSchema-instance" xsi:schemaLocation="http://schema.primaresearch.org/PAGE/gts/pagecontent/2017-07-15 http://schema.primaresearch.org/PAGE/gts/pagecontent/2017-07-15/pagecontent.xsd"><Metadata><Creator>User123</Creator><Created>2020-04-19T01:00:16</Created><LastChange>2020-04-19T01:00:16</LastChange></Metadata><Page imageFilename="0694.png" imageHeight="1312" imageWidth="872"><TextRegion id="r0" type="paragraph"><Coords points="1,1 870,1 870,1310 1,1310"/><TextLine id="r0_l001"><Coords points="243,9 243,22 341,22 341,9"/><TextEquiv index="1"><Unicode></Unicode></TextEquiv></TextLine><TextLine id="r0_l002"><Coords points="251,72 251,97 531,97 531,72"/><TextEquiv index="1"><Unicode>BONEFONII.</Unicode></TextEquiv></TextLine><TextLine id="r0_l003"><Coords points="721,73 721,103 762,103 762,73"/><TextEquiv index="1"><Unicode></Unicode></TextEquiv></TextLine><TextLine id="r0_l004"><Coords points="497,108 366,109 277,107 96,107 96,136 497,137"/><TextEquiv index="1"><Unicode>Non ſic inſideam otioſus vſques</Unicode></TextEquiv></TextLine><TextLine id="r0_l005"><Coords points="492,143 484,141 99,137 99,164 108,165 127,165 137,167 205,168 492,168"/><TextEquiv index="1"><Unicode>Sed toto ſpatio inquietus errem-</Unicode></TextEquiv></TextLine><TextLine id="r0_l006"><Coords points="452,197 452,170 97,168 97,195 132,195 179,198 409,198"/><TextEquiv index="1"><Unicode>Et feram ſinui feramque collo</Unicode></TextEquiv></TextLine><TextLine id="r0_l007"><Coords points="450,198 333,200 292,198 179,199 151,197 98,197 98,222 450,222"/><TextEquiv index="1"><Unicode>Mille baſia, mille &amp; huic &amp; illi</Unicode></TextEquiv></TextLine><TextLine id="r0_l008"><Coords points="487,257 487,229 324,230 99,228 99,255 205,258 395,258"/><TextEquiv index="1"><Unicode>Impingam globulo oſculationes.</Unicode></TextEquiv></TextLine><TextLine id="r0_l009"><Coords points="503,258 205,259 127,257 127,286 503,286"/><TextEquiv index="1"><Unicode>Nec mihi ſatis hæc putes futura:</Unicode></TextEquiv></TextLine><TextLine id="r0_l010"><Coords points="524,291 514,289 462,288 295,289 241,287 99,287 99,315 524,316"/><TextEquiv index="1"><Unicode>Namque &amp; diſcere curioſus optem</Unicode></TextEquiv></TextLine><TextLine id="r0_l011"><Coords points="541,319 456,317 420,319 244,319 100,316 100,345 113,346 541,347"/><TextEquiv index="1"><Unicode>Quid diſcriminis inter hune &amp; illum:</Unicode></TextEquiv></TextLine><TextLine id="r0_l012"><Coords points="509,376 509,348 98,348 98,375 192,377 472,377"/><TextEquiv index="1"><Unicode>Et quantus tumor huius illiusque:</Unicode></TextEquiv></TextLine><TextLine id="r0_l013"><Coords points="553,406 553,377 101,377 101,406 384,407"/><TextEquiv index="1"><Unicode>Quantum albedine præſtet hic vel ille:</Unicode></TextEquiv></TextLine><TextLine id="r0_l014"><Coords points="527,436 527,408 103,408 103,436 415,437"/><TextEquiv index="1"><Unicode>Quantum duritie hic vel ille vincat:</Unicode></TextEquiv></TextLine><TextLine id="r0_l015"><Coords points="503,437 102,437 102,465 503,466"/><TextEquiv index="1"><Unicode>Siniſterne globus globusne dexter</Unicode></TextEquiv></TextLine><TextLine id="r0_l016"><Coords points="101,468 101,495 417,495 417,468"/><TextEquiv index="1"><Unicode>Figura placeat rotundiore:</Unicode></TextEquiv></TextLine><TextLine id="r0_l017"><Coords points="512,495 438,495 403,497 102,497 102,523 110,524 151,524 187,526 362,526 448,523 459,524 462,526 512,526"/><TextEquiv index="1"><Unicode>An dexter globus an globus ſiniſter</Unicode></TextEquiv></TextLine><TextLine id="r0_l018"><Coords points="817,518 817,534 865,534 865,518"/><TextEquiv index="1"><Unicode></Unicode></TextEquiv></TextLine><TextLine id="r0_l019"><Coords points="408,555 415,553 415,525 362,527 187,527 151,525 101,525 101,553 129,554 136,556 386,556"/><TextEquiv index="1"><Unicode>Papilla rubeat rubentiore?</Unicode></TextEquiv></TextLine><TextLine id="r0_l020"><Coords points="404,584 510,585 510,556 387,556 294,558 102,556 102,583 130,583 138,585 164,586 325,586"/><TextEquiv index="1"><Unicode>Explorem quoque quo beata ducat</Unicode></TextEquiv></TextLine><TextLine id="r0_l021"><Coords points="474,586 102,586 102,613 112,614 473,614"/><TextEquiv index="1"><Unicode>Illa ſemita quæ globos gemellos</Unicode></TextEquiv></TextLine><TextLine id="r0_l022"><Coords points="491,614 308,616 139,616 104,614 104,639 491,639"/><TextEquiv index="1"><Unicode>Sic diſcriminat &amp; ſubeſſe clamat</Unicode></TextEquiv></TextLine><TextLine id="r0_l023"><Coords points="549,673 549,644 474,644 403,646 194,646 125,644 121,646 118,650 114,650 108,644 103,644 103,673 440,674"/><TextEquiv index="1"><Unicode>Mellitum magis elegansque quiddam.</Unicode></TextEquiv></TextLine><TextLine id="r0_l024"><Coords points="559,674 441,674 279,677 145,676 103,674 103,703 559,704"/><TextEquiv index="1"><Unicode>Indagem quoque quicquid eſt latentis,</Unicode></TextEquiv></TextLine><TextLine id="r0_l025"><Coords points="475,704 105,704 105,731 475,732"/><TextEquiv index="1"><Unicode>Et labar tacitus ſerarque ſenſim</Unicode></TextEquiv></TextLine><TextLine id="r0_l026"><Coords points="106,733 106,763 471,763 471,733"/><TextEquiv index="1"><Unicode>Vſque Cypridis ad beata regna.</Unicode></TextEquiv></TextLine><TextLine id="r0_l027"><Coords points="506,763 468,763 440,765 136,764 136,792 141,793 506,794"/><TextEquiv index="1"><Unicode>At mi Pancharidis meæ papillas</Unicode></TextEquiv></TextLine><TextLine id="r0_l028"><Coords points="456,795 412,794 189,795 107,793 107,815 456,815"/><TextEquiv index="1"><Unicode>Nec ſummo licet ore ſuauiari.</Unicode></TextEquiv></TextLine><TextLine id="r0_l029"><Coords points="486,828 475,827 470,824 461,823 109,823 109,851 126,850 135,852 486,852"/><TextEquiv index="1"><Unicode>Nec leui licet artigiſſe palma,</Unicode></TextEquiv></TextLine><TextLine id="r0_l030"><Coords points="617,852 492,852 397,854 171,854 109,852 109,880 617,881"/><TextEquiv index="1"><Unicode>O ſortem nimis aſperam atque iniquam</Unicode></TextEquiv></TextLine><TextLine id="r0_l031"><Coords points="108,883 108,912 512,912 512,883"/><TextEquiv index="1"><Unicode>Tantillum illa negat mihi petenti,</Unicode></TextEquiv></TextLine><TextLine id="r0_l032"><Coords points="109,913 109,942 506,942 506,913"/><TextEquiv index="1"><Unicode>Tantillum illa negat mihi ſcienti;</Unicode></TextEquiv></TextLine><TextLine id="r0_l033"><Coords points="577,941 456,941 360,943 110,941 110,964 112,962 153,963 157,968 577,968"/><TextEquiv index="1"><Unicode>Ouæ tantum huic tribuit nec id perenti,</Unicode></TextEquiv></TextLine><TextLine id="r0_l034"><Coords points="117,963 117,975 153,975 153,963"/><TextEquiv index="1"><Unicode></Unicode></TextEquiv></TextLine><TextLine id="r0_l035"><Coords points="570,970 470,970 420,972 159,971 151,975 111,974 111,993 129,994 570,994"/><TextEquiv index="1"><Unicode>Ouæ tantum huic tribuit nec id ſcienti,</Unicode></TextEquiv></TextLine><TextLine id="r0_l036"><Coords points="351,1004 351,1022 415,1022 415,1004"/><TextEquiv index="1"><Unicode>IV</Unicode></TextEquiv></TextLine><TextLine id="r0_l037"><Coords points="464,1031 110,1031 110,1058 464,1059"/><TextEquiv index="1"><Unicode>Icor, ocus ad meam puellam,</Unicode></TextEquiv></TextLine><TextLine id="r0_l038"><Coords points="492,1087 492,1060 110,1059 110,1086 114,1087 430,1088"/><TextEquiv index="1"><Unicode>Dic vt me coquit ardor inſuetus:</Unicode></TextEquiv></TextLine><TextLine id="r0_l039"><Coords points="111,1089 111,1118 503,1118 503,1089"/><TextEquiv index="1"><Unicode>Dic vt mille premunt amaritates:</Unicode></TextEquiv></TextLine><TextLine id="r0_l040"><Coords points="110,1119 110,1149 466,1149 466,1119"/><TextEquiv index="1"><Unicode>Dicvt imbre mihi perenniore,</Unicode></TextEquiv></TextLine><TextLine id="r0_l041"><Coords points="688,1145 688,1171 781,1171 781,1145"/><TextEquiv index="1"><Unicode>Madens</Unicode></TextEquiv></TextLine></TextRegion></Page></PcGts>