872 1312
251 72 531 97 BONEFONII.
96 107 497 137 Non ſic inſideam otioſus vſques
99 137 492 168 Sed toto ſpatio inquietus errem-
97 168 452 198 Et feram ſinui feramque collo
98 197 450 222 Mille baſia, mille & huic & illi
99 228 487 258 Impingam globulo oſculationes.
127 257 503 286 Nec mihi ſatis hæc putes futura:
99 287 524 316 Namque & diſcere curioſus optem
100 316 541 347 Quid diſcriminis inter hune & illum:
98 348 509 377 Et quantus tumor huius illiusque:
101 377 553 407 Quantum albedine præſtet hic vel ille:
103 408 527 437 Quantum duritie hic vel ille vincat:
102 437 503 466 Siniſterne globus globusne dexter
101 468 417 495 Figura placeat rotundiore:
102 495 512 526 An dexter globus an globus ſiniſter
101 525 415 556 Papilla rubeat rubentiore?
102 556 510 586 Explorem quoque quo beata ducat
102 586 474 614 Illa ſemita quæ globos gemellos
104 614 491 639 Sic diſcriminat & ſubeſſe clamat
103 644 549 674 Mellitum magis elegansque quiddam.
103 674 559 704 Indagem quoque quicquid eſt latentis,
105 704 475 732 Et labar tacitus ſerarque ſenſim
106 733 471 763 Vſque Cypridis ad beata regna.
136 763 506 794 At mi Pancharidis meæ papillas
107 793 456 815 Nec ſummo licet ore ſuauiari.
109 823 486 852 Nec leui licet artigiſſe palma,
109 852 617 881 O ſortem nimis aſperam atque iniquam
108 883 512 912 Tantillum illa negat mihi petenti,
109 913 506 942 Tantillum illa negat mihi ſcienti;
110 941 577 973 Ouæ tantum huic tribuit nec id perenti,
111 970 570 1002 Ouæ tantum huic tribuit nec id ſcienti,
351 1004 415 1022 IV
110 1031 464 1059 Icor, ocus ad meam puellam,
110 1059 492 1088 Dic vt me coquit ardor inſuetus:
111 1089 503 1118 Dic vt mille premunt amaritates:
110 1119 466 1149 Dicvt imbre mihi perenniore,
688 1145 781 1171 Madens
