872 1312
310 69 518 90 IOANNIS
109 72 148 90 qsS
106 106 526 134 Madent lumina: dic vt ipſe vitam
105 136 516 165 Hic traho anxius inquiesque curis.
137 165 510 189 Sed inter tamen has amaritates,
105 195 500 224 Has inter lacrymas, & inter ignes;
108 224 500 252 Si tantum meminit puella noſtri,
106 253 517 276 Dic me viuere vel nimis beatum-
410 286 463 304 V.
104 311 606 346 Qualiter exoriens ferali crine Cometes,
104 343 576 370 In ſeſe populorum acies conuertit & ora
106 370 645 400 Vndique, & inſolito perculſas lumine mentes,
107 400 616 423 Territat: horreſcunt diræ formidine cladis,
107 430 583 460 Mortales, certique pauent incendia belli.
110 457 662 487 Sic ſe vbi Pancharidis puro iubar ore coruſcans
107 488 596 518 Exerit, & cœli maior micat ignibus ignis;
108 519 603 548 Hærent obtutu populorum lumina, & alto
108 548 695 578 Corda pauent ſuſpenſa metu, bellique necisque,
107 576 747 606 Flammarumque animis trepidantibus incubat horror.
376 610 442 629 VI.
110 636 534 666 Sic me, Neæra, contumacior ſpernis?
108 666 495 696 Sic deſpicaris & fero fugis corde?
106 696 546 724 Fugis ſuperba & vota ſupplicis rides?
107 725 543 753 Ridebo & ipſe tete, & inuicem durus,
108 753 527 783 Te deſpicabor perſida, & tuos faſtus
107 784 617 815 Faſtu retundam: iamque tu mihi longum
107 815 542 844 Vale Neæra, indigna cantibus noſtris,
834 820 870 839 l
106 843 520 874 Indigna Muſis. Marſias tibi ſemper,
107 872 521 904 Tuos habeto, teque Marſiæ ſemper,
108 903 500 934 Gens inficeta, plena ruris inſulſa,
105 931 527 958 Auerſa Muſis. Rurſus, o mihi rurſus,
106 961 479 993 Vale Neæra dedecus puellarum,
105 990 620 1022 Vrbisq; probrum. nam quid ipſa me ſpernis,
107 1021 567 1051 Quid deſpicaris, quem Turilla formoſa,
106 1051 606 1081 Turilla blanda, flos Turilla Nympharum
108 1080 626 1111 Complexa ſponte vindicatque iamdudum,
110 1109 582 1142 Sibique poſit: quæque iam meo cantu,
700 1144 775 1173 Super-
