872 1312
275 68 558 91 BONEFONII.
739 72 780 96 s
110 104 529 135 Superba tollit arduum caput cœlo:
110 133 623 163 Et ſe Corynnis ſeque Lesbiis confert.
141 166 647 194 At tu Neæra quam tuam vicem quondam
111 193 577 226 Tacita dolebis & tuum argues faſtum?
112 224 613 253 Quam me requires, & vocabis incaſsum?
376 257 458 276 VII.
112 282 638 313 Quo ſic Diua fugis? quid ſic deſerta pererras,
139 313 572 343 Auia, nec noſtri, nec memor ipſa tui?
113 344 662 374 Non metuis Fauni ne dum incomitata vagaris,
141 373 582 401 Iniiciant rapidas in tua colla manus?
112 403 632 433 Hos, tu Diua, tuis longe complexibus arce,
140 433 590 463 Nec patere ingenuis oſcula ferre genis.
113 463 615 493 Nec vero ſic te oblitam noſtrique tuique,
141 492 593 522 Crediderim, licet eſt ſuſpicioſus amor:
115 521 615 551 Vt quibus eftœ tos artus depaſta ſenecta eſt,
141 552 554 582 Oneis vires penitus deriguere gelu;
111 582 574 612 Et enſo veſtita quibus præcordia villo,
1 584 38 606 u
129 610 549 641 Et ſuffuſa genis hiſpida barba riget
112 640 630 671 Anteferas mea vita mihi, cui corpore ſanguis
139 672 588 701 Integer, & pingit prima iuuenta genas.
114 700 727 730 Quanquam aduerſa mihi & nimium contraria votis,
139 730 618 759 Non adeo aduerſam te tamen eſſe putem
112 760 613 790 At vos vel manibus, Fauni, violare puellam
140 790 557 814 Parcite, delicias nec temerate meas.
111 820 578 845 Furtiua nec falce meas inuadite meſſes;
141 849 600 879 Totus vthuius egos tota puella mea eſt.
115 879 595 908 Sed quid te deſerta iuuat per luſtra vagari
141 909 606 938 Totne per anfractus me, mea vita, fugis?
112 937 675 967 I,fuge per nemora & ſaltus, per inhoſpita teſqua:
141 966 686 997 Per nemora & ſaltus, per quoque teſqua ſequar.
112 997 559 1021 Inuia nulla mihi fuerit via, ſiue natatu
142 1025 565 1057 Flumina, ſeu curſu vis ſuperare iuga.
113 1056 629 1084 Nec me vel denſus lapidoſæ grandinis imber
143 1084 539 1112 Arceat, aut rapidi vis furioſa Noti
104 1114 584 1145 Nec me flagranti reuocarit Seirius aſtro,
729 1145 774 1167 Nec
