872 1312
331 67 540 94 IOANNIS
161 102 597 132 Nec ninis æternæ terra adoperta gelu.
132 132 665 162 Nil me terruerit, quin quod Natura pauorque
162 161 632 191 Ingenitus refugit, ſponte capeſſet Amor.
131 190 671 220 Fallor ego? haud noſtros ſic auerſaris amores.
161 220 620 248 At tentare lubet quam mihi certa fides.
132 248 646 278 Non igirur pulſata mihi tot planctibus aſtra,
162 279 616 308 Non mihi tot ſyluis carmina dicta tuis:
133 307 641 336 Tot ſuſcepta mihi diſcrimina ceca viarum,
162 337 640 366 Tot ſuperati æſtus, tot ſuperatæ hyemes:
131 366 633 396 Tot mihi decurſæ per opaca ſilentia noctes,
161 396 572 426 In te ſunt animi pignora certa mei:?
131 425 601 454 His licuit tentaſſe ſatis. Iam parce labori
161 456 578 484 Ingrato, ingratæ lux mea parce fugæ.
132 484 684 513 Sed fugit ah ventisque preces ludibria mandat:
159 514 551 543 O nimium ſortis aſpera fata meæ
128 542 579 573 Sic ego ſum duræ natus ſeruire puellæ?
160 573 613 603 Sic erit immitis ſemper vt angat amor?
128 630 487 660 Donec preſſius incubo labellis
128 661 465 688 Et diduco auidus tuæ, Puella,
126 689 487 717 Floſculos animæ ſuaneolentes,
126 720 498 746 Vnus tum videor mihi Deorum
129 750 490 778 Seu quid altius eſt beatiusve.
157 780 538 811 Mox vt te eripis ecce ego repent?
125 810 511 836 Vnus qui Superum mihi videbar,
127 838 459 866 Seu quid altius eſt beatiusve
126 867 483 895 Orci mi videor relatus vmbnis
125 897 480 926 Seu quid inferiusve triſtiusve.
361 931 426 948 I.
124 953 490 985 Tne Pancharidis meæ labellis
123 983 493 1013 Infelix, Anime auſus incubare?
122 1013 475 1042 Auſus ſugere mella baſiorum?
122 1042 420 1065 Auſus nectare delicatiore
123 1073 520 1103 Tete proluere? heu miſelle parce:
120 1102 577 1135 Nam dum ſugere mella, duimque nectat
706 1134 793 1158 Credis
