872 1312
367 79 575 100 IOANNIS
163 114 571 145 Mille puella plagas inſidioſa parat.
133 143 707 175 Oecupat incautum, corque in ſua retia tandem
163 174 631 206 Trudit, & æternâ compede dura premit.
134 204 662 230 Hei mihi ſic caſſes, ſic vincula nectis amanti,
165 233 619 263 Hei mihi ſic miſero cor violenta rapisi
135 260 790 295 Non queror eſſe tuum: ſed eram quod ſponte daturus,
167 293 598 321 Cor mihi te furto ſurripuiſſe queror.
428 325 504 344 V.
137 353 557 379 Veni ad Pancharidem meridiatum,
138 381 566 411 Cum mox inſolito fragore cœlum
138 411 545 444 Concuſſum tonat, igniumque late
139 440 513 466 Triſulcis iaculis coruſcat æther.
139 471 500 500 Illa fœmineo pauore languens
139 500 550 531 Ruit protinus in ſinus amantis:
141 529 555 561 Et, ſerua miſeram, inquit illa. ſerua.
173 560 596 590 Ego ſollicitam & nimis pauentem
142 589 541 619 Suſtentans gremio: quid o puella,
143 618 552 649 Ouid me poſcis opem, iubesq; tete
143 648 513 677 Vt ſeruem, nimium meticuloſa,
144 678 533 709 Quæ ſic fulgura vana pertimeſcis,
142 708 563 736 Tonitrusque paues i: ane murmur?
144 737 554 767 Quin meme miſerum puella ſerua,
144 767 496 797 In quem lethiferis tuis ocellis
144 797 491 825 Multo fulgura tu maligniora,
147 826 507 849 Multo fulmina ſæuiora vibras.
436 856 527 877 XVI.
145 884 510 909 En flores tibi mitto diſcolores,
146 913 658 944 Pallentemque roſam, & roſam rubentem.
147 944 559 972 Illam cum aſpicies, miſelli amantis
147 974 498 1002 Puta pallidulos videre vultus.
150 1002 596 1027 Cum tueberis hanc rubore tinctam,
149 1033 498 1064 Putes igne rubens cor intueri.
428 1065 534 1085 xVII.
152 1091 642 1122 Amabo hunc mihi commodes ocellum,
153 1122 671 1151 Huuc tuum improbulum, puella, ocellum
