872 1312
279 70 561 96 BONEFONII
726 77 765 103 s
49 105 562 137 Qui tot tela vibrat, vibratque flammas.
1 125 467 167 u Quid acturus eo, puella, quæris?
93 167 559 197 Vt hinc tela petam, petamque flammas,
1 188 490 225 Quibus quot perii miſellus olim;
92 227 433 254 Tot & tu pereas miſella telis,
1 248 479 283 ti Tot & tu pereas miſella flammis.
177 287 592 316 Ad Fr. Myronem Senatore Pariſienſu.
336 320 459 338 I
53 336 408 374 Sit in deliciis puella, Myro,
92 375 495 405 Quæ claris radiat ſuperba gemmis,
95 405 484 435 Quæ monilibus atque margaritis
92 434 532 464 Tota conſpicua atque onuſta toeſt:
51 464 421 494 Sit in deliciis amoribusque
92 494 496 524 Quæ cretâ fibi, quæque purpuſſo.
89 523 379 545 Et veneficiis colorat ora.
120 554 450 584 Placet, Myro, mihi puella ſi
451 555 516 584 le,
88 584 471 613 Cui natiua genas rubedo pingit,
49 613 480 643 Natiuusque pudor: placet puella
92 644 448 673 Ore virgineo & decente cuitu,
91 673 471 703 Artis neſcia negligensque fuci.
51 701 493 732 Placet denique quæ nihil monilis,
49 730 572 762 Nil gemmæ indiga, nilque margaritæ,
91 761 434 791 Pollet ipſa ſatis ſuapte formâ.
300 794 428 814 Ad eundem.
90 848 586 880 Aſpice quâm dubia, Myro, me verſet arena,
121 880 573 910 Aſpice quos ludos ludere ſucuit Amor.
47 910 587 939 Illa ſuis quæ plus oculis me nuper amabat,
122 940 535 969 Alterius nunc eſt, facta puella viri.
91 967 661 997 Ah genus inſtabile & malefidum femina nomeu,
122 998 615 1028 Quam ſibi conſtantem non vidit vna dies
92 1028 549 1057 Hæc erat illa fides, quâ tu iurare ſolebas
121 1056 624 1086 Te propriamque mihi perpetuamque ſore?
95 1086 590 1115 Sed non fallacis querimur periuria linguæ,
120 1115 556 1145 Non querimur læſos ſæpius ore Deos.
497 1148 577 1168 Vu
