872 1312
373 67 581 100 IOANNIS
139 86 183 110 Gs
145 114 593 150 Quæ ſit facta Diis, ſit Diis iniuria curæ,
175 140 669 179 Quos video vltores poſt caput eſſe tuum.
838 145 870 172 M
145 172 645 208 Te queror indigni te militis eſſe maritam,
176 201 654 236 Te queror ingenuam barbara vincla pati.
144 232 635 263 Ah mihi tu poteras victrix præſigere leges:
811 261 869 288 n
175 261 590 293 Iura mihi poteras imperioſa dare.
839 290 869 313 n
146 291 615 325 Nec leges mini turpe tuas, & iura ſubire:
176 320 590 353 Parere imperiis nec mihi turpe tuis.
146 349 659 379 Ruſticus eſt nimium, veriq; ignarus amoris,
178 378 668 415 Quem pulchræ dominæ iuſla ſubire pudet.
148 408 680 439 Nunc te etiam, licet ipſa alio traduxeris ignes,
177 439 601 468 Et licet odiſti, ſemper amabo tamen.
149 464 682 499 Nunc etiam legesque tuas, tua iuſſa capeſſam:
179 496 648 531 Nunc etiam nutus imperiumque ſequar.
148 527 664 561 Tu ſi forte mihi priſcum impertire fauorem,
7 530 72 555 s
178 558 630 587 Si miſerum rurſus perfida amare negas.
145 588 609 614 Finxeris at certe, certe ſimularis amare:
178 616 629 642 Sat mihi fictus erit ſat ſimulatus amor.
144 678 549 709 Ite, quando nihil iuuare amantem,
144 706 508 737 Quando conciliare nec poteſtis
141 736 545 764 Aduerſam nimium mihi puellam:
143 766 541 796 Ite in exitium malasque flammas,
143 797 489 826 Muſæ pernicies meæ iuuentæ.
173 824 562 855 Nam quid illa meo ſuperba cantu
141 854 552 884 Famam in poſtera ſecla prorogabit,
142 886 477 916 Qæ meas toties precationes
142 912 558 944 Spreuit, aſpera contumaxque flecti?
170 943 613 973 Ouin vos quin potius ſubite flammas,
139 973 564 1004 Quin vos quin potius valete in ignes
139 1003 562 1030 Camœnæ mihi non bene auſpicatæ.
166 1032 575 1064 Verum pignus ego meique amoris,
135 1064 510 1093 Et meæ fidei obſides Camœnas,
136 1092 527 1120 Sceleſtus iubeam valere in ignes?
133 1121 499 1153 Ego nomina clara Pancharillæ,
716 1146 837 1180 Qbus
