872 1312
245 72 528 96 BONEFON I
714 74 757 101 .
84 108 480 140 Quibus vel Venus inuidere poſſit,
81 139 508 169 Diris deuoueam vſtulanda flammis?
83 169 479 198 Quin vos viuite clara Pancharillæ
82 200 466 227 Meæ nomina, viuite o Camœnæ,
81 229 488 254 Nec incendia nec timete flammas.
76 257 457 288 Vnum me ſatis æſtuare flammis,
80 288 448 319 Vnum ſit ſatis ignibus perire.
314 323 405 342 I.
81 348 505 378 Nec cœlum aſſiduo madeſcit imbre,
80 377 486 408 Nec mare aſſiduis tumet ptocellis:
80 407 493 438 At mihi aſſiduo imbre lacrymarum
80 438 466 468 Ora tota madent, mihique pectus
80 468 483 496 Curarum aſſiduis tumet procellis.
80 496 542 527 Non terras petit vſque & vſque fulmen:
79 526 430 557 At me fulminibus nocentiora
78 554 494 586 Vſque tela petunt, & vſque flammæ
63 585 570 614 Non ſemper miſerum vorat Prometheum,
76 615 486 646 Nec ſemper Tityum malignus ales:
77 645 449 675 At malignior vſque mi Cupido,
71 674 465 701 Et fibras vorat, & vorat medullas,
70 702 455 733 Non Ixiona Siſyphumve pondus
76 733 503 763 Vrget perpetuam: at mihi perenne
76 763 571 795 Pondus incubat: at me & vſque & vſque
76 793 445 824 Dolorum rapit orbis inquietus.
78 824 476 847 O me ter miſerum, o nimis ſiniſtro
77 851 497 884 Natum ſydere, Diisque inauſpicatis.
356 888 460 905 ., -
77 910 660 942 Non ego, Diua, queror blandæ modulamine vocis,
106 942 570 973 Quod me excantaris ſurpuerisque mihi.
76 968 633 1000 Non ego, Diua, queror, dulci quod nectare tinct
106 999 553 1030 Elabris animam mi tua labra trahunt.
75 1028 589 1060 Non quod mi pæto furata eſt lumine pectus:
106 1058 558 1089 Aſt vnum infelix hoc ego Diua queror;
74 1086 624 1117 Dum ſic occumbo, tam dulci occumbere letho,
105 1117 492 1150 Vt lethi non ſit iuſta querela mei.
645 1146 743 1176 Panch-
466 1153 544 1176 Va S
