872 1312
321 84 534 106 IOANNRS
386 119 505 138 XT-
119 146 607 178 Panchari, virgineos inter flos vnice flores,
143 178 591 206 Panchari, pars animr dimidiata meæ:
122 207 624 235 Cuius labta roſas ſpirant, violasque capilli,
152 237 663 265 Spirant cimnameum candida colla nemus:
123 265 678 296 Da mihi, da preſſim luctantibus humida linguis
152 296 570 325 Baſia, per longas continuata moras.
123 326 592 355 Qualia dat caſto turtur ſociata marito,
154 355 587 385 Qualia amatori blanda columba iuo.
124 383 679 412 Nec numera vt cupido imerabat Lesbia vati:
155 414 620 444 Illa dare ex animo, non numerare iuuet.
127 443 612 472 At tu dum cupido miſcebis buſiæ amanti,
155 473 632 502 Iunge oculos oculis, & labra lnge labris.
126 501 682 532 Nec penitus clauſa ora tene. nec aperta licenter:
156 532 680 562 Vt nec clauſa iuuant ſic neque hiulca decent
130 561 599 591 Sat ſiet adpulſum linguis feciſſe duabus,
157 591 659 620 Innocuoque breuem dente dediſſe viam
128 622 626 651 Occurrat veniens venienti lingula linguæs
158 652 596 681 Alteraque alterius mobilis ore natet.
128 680 668 709 Ne totâ committe tamen mihi prœlia lingu:
157 710 622 740 At ſumma tantum cuſpide bella gere.
128 738 756 769 Dumque tuam exſugam, tu noſtram exſuge viciſſim
157 771 702 800 Dum te dente petain, me quoque dente pete.
130 800 720 828 Sint voces querulæ, ſint blæſula verba loqentum:
158 829 659 858 Nec deſint tremulo murmura blanda iono.
128 858 660 889 Poſtremo in noſtris onimam depoie labellis:
160 890 638 919 Hic morere, aut certe finge petulca mori,
131 918 618 948 Sic eſt, & cpidum tandem exorata beaſti,
159 947 640 977 Eſtque anima in labris noſtra relicta tuis.
128 977 662 1002 Omnibus membris illuc ſtimulata cucurrit,
160 1008 638 1037 Tanquam perpetuas hic habitura moras.
130 1037 604 1067 Sic eat & redeat toties, erretque labellis,
160 1065 621 1097 Dum ſe animæ penitus miſceat illa tuæ.
130 1093 698 1124 ec tu animam ex animâ poſſis diuellere noſtr,
156 1125 607 1158 ttnoſter nunquam diſſoluetut amor.
737 1155 794 1177 Bum
