872 1312
321 73 529 96 IOANNIS
149 110 533 140 Quando Diuio tete ego reuiſam?
117 140 544 171 Quando illos legere Atticos lepores,
119 170 472 200 Robertique mei, & mei Iureti,
119 201 418 230 Et Taborotii Boneriique,
120 228 558 258 Quando tot Venerum aureum licebit
118 258 528 287 Iubar ſuſpicere aureamque lucem?
119 289 489 321 Quando fas erit & meæ Turillæ,
119 319 436 346 Illa purpurea ora contueri?
148 349 508 375 At tu Diuio, tu meas perenne
121 376 459 401 Serues delicias, & has & illas,
118 406 493 435 Amoresque meos & hos & illos.
121 435 496 463 Sic te Diuio dii perenne ſeruent,
111 461 545 492 Vrbs amata mihi & cupita, quantum
110 492 453 529 Nulla amata fuit, fuit cupita.
200 523 627 552 Ad Achilem arlæum Senatus Pariſienfi
370 554 480 583 principem.
413 586 447 602 .
117 610 562 642 Ergo Achillem humiles adite Muſæ,
116 642 576 672 Non illum populis ducem tremendum,
116 671 599 700 Illum terribilem trucemque Achillem:
118 702 516 731 Sed hunc Iuſtitiæ pium parentem,
116 730 510 761 Inter qui ſtrepitus forique turbas,
116 761 498 789 Inter pondera publicasque curas
117 791 481 820 Audit Pieridum pios alumnos.
144 820 627 849 Et quanquam attigit hos gradus honoris,
118 849 478 878 Qucis nil celſius expetiſſe iuſta
114 878 487 909 Poteſt ambitio, tamen benignus
115 907 462 933 Et Muſas colit, & colit Poëtas.
143 938 545 965 Vos hunc vos humiles adite Muſæ,
115 965 450 992 Et huic dicite, ſi ſuo fatore
113 996 489 1027 Licet Sequanicis præeſſe Barris,
116 1027 457 1055 Speratoque mihi otio fruiſci,
114 1055 448 1085 Illi carmina me parare, viuet
115 1084 586 1120 Queis Achillis honos perenne in æuum,
113 1114 505 1143 Vt nil Mæoniden vetuſto Achilli
744 1145 807 1173 Sit
