872 1312
301 65 587 88 BONEFONII.
89 104 513 135 Sit quod inuideat recens Achilles.
364 136 490 156 In ineam.
397 167 436 186 II.
99 193 582 225 Qui ecti indocilis ad fatacoegit tliſam,
129 225 569 252 Vſque adeo ingratâ certus abire ſugâ:
99 253 677 279 Non Venere ille ſatus, non blandi frater Amoris:
124 283 476 307 At vere neas æneus ille fuit.
202 314 663 343 Ad Iac. Faium Aduoaauum Rgium in Se-
345 345 514 372 natu Pariſienſi.
406 376 449 395 IV.
152 403 526 434 Te Fai, pater omnium leporum,
93 434 480 463 Auctum gratulor elegante prole.
93 463 487 493 Nam quid gratius accidat marito,
95 492 562 523 Qum bella & lepida eleganſque proles,
88 523 426 559 Caſti coniugii ſuaue pignus?
150 552 552 581 Verum nontioi treſue quattuorue
92 582 459 612 Natas eſſe putas ſatis ſuperque ?
91 612 414 640 Satis multa, ſatis puella, Fai.
92 640 481 672 Gigne quem ſimilem ſui parentis
91 671 481 696 Olim Gallica roſtra fulminantem
88 701 499 731 Et patrum & ſtupeat corona vulgi.
90 730 497 761 Gigne in quoeniteat tua illa virtus,
88 760 484 792 Quâ tu Sauromatas tumultuantes
86 790 438 820 Leniiſti & populi furentis iras.
72 819 495 848 Nec vnum eſſe ſatis putato Faium?
72 848 495 878 Sed Faii vnius in locum quotannis,
85 880 418 903 Da nouos liceat videre Faios.
85 908 508 937 Hoc tu munere maius ampliuſque
72 937 464 966 Nil dabis patriæ, tuiſque Gallis.
191 966 594 992 Ad Iac. & Franciſcum Guelios Fratres,
140 1025 503 1056 Saluete ogemini ordinis togati
72 1056 411 1085 Ocelli, geminis meis ocellis,
72 1085 401 1108 Et cara mihi luce chariores.
80 1115 458 1145 Saluete o iterumque tertiumque
649 1144 741 1173 Guellii,
