872 1312
282 70 572 93 BONEFONII.
71 107 476 131 Vna cum Ioue cum Diis iocantes,
77 137 355 167 Vnâ deliciis & æuitate,
74 166 531 196 Et menſis Superim ambo perfruentes,
74 196 384 222 Et vos viuite vos Dii beati,
74 225 444 253 Et nato ſimul& ſimul parente.
236 256 549 278 Ad Iac. Cuiacium Iac. cu. F.
135 312 466 344 Quid Cuiaciade, tuine viuis,
78 345 487 373 Et vales memor vſque Bonnefoni?
73 373 489 402 Quem pridem ſibi ſic puella vinxit,
80 403 471 431 Sic ſibi imperioſa ancipauit,
78 431 446 462 Vt nec eſſe memor ſui feratur.
74 462 507 489 Nam tu quod mihi fama nuntiauit
78 492 462 520 Iam tener teneram colis puellam,
77 521 463 549 Iam docet puerum puer Cupido.
77 549 498 579 Quid oris decor, inſolenſque candor,
79 579 504 609 Quid poſſit Dominæ ſuperba forma:
78 609 472 638 Et dictat numeros, quibus lepores
72 638 443 665 Amoreſque tuos voees ad aſtra.
100 669 507 697 Ames, culte puer,ames perenne,
77 697 406 725 Et verſu lepido tuos lepores.
77 724 445 754 Amorelque tuos voces ad aſtra;
76 756 426 785 Atque det puero puer Cupido.
78 785 446 816 Sit cum amoribus & tua Dione,
78 815 419 836 Sit cum deliciis bene ac beate,
76 843 463 873 Quamque mi melius beatiuſque;
78 873 527 902 Quem nimis cruciat nimiſque torquet
73 903 417 930 Duro marmore durior puella.
303 932 552 963 CL, V.
395 964 440 981 .
136 990 469 1019 Miſiti geminos mihi poetas,
78 1014 468 1048 Quos ego geminos ad vmbilicum
80 1048 499 1076 Legi attentius. Eſt vterque Memmi,
81 1077 465 1107 Quando iudicium meum requiris
78 1107 452 1143 San pelepidus perelcganſque:
699 1134 740 1157 Sed
