872 1312
372 59 582 82 IOANNIS
147 95 584 125 Sed quid iudicium meum requiris
148 125 577 153 Memmi, æui decus atque literarum,
150 154 575 183 Cuius iudiciumque calculumque
148 183 540 211 Tanti omnes faciunt boni poetæ,
149 212 529 236 Tanti omnes faciunt viri eruditi
149 241 523 270 Nil tanti vt faciant boni poetæ,
150 271 478 293 Nil tanti faciant viri eruditi.
309 300 576 327 Iacobo Durantio Caſlio.
210 358 608 381 Dum te beata detinent Aruerni
153 387 533 418 Grati receſſus, liberoque in otio
153 418 612 448 Captas, Caſelli, blanda ruris commoda;
149 448 605 476 Nymphiſq; mixtus & iocoſis Panibus,
150 476 543 503 Echo ſonora procas arundine;
150 506 632 535 Ptoculque vulgo, adſertor & vindex ti,
151 534 582 562 Muſarum amico conquieſcis in ſinu:
151 564 536 593 Nos & ſutelis & tumultibus fori
148 593 507 620 Ingrata vexat iamdiu Lutetia;
149 622 576 651 Et mentis altos ſpiritus per turbidas
151 651 542 683 Traducit artes, & profana iurgias
149 680 584 712 Nos & forenſi ſemper actos turbine
146 710 617 740 Voluit, reuolui. Tunc, Caſſelli, prædic
146 739 570 769 Ter te beatum, cui benignus l upiter
148 767 605 803 Fauenſque Apollo, vocis incentor tuæ,
148 798 560 827 Frui quiete dant remotâ in villula,
146 827 459 854 Et literatis otiari in literis:
146 856 523 882 Site otiari ſit tamen fas dicere,
147 885 602 915 Qui clarus operum, qui laboris arduus,
144 915 540 945 Abſtruſa rerum literis perennibus
145 945 556 978 Mandas, & altâ vindicas caligine;
146 973 590 1005 Quæ laudet ille cura Diuum Scaliger,
145 1002 583 1033 Meus tuuſque Scaliger, qui carmine
144 1031 606 1063 Faunos ſtupentes, & ſtupentes Naiadas
142 1061 552 1093 Trhis poetas vnus inter principes.
186 1091 654 1123 Quodheu, malignum Sidus illuit mihi,
