872 1312
292 63 576 87 BONEIONII.
85 99 460 130 Vt ipſe roſtris, vt forenſi pulueri
85 129 483 160 Addicar vſque, nec tuos inſiſtere
85 159 535 189 Miliceat aulus, quem perardor gloriæ
83 188 493 220 Inceſſit, alto calcar addens pectori.
84 219 579 246 Quod quando nobis non dedere Nuraina;
83 247 507 277 At ipſe certe de propinquo littore
84 276 506 307 Tibi corollas, & tibi myrhos legam,
87 306 478 338 Tibique lauros & tibi pancarpias.
181 338 593 369 Io. Cuſſæi Seratoris Pariſinſ, & Renata
262 368 505 396 Thuanæ Epithalamium.
355 400 413 419 Ili.
121 426 591 456 Renatam qua non formoſior altera, vidit
82 456 587 484 Miratuſq; nouas mortali in corpore dotes,
81 484 531 515 Inſolitos hauſit formoſæ virginis ignes
81 513 539 543 Cuæus, totilque furens incendia venis
80 544 708 578 Imbibit: vnam ardens animi ſequiturquepremitque
80 574 534 602 Vnius in niuea dfixus imagine pendet.
137 603 656 632 Nec minus areano conſumiturigne medullas
78 631 567 660 Pariſias inter forma clariſſima Nyphas,
78 661 636 692 Nympha nouas experta faces, vnumquerequirit
74 692 508 721 Vnius in vultu ſperati coniugis heret.
135 720 720 750 Quid pori cunctaris Hymen? quoue vſq; mori
76 750 630 778 Tam cupidos felices iugo cemmitteie amantes?
76 780 618 808 Huc ades fauſtique nouos coniunge maritos
76 808 562 837 Auſpicis: n te virgo vitque, integer æui,
74 838 598 866 Coniunctis poſcunt ſtudis in vota vocantes.
73 867 567 896 At iam mitte qee i iam lentas deſine Solis
74 896 551 928 Incuſare rota ſegnem icere ihœben,
73 925 551 955 C ſſ Armoricæ decus indelenle gentis.
68 954 660 987 Iam tandem aduecta eſt aſiris voluentibus hora,
73 983 660 1013 Qua curas luctuque leues, longuique laborem,
71 1013 500 1041 Et voti damnere tui, & ſatiere petito
70 1042 583 1070 Amplex, teneræ fuſus per inemora puellæ,
70 1069 595 1098 Quam Veneri poſſis, quam tu prferre Dianæ.
99 1100 661 1128 Am tandem aduecta eſt aſtris voluentibus hora,
684 1133 734 1164 us
