872 1312
273 88 557 111 BoNEFONII.
1 95 31 118 ui
76 119 522 152 Cuſſæus, magni illius certiſſima proles
76 151 652 190 Cuſſæi, quem Rex populos, lateque patentem
75 182 518 211 Armoriam rigidâ iuſſit frænare ſecuri.
134 211 720 243 Ille tibi amplexuſque feret noctemque beatam?
75 238 584 272 Ille feret dulceſque iocos, perfuſaque melle
77 268 605 300 Oſcula, conſtringens validis tua colla lacertis.
135 300 636 331 Fœlix o nimium fœlix hac virgine coniux,
76 330 581 361 Fœlix o nimium fœlix hoc coniuge virgo:
76 359 659 389 Viuite concordes atque arctis vincula dextris
1 368 30 390 li
76 389 651 420 Nectite, quam lento conſtringitur Herculis arbor
72 418 665 448 Palmite, quam premitur vitis frondentibus vlmis.
64 448 623 473 Viuite, fœcundum ſobole exercere iuuentam:
76 477 562 509 Et Gallis natos. Gallis properate nepotes,
2 498 32 522 u
77 507 619 540 Qui leges, qui iura ferant, qui facta parentum
77 538 621 567 .quent, qui famam ventura in ſecula mittant
78 566 623 596 Virtute inſignem, inſignem præſtantibus auſis.
312 600 503 627 Tumults Callicus.
362 627 439 658 IV
137 656 640 688 Ecquid inexpleto diſrumpis pectora queſtu
79 686 555 713 Gallia, & aſſiduis perfundis fletibus ora?
79 715 677 746 Comprime ſingultus, lacrymarum comprime riuos.
78 745 533 773 Expectata diu tandem lux aurea fulſit,
78 774 623 805 Quâ caput infandum, terrarum dedecus hoſtis
79 805 601 833 Cœlicolum, diro vitam cum ſanguine fudit.
78 833 615 863 Quem ſi noſſe cupis primæ incunabula vit æ
80 862 582 893 Nocte ſata Alecto reptantem fouit in vlnis,
78 892 599 919 Et ſtruere inſidias, tacitas innectere fraudes,
78 923 613 952 Magnorum penetrare ulas & limina regum,
80 952 542 975 Vnanimes odiis docuit turbare ſodales.
1 951 33 974 s
138 980 654 1011 Ergo olim placidas late quum cerneret vrbes
81 1009 571 1034 Gallorum; inuidiæ violento concitus æſtu
1 1007 45 1041 ,
80 1039 649 1070 Bella mouet; tentat Gallorum inuadere ſceptra:
79 1068 555 1097 Pullatos equites noſtras effundit in oras,
1 1070 47 1095 a?
79 1098 566 1127 Arua Palatinis peruaſtat Gallica plauſtris:
62 1126 511 1156 Valeſiæ gentis nomen delere laborat:
652 1158 749 1183 ob-
401 1162 507 1185 x
