<?xml version="1.0" encoding="UTF-8" standalone="no"?><PcGts xmlns="http://schema.primaresearch.org/PAGE/gts/pagecontent/2019-07-15" xmlns:xsi="http://www.w3.org/2001/XMLSchema-instance" xsi:schemaLocation="http://schema.primaresearch.org/PAGE/gts/pagecontent/2019-07-15 http://schema.primaresearch.org/PAGE/gts/pagecontent/2019-07-15/pagecontent.xsd"><Metadata><Creator/><Created>2022-04-09T06:18:35</Created><LastChange>1970-01-01T00:00:00</LastChange><Comments/></Metadata><Page imageFilename="0720.png" imageHeight="1312" imageWidth="872"><TextRegion id="r1" orientation="0.0" type="paragraph"><Coords points="1,1 870,1 870,1310 1,1310"/><TextLine id="l1"><Coords points="273,88 273,111 557,111 557,88"/><TextEquiv><Unicode/></TextEquiv><TextEquiv index="1"><Unicode>BoNEFONII.</Unicode></TextEquiv></TextLine><TextLine id="l2"><Coords points="522,123 419,121 300,121 271,119 76,119 76,149 259,152 522,152"/><TextEquiv><Unicode/></TextEquiv><TextEquiv index="1"><Unicode>Cuſſæus, magni illius certiſſima proles</Unicode></TextEquiv></TextLine><TextLine id="l3"><Coords points="652,151 582,151 574,155 559,156 363,155 178,151 76,151 76,180 560,185 568,190 652,190"/><TextEquiv><Unicode/></TextEquiv><TextEquiv index="1"><Unicode>Cuſſæi, quem Rex populos, lateque patentem</Unicode></TextEquiv></TextLine><TextLine id="l4"><Coords points="518,186 225,182 75,182 75,211 86,211 89,209 102,208 151,208 190,211 518,211"/><TextEquiv><Unicode/></TextEquiv><TextEquiv index="1"><Unicode>Armoriam rigidâ iuſſit frænare ſecuri.</Unicode></TextEquiv></TextLine><TextLine id="l5"><Coords points="720,211 567,211 559,215 404,214 374,215 134,211 134,239 325,243 720,243"/><TextEquiv><Unicode/></TextEquiv><TextEquiv index="1"><Unicode>Ille tibi amplexuſque feret noctemque beatam?</Unicode></TextEquiv></TextLine><TextLine id="l6"><Coords points="584,246 461,245 427,243 325,244 75,238 75,267 80,268 224,269 291,272 584,272"/><TextEquiv><Unicode/></TextEquiv><TextEquiv index="1"><Unicode>Ille feret dulceſque iocos, perfuſaque melle</Unicode></TextEquiv></TextLine><TextLine id="l7"><Coords points="605,274 503,275 417,273 291,273 224,270 145,270 77,268 77,300 86,297 133,297 191,300 605,300"/><TextEquiv><Unicode/></TextEquiv><TextEquiv index="1"><Unicode>Oſcula, conſtringens validis tua colla lacertis.</Unicode></TextEquiv></TextLine><TextLine id="l8"><Coords points="636,302 592,302 585,304 519,305 457,303 229,302 190,300 135,300 135,329 265,331 636,331"/><TextEquiv><Unicode/></TextEquiv><TextEquiv index="1"><Unicode>Fœlix o nimium fœlix hac virgine coniux,</Unicode></TextEquiv></TextLine><TextLine id="l9"><Coords points="581,335 76,330 76,357 233,359 282,361 581,361"/><TextEquiv><Unicode/></TextEquiv><TextEquiv index="1"><Unicode>Fœlix o nimium fœlix hoc coniuge virgo:</Unicode></TextEquiv></TextLine><TextLine id="l10"><Coords points="659,359 609,359 607,361 599,363 282,362 233,360 76,359 76,385 105,387 186,389 659,389"/><TextEquiv><Unicode/></TextEquiv><TextEquiv index="1"><Unicode>Viuite concordes atque arctis vincula dextris</Unicode></TextEquiv></TextLine><TextLine id="l11"><Coords points="651,393 547,394 499,392 348,391 338,392 185,389 76,389 76,416 275,420 651,420"/><TextEquiv><Unicode/></TextEquiv><TextEquiv index="1"><Unicode>Nectite, quam lento conſtringitur Herculis arbor</Unicode></TextEquiv></TextLine><TextLine id="l12"><Coords points="665,423 569,424 72,418 72,447 665,448"/><TextEquiv><Unicode/></TextEquiv><TextEquiv index="1"><Unicode>Palmite, quam premitur vitis frondentibus vlmis.</Unicode></TextEquiv></TextLine><TextLine id="l13"><Coords points="623,453 498,453 64,448 64,473 623,473"/><TextEquiv><Unicode/></TextEquiv><TextEquiv index="1"><Unicode>Viuite, fœcundum ſobole exercere iuuentam:</Unicode></TextEquiv></TextLine><TextLine id="l14"><Coords points="562,482 367,481 308,479 76,477 76,504 229,508 562,509"/><TextEquiv><Unicode/></TextEquiv><TextEquiv index="1"><Unicode>Et Gallis natos. Gallis properate nepotes,</Unicode></TextEquiv></TextLine><TextLine id="l15"><Coords points="619,509 610,512 568,512 401,511 350,509 229,509 182,507 77,507 77,536 338,538 405,540 619,540"/><TextEquiv><Unicode/></TextEquiv><TextEquiv index="1"><Unicode>Qui leges, qui iura ferant, qui facta parentum</Unicode></TextEquiv></TextLine><TextLine id="l16"><Coords points="621,541 405,541 240,538 77,538 77,564 85,565 191,567 621,567"/><TextEquiv><Unicode/></TextEquiv><TextEquiv index="1"><Unicode>.quent, qui famam ventura in ſecula mittant</Unicode></TextEquiv></TextLine><TextLine id="l17"><Coords points="623,571 566,572 516,570 251,569 78,566 78,596 623,596"/><TextEquiv><Unicode/></TextEquiv><TextEquiv index="1"><Unicode>Virtute inſignem, inſignem præſtantibus auſis.</Unicode></TextEquiv></TextLine><TextLine id="l18"><Coords points="503,601 313,600 312,601 312,627 356,627 359,625 436,625 503,627"/><TextEquiv><Unicode/></TextEquiv><TextEquiv index="1"><Unicode>Tumults Callicus.</Unicode></TextEquiv></TextLine><TextLine id="l19"><Coords points="439,657 439,627 362,627 362,658 402,658"/><TextEquiv><Unicode/></TextEquiv><TextEquiv index="1"><Unicode>IV</Unicode></TextEquiv></TextLine><TextLine id="l20"><Coords points="640,656 475,656 466,658 402,659 358,659 339,658 333,656 137,656 137,684 144,685 640,688"/><TextEquiv><Unicode/></TextEquiv><TextEquiv index="1"><Unicode>Ecquid inexpleto diſrumpis pectora queſtu</Unicode></TextEquiv></TextLine><TextLine id="l21"><Coords points="555,689 486,689 442,687 339,688 241,686 79,686 79,713 555,713"/><TextEquiv><Unicode/></TextEquiv><TextEquiv index="1"><Unicode>Gallia, &amp; aſſiduis perfundis fletibus ora?</Unicode></TextEquiv></TextLine><TextLine id="l22"><Coords points="677,715 600,715 580,718 399,718 306,716 79,715 79,743 84,744 125,743 372,746 677,746"/><TextEquiv><Unicode/></TextEquiv><TextEquiv index="1"><Unicode>Comprime ſingultus, lacrymarum comprime riuos.</Unicode></TextEquiv></TextLine><TextLine id="l23"><Coords points="78,745 78,773 533,773 533,745"/><TextEquiv><Unicode/></TextEquiv><TextEquiv index="1"><Unicode>Expectata diu tandem lux aurea fulſit,</Unicode></TextEquiv></TextLine><TextLine id="l24"><Coords points="78,774 78,805 623,805 623,774"/><TextEquiv><Unicode/></TextEquiv><TextEquiv index="1"><Unicode>Quâ caput infandum, terrarum dedecus hoſtis</Unicode></TextEquiv></TextLine><TextLine id="l25"><Coords points="601,806 422,807 252,805 79,805 79,832 601,833"/><TextEquiv><Unicode/></TextEquiv><TextEquiv index="1"><Unicode>Cœlicolum, diro vitam cum ſanguine fudit.</Unicode></TextEquiv></TextLine><TextLine id="l26"><Coords points="615,835 353,836 198,833 78,833 78,860 85,861 255,863 615,863"/><TextEquiv><Unicode/></TextEquiv><TextEquiv index="1"><Unicode>Quem ſi noſſe cupis primæ incunabula vit æ</Unicode></TextEquiv></TextLine><TextLine id="l27"><Coords points="582,866 571,865 451,866 80,862 80,888 85,889 167,892 250,893 582,893"/><TextEquiv><Unicode/></TextEquiv><TextEquiv index="1"><Unicode>Nocte ſata Alecto reptantem fouit in vlnis,</Unicode></TextEquiv></TextLine><TextLine id="l28"><Coords points="599,896 595,895 346,895 78,892 78,919 599,919"/><TextEquiv><Unicode/></TextEquiv><TextEquiv index="1"><Unicode>Et ſtruere inſidias, tacitas innectere fraudes,</Unicode></TextEquiv></TextLine><TextLine id="l29"><Coords points="613,926 609,925 78,923 78,949 96,950 341,952 613,952"/><TextEquiv><Unicode/></TextEquiv><TextEquiv index="1"><Unicode>Magnorum penetrare ulas &amp; limina regum,</Unicode></TextEquiv></TextLine><TextLine id="l30"><Coords points="80,952 80,975 542,975 542,952"/><TextEquiv><Unicode/></TextEquiv><TextEquiv index="1"><Unicode>Vnanimes odiis docuit turbare ſodales.</Unicode></TextEquiv></TextLine><TextLine id="l31"><Coords points="654,980 571,980 547,983 439,984 290,981 138,980 138,1009 326,1011 654,1011"/><TextEquiv><Unicode/></TextEquiv><TextEquiv index="1"><Unicode>Ergo olim placidas late quum cerneret vrbes</Unicode></TextEquiv></TextLine><TextLine id="l32"><Coords points="571,1012 388,1013 325,1011 190,1011 81,1009 81,1034 571,1034"/><TextEquiv><Unicode/></TextEquiv><TextEquiv index="1"><Unicode>Gallorum; inuidiæ violento concitus æſtu</Unicode></TextEquiv></TextLine><TextLine id="l33"><Coords points="649,1039 629,1039 623,1042 585,1043 375,1042 371,1040 362,1039 80,1039 80,1065 119,1066 131,1068 297,1068 361,1070 649,1070"/><TextEquiv><Unicode/></TextEquiv><TextEquiv index="1"><Unicode>Bella mouet; tentat Gallorum inuadere ſceptra:</Unicode></TextEquiv></TextLine><TextLine id="l34"><Coords points="555,1072 539,1071 417,1070 361,1071 297,1069 207,1070 79,1068 79,1096 555,1097"/><TextEquiv><Unicode/></TextEquiv><TextEquiv index="1"><Unicode>Pullatos equites noſtras effundit in oras,</Unicode></TextEquiv></TextLine><TextLine id="l35"><Coords points="566,1100 415,1100 406,1098 79,1098 79,1124 102,1123 123,1126 155,1127 566,1127"/><TextEquiv><Unicode/></TextEquiv><TextEquiv index="1"><Unicode>Arua Palatinis peruaſtat Gallica plauſtris:</Unicode></TextEquiv></TextLine><TextLine id="l36"><Coords points="511,1129 345,1130 63,1126 63,1136 64,1138 67,1154 98,1154 101,1156 511,1156"/><TextEquiv><Unicode/></TextEquiv><TextEquiv index="1"><Unicode>Valeſiæ gentis nomen delere laborat:</Unicode></TextEquiv></TextLine><TextLine id="l37"><Coords points="690,1183 749,1183 749,1158 690,1158"/><TextEquiv><Unicode/></TextEquiv><TextEquiv index="1"><Unicode>ob-</Unicode></TextEquiv></TextLine><TextEquiv><Unicode/></TextEquiv></TextRegion></Page></PcGts>