872 1312
361 92 576 114 IONANIS.
136 98 182 119 4
828 112 870 141 t
138 130 697 159 Obuia quæque metit ferro; non flectitur annis,
136 160 676 188 Non vllis precibus: iugulum mucrone ſenile
135 189 634 219 Confodit, innocuo conſpergit ſaxa cruore.
137 219 667 247 Sanguine rura natant, vitiantur flumina tabo.
828 224 869 252 u
137 248 683 278 Haud aliter ſtimulante fame tygriſue lupuſue
136 278 601 307 In miſeras pecudes longe cuſtode fugato
134 307 696 336 Magna mole ruit: balantum ſanguine longam
134 337 652 364 Eſaturat rabiem, & totis dat funera campis.
197 366 674 395 Proſtituit matrum ſæuas ante ora puellas
134 394 656 424 Conuellit ſuperûm effigies, conuellit, & aras
828 407 870 429 u
136 425 666 454 Impius, & noſtræ euertit monumenta ſalutis.
137 454 656 482 Vulcanum effundit templis, & ſacra profanat
135 482 566 513 pſas ante aras, & puluinaria Diuûm;
134 512 697 540 Pontificum immitti pectus tranſuerberat enſe.
134 542 676 573 Quodque nefas dictu, captorum viſcera torret,
134 572 655 599 Nec dubitat diris epulanda appoere menſis.
840 590 869 608 a
135 599 639 630 Sed qui fas putat eſſe ſibi venerabile Chriſti
133 629 748 660 Proterere occultum panis ſub imagine corpus,
827 651 870 667 AI
136 660 738 689 Quid putet eſſe nefas? Animus meminiſſe perhorret
134 690 699 718 Tam dirum facinus, quod nec luſtrare vel ingens
134 719 615 749 Ocenus, nec longa queat delere vetuſtas.
197 748 743 778 Quid Siculi quondam tale admiſere Tyranni?
134 778 667 808 Cedant Thracis equi, Phariique altaria regis.
839 797 868 816 .
134 808 608 836 Dira Lcaoniæ cedant opprobria linguæ,
135 837 685 867 Infandæque dapes Atrei, Siculuſque iuuencus:
133 867 695 896 Tu quoque, iungebas qui mortua corpora viuis,
133 896 650 926 Qu que per ora tui egiſti carpenta parentis,
124 926 695 954 Cedite iam : hic vicit cuoctos feritate tyrannos.
196 955 696 985 Oſcelusl ocunctis Erebi digniſſime pœnis:
134 985 641 1015 Tune Gigantæis Gallorum inuadere tegna
133 1014 621 1042 Aggreſſus furiis, patriæque in viſcera vires
824 1034 870 1056 u
130 1043 652 1073 Vertere? ſacrilego ſumet de ſanguine pœnas,
116 1072 696 1102 Nee tantum mihi crede, nefas patietur inultum
133 1101 636 1131 Vladicis ira Dei qui conſpicit omnia iuſtus
840 1123 870 1148 l
133 1132 593 1163 A.bites, & inſtoſontes examine plectit,
763 1163 795 1191 iq
