872 1312
267 77 513 112 BONEFONII.
75 112 595 144 Sic & qui patriam ferro flammaque petiuit
75 145 596 174 Indomitos in corde gerens Catilina furores
75 173 558 196 Inuiſam efflauit ſub acerbo funere vitam.
107 203 635 234 Non, aut fallor ego, tibi ſemper amica fauebit
77 234 623 262 Fortuna. Aueniet tempus quod diruta templa
76 262 560 291 Catolus & ciues cæſos vrbeſque repoſcat
79 292 507 318 Euerſas, & rura ſuis viduata colonis;
78 322 612 352 Quo tua certatim populus flammantia vellat
78 352 577 379 Lumina, ſexcentis fodiat quo viſcera telis.
80 381 614 412 Adueniet tempus quo cuſpide pandat anhelas
80 409 683 438 Pulmonum latebras. tum celsâ ex arbore pendens,
78 440 624 471 Quod quæſiſti armis, toties quod mente petiſti,
81 470 545 499 Scilicet extabis ſupra regeſque duceſque
78 498 664 528 Hos tibi fata feriut, parat hos fortuna triumphos.
110 529 624 559 Quod facis, interea confundas omnia luctu,
82 558 620 587 Nil intentatum ſceleris fraudiſijue relinquas,
82 588 569 617 Mauortique viam laxes; quo cæca cupido,
81 615 674 650 Quoque immane nefas, ruptis rapiaris habenis.
111 645 655 676 At tu pone modum lacrymis, iam tuta perieli
84 675 625 706 Gallia. pone metus. Maior tibi partus Achilles,
85 704 668 736 Soſpite quo, nunquam Gallorum regna labaſcant;
85 735 607 765 Maior & Alcides, validis qui viribus hvdram
82 764 600 796 Contundat; victor quæ Gallas obſidet vrbes
75 793 641 825 Henricus nomenque ferens, omenque parentis.
112 824 647 855 Ingredere o regnum ſoboles, fortiſſime ductor
83 852 650 883 Francigenûm contraque feram fera ſuſcipe tela.
89 883 556 914 Tu nobis optata quies, ſolumque pericli
84 913 564 942 Præſidium, ſpes & duris in rebus aſylum.
85 943 603 971 Te ſimul aſpicient fulgentes ære phalanges,
85 970 628 1001 Terga dabunt pauidæ rapidis pernicius Euris,
85 1000 661 1029 Vt cum Aquilam cœlo volucres videre minores,
87 1029 621 1053 Vt cum fulmineum videre armenta leonem.
116 1057 610 1088 Nec mora, tres acies vno mirabile dictu
88 1088 633 1119 Treſque duces animi præſtantes conficis anno.
75 1116 611 1157 MNon te triſtis hems, non ſæui ſyderis æſtus,
696 1143 756 1168 Nos
