872 1312
353 71 544 95 IOANNIS
117 104 576 132 Non acies, non diſtricto fidentia ferro
117 136 655 166 Agmina, non latis circundata mœnia foſſis,
118 164 645 197 Non valles rupeſve tenent, ſaltuſve profundi.
119 194 559 226 Sed ſiue æratas arces, ſiue ardua bello
111 223 672 256 Oppida concutias, tibi peruia marmora reddis.
149 255 708 289 Nunc magnus Danaos aſtris attollat Homerus;
118 283 634 317 Pergama qui ſegnes occultâ fraude doloque
118 312 617 346 Vix annis cepere decem, vix mille carinis.
152 342 784 377 Sed tamen, ofacinusl ſemenque caputque malorum
118 371 642 404 Fax patriæ, regni prædo, communis Erynnis,
123 400 552 430 Orbis proluuies, vitali veſcitur aura.
121 431 738 467 Quid tua. ſumme Deum, qui ceſſant fulmina quidve
121 461 697 489 Te iuuat innocuos conuellere fulmine montesi
120 489 684 521 Ardua quantumuis caput inter ſydera condant.
111 516 710 552 Infandum hoc iam iamque tuis caput obrue telis;
111 547 632 582 Nec noſtras impune ſinas volitare per vrbes,
110 574 676 611 Hoc te orant matreſque piæ innuptæque puellæ,
111 605 665 643 Impubes tardique ſenes. Quid ſumme moraris
121 635 624 665 O ſuperum rector? noſtris iam luctibus ille
119 665 693 697 Conſenuit, tantâque premit nos clade tot anos,
118 695 619 730 An moueant te ſidereæ rex maxime gentis
119 725 622 760 Tot clari bellique duces paciſque magiſtri,
120 755 638 787 Quos dedit ille neci. Moueat te Briſſacus ille
118 784 597 819 Timoleon animi nulli virtute ſecundus:
116 814 705 853 Magnanimi moueat genus alto â ſanguine Bruti
116 842 635 879 Martigus: moueant tandem erudelia magni
113 871 624 906 Funera Guiſiadæ cui nullum priſca tulere,
116 901 626 935 Secla parem, nullo ſe tantum Gallica tellus
112 930 677 965 Principe iactabit, qui quantum poſſet in armis
112 959 605 989 Audax ſenſit Iber, fortes ſenſere Britanni.
113 989 724 1020 An nihil iſta mouent? Moueat te ſumme deorum
114 1019 680 1056 Rex iuuenis, ſed qui anteuenit virtutibus annos,
112 1048 636 1081 Lt fratres, quibus ille genus miſerabile lethi
110 1077 618 1113 Proditor occultis molitur fraudibus:adfer,
110 1106 682 1143 Afer opem, aduerſiſque tuos ſuccumbere rebus
736 1149 781 1174 Ta
