872 1312
349 77 530 98 IOANNIS
121 83 163 103 oo
117 113 660 141 Aſpera fata querar? Bis noua reuoluitur æſtas,
116 142 612 171 Ex quo ciuiles permiſcent omnia ſlammæ.
118 172 635 201 Quid diræ infauſti mihi non neuere ſorores
841 191 868 208 s
118 202 649 231 Ouos ego non amnes vndantes ſanguine vidi:
119 231 661 260 Quas vrbes, quos non coopertos oſibus agros?
834 243 869 275 o
117 259 621 291 Quæ non abductis ſquallentia rura colonis:
120 289 645 320 Qu mihi non periere duces belliq; togæque?
147 319 663 341 Attamen heu nondum ſatiatæ Numinis iræ
118 348 680 377 Et lacrymis lacrymas, & cædes cædibus augent:
118 377 656 407 Iamq; nouos repetita iterant incendia luctus.
836 390 870 419 s
120 406 739 435 Sic vt ego tot quondam opibus populiſque ſuperba,
121 435 748 465 Nunc heu orba & inops iaceam & ſine viribus vmbra,
837 450 869 473 u
121 465 723 493 Quodque adeo memorare pudet, non Noricus enſis,
119 493 616 523 Non me Germani feritas, non faſtus Iberi.
121 523 583 552 Non Italæ vires: Nati pro dedecus, ipſi
121 551 683 582 His merſere malis. Sic quæ diis æmula quondam,
121 583 602 610 Imperium terris, aniimos æquarat olympo
832 599 870 628 ts
121 609 644 640 Martia Roma ſuis ſtruxit ſibi funera telis.
834 628 869 656 lſ
122 640 704 671 Sic qui nec flammas metuit Troaſque Iouemque,
120 668 584 698 Ipſe ſui victor proprio ſeſe induit enſe,
121 699 557 722 Irâ terribilis iuſtâ Telamonius Aiax.
151 728 751 759 Quis furor?aut q vos ſtimulis agit improba Erynnis,
122 756 579 786 O ſtultæ mentes, o cæca cupidine lucri
120 787 636 814 Pectora victrices in vos conuertere dextras,
120 817 636 845 Et regnum tanto fundatum ſanguine, tanto
122 845 617 873 Seruatum per tot dubii diſcrimina Martis,
121 875 653 904 Crudeli lacerare manu, infandoque tumultu,
837 888 870 917 l
121 903 610 931 Tot fortes animas, tot fortia voluere letho
833 917 869 947 i
121 933 684 963 Corpora, ſubiiciant totum quæ viribus orbem?
836 948 869 970 M
111 961 630 990 Omneſque inter vos veſtras abſumere vires.
111 990 621 1018 Scilicit vt fractos tandem ciuilibus armis,
123 1021 740 1054 Omnibus exhauſtos prope cladibus, opprimat hoſtis
120 1051 580 1080 Integer & pulſos regno deturbet auito.
150 1081 619 1110 Ergo pacatis coniungite fœdera dextris,
122 1110 669 1146 Fœdera quæ longos concordia ſeruet in anns.
744 1142 788 1166 Ve-
