872 1312
280 63 528 84 BONEFONII.
81 94 559 130 Impellunt aliæ vocalespectine chordas:
123 129 616 159 Interea Erricus ſolito conſpectior, vrbem,
95 160 635 190 Sequana quam nitidis argenteus alluit vndis,
81 189 615 219 Intrabat populo ſecum, & plaudente ſenatu:
81 217 675 248 . Sublimi ſpectandus equo, quem crine ſuperbum
81 248 562 279 Erecto, gemmis, auroque inſerta tegebat
81 272 668 310 Purpura. ſtringebant medium diſtincta colorem
81 306 605 339 iFloribus & variis fulgentia cingula bullis.
95 338 556 367 Ipſe ferebatur Tyrio admirabilis oſtro,
97 368 626 397 Stipatus circum innumeris Heroibus Heros.
97 397 631 430 Onem pater vt vidit, ſummâ ſublimis ab vnda
90 427 619 458 Sequana, ſic illum rulto compellat honore.
126 456 704 487 Salue magne pater patriæ, Diis proxime princeps,
81 485 615 516 Frrice armipotens, cui ſe lectenda magiſtro
81 515 579 546 Tradit Hyperboreo tellus ſubiecta Bootæ,
95 544 657 576 Non ſine conſilio, reor aut ſine numine Diuim.
96 574 734 605 Scilicet anc tibi Dii laudemque decuſque reſeruant,
94 605 632 635 Vt qui Sauromatis toties iam bella minantur,
81 633 673 666 Infrænes Nomadas, & inhoſpita pectora Moſcos,
80 664 643 696 Infidoſque domes Turcas, acreſque Bohemos,
94 695 600 719 Pannonas, & Dacos, & acutâ ſalce Celonos.
123 720 651 754 Ergo iam metuunt, & iam trepidantia pulſas
96 752 652 783 Corda pauor, iam Mæotis, iam Caucaſus hortet,
80 782 609 815 Riphæiq; tremunt montes, & Caſpia regna:
81 812 612 842 Nec ſatis Hercynio iam tuta Bohemia ſaltu.
94 843 606 874 Ille es nimirum, de quo mihi rettulit olim
96 872 618 902 Carpathius vates. venturi haud inſcius æui-
124 898 729 932 Sume animos, inquit, nam ſi quid Tuſcus Aruſpe.
95 932 584 961 Si Liciæ ſorees ſapiunt, auiumque volatus,
96 961 649 989 Si Phœbus, Dodona, Themis:ſi vera loquuntus
95 990 614 1020 Sydera, mox aderit, qui te ſuper æthera famâ
93 1020 628 1049 Attollat, ſuperiſque tuos cormponat honores,
96 1050 668 1079 Qui regnum terris, famam qui claudat Olympo
93 1079 568 1107 Illius haud dubiis regni cunabula ſignis
93 1108 556 1140 Fulgebunt:namfit portentis ſæpe futuri
681 1142 752 1170 me
