872 1312
271 67 525 92 BoNEFONII.
79 106 659 134 Sequana, quam tanto iam iam donabit alumno:
78 134 658 164 Tum tibi nec pulcher Ganges, nec turbidus auro
77 165 555 189 Iſter, & arcano Nilus celeberrimus ortu
80 194 602 225 Certarit; tum ſponte tibi regnatoraquarum
79 223 631 254 Ceſſerit Auſonidum fœlices vos quoque tanto
78 252 662 285 Principe Sauromatæ veſtrum quo ſoſpite regm .
79 283 645 314 Omnes nobilium numeros explebit honorui,
79 314 582 344 Nec gens vlla magis bello florebit & armis.
107 343 639 372 Hæc Proteus, vt fort mco ſucceſſerat antro
79 373 688 403 Præmonuit. Nunc ergo animos, nunc erige mentem
79 402 644 434 Nunc tu vera proba priſcorum oracula vatum,
79 432 686 464 O flos Hectoridum iuuenis, tremor orbis, amorque
80 463 655 492 Quod patri Superi,quod & inuida ſata negarunt
78 491 589 522 Ne deſiſte prius, quam totum impleeris orbem.
106 521 602 550 At tu, quam gelidæ deſpectat porritor vrſæ
78 552 560 581 Martia gens, fœlix tanto mox rege futura,
79 582 621 611 Quo Dii nil maius rerris meliuſque dederunt:
75 609 620 640 Pelle metum, quamuis efirenis vndique ſepta.
77 639 614 671 Gentibus, hinc bello Moſcus licet vrgeat, illie
80 669 612 699 urca potens, lateque vagis diſcurſet habenis,
76 700 635 721 Inde ferox Hunnus muros circumtonet armis:
77 728 707 760 Hic tibi præſidium, hic clpeus porrectus in hoſtem,
77 758 609 788 Haud illo melior quiſquam gladiumve rotare
76 787 640 820 Fulmineum, aut inagno iaculari pondere telum,
76 818 578 847 Aut longam validis moliri iribus laſtam,
78 845 682 876 Quod ſi iectere equum, duriſve inhibere lupatis,
76 877 588 907 Aut ſinuare fugas, vel aperto currere campo
74 907 572 937 Mens ferat, ipſe illi cedet Plillyrius Heros,
77 936 657 965 Cedet Amclæus iuuenis, domitorque Clmæræ.
76 965 535 995 Ille vel armatas acics fuperabit inermis
77 993 644 1023 Obuiaque horrendo ionitu ruet omnia circum.
67 1024 637 1055 Nunc animis ergo, nunc te ſpe denique in hoſtes
75 1053 669 1085 Attolle, ingentes nunc concipe mente triumphos
75 1084 557 1115 Errici auſpiciis, atque auxiliaribus armis.
91 1112 653 1144 Nemo Sarinatiamin tantum pietate, vel armis
679 1142 747 1164 xtu-
