872 1312
352 60 538 81 IOANNIS
126 92 593 122 Extulerit, licet æterno repetatur ab uo
126 120 664 151 Temporis antiqui ſeries, licet vſque Pyaſtum,
127 151 637 180 Meſconem, & reges Iagella ab origine iactes.
128 181 591 214 Qaliter Eois cum matutinus ab vndis
128 211 665 240 Quadriiugos Titan currus impellit in axem,
130 240 617 269 Sydera quæ puxo rutilabant ante nitore
128 269 628 299 Victa latent, ceduntq; Dei maioris honori:
131 299 615 322 Haud ſecus illorum totis radiantia terris
131 328 626 356 Errici exoriens perſtringet lumina lumen.
162 356 688 386 Hocduce, ſi quid habent veri præſagia vatum,
132 386 639 417 Ouæ tibi iamdudum crudelia fata minatur,
134 415 677 446 Quq; ſibi ingentes orbis deſpondet habenas
134 444 620 475 araries, proſtrata ruet, ne ſurgere poſtit
133 474 641 504 Rurſus, & ingentes regni inſtaurare ruinas.
134 503 668 532 Iamq; per obſcœnos proiecta cadauera vicos,
137 532 698 562 Iam Scythico fluuios vnda ntes ſanguine cerno,
135 562 627 590 Collaq; ferratis regum conſtricta catenis,
139 591 705 619 Et vinctas poſt terga manus: iam diruta templa,
127 620 702 649 Iam verſa in cineres veterum ſimulacra Deorum
125 649 675 679 Aſpicio: Gaudete animæ, quas barbarus hoſtis
137 679 676 704 Per mortes omnes, cruciatus, vincla, tenebras
137 708 678 736 Abſtulit, inſontes animæ, & melioris egentes
138 736 692 767 Fortunæ: Aduenit qui funera veſtra repoſcat,
138 768 642 797 Mittat Achilleas veſtris qui manibus vltor
138 797 649 827 Inferias, & damna ferox grauiora rependat.
138 827 708 855 Et vos, quos retinet vinclis, & compede vinctos,
141 855 720 880 Soluite corde metum, triſtes iam mittite luctus:
139 884 692 914 Vltor adeſt, qui vos vinclis, & compede ſoluat,
141 914 653 944 Quiq; tyrannorum crudeli cæde redemptos
139 944 670 973 Liberet. ofœlix. totumq; canenda per æuum
140 973 672 1003 Illa dies. Vtinam ſpectacula tanta ferentem
141 1002 694 1033 Aduehat hanc velox croceis Aurora quadrigis
173 1030 752 1061 At iam tempus adeſt, vt in hoſtes arma capeſſas,
145 1063 626 1092 Vt cogas, Errice ruas in bella phalanges.
142 1092 668 1117 cce verant litui, & ſtridenti cornua cantu,
746 1121 824 1149 Tym.
