872 1312
267 78 516 101 BONEFONII.
77 116 708 148 Tympanaq;, clamorq; viriim atq; hinnitus equorum.
78 147 536 171 Ifœlix, nec cede malis: nec defice duris
78 176 646 207 In rebus: magno venduntur regna labore;
77 207 682 236 Nec niſi poſt domitos, immania monſtra Gigantas
78 236 585 266 Iuppitcr æthereâ princeps regnauit in aula.
76 266 647 296 Hæcbi dicta dedit, tumidarum rector aquarum
81 295 631 325 Sequana, mox ſeſe ſpumantibus abdidit vndis.
240 397 562 430 EMONTANI.
315 446 505 476 A Ioh. Poeſihium.
74 481 749 529 Audem habuit geminam Phœbus:na &tollere morbos
140 511 599 542 Nouit, & in certos cogere verba pedes.
80 541 628 571 At procul æthereum ſeſe intulit ille ſub axem
110 572 570 600 Aut periit, ſi mors vincit iniqua Deos.
80 600 630 631 Fundere quis verſus igitur, quis pellere morbos
108 629 629 660 Arte ſacra poterit? quis modo Phœbus crit?
81 659 569 684 Nullus erit, vel tu, Poſchi clariſſime, nobis
109 690 651 718 Phœbus eris: nam tu nomen vtrumque geris,
78 718 601 752 su potes adflictis febres depellere membris,
110 749 549 779 Tu potes Aoniis plectra ciere modis.
378 780 481 800 Eidem.
69 799 627 838 Quid carmen, quod Buttherii teſtetur amorem
112 838 619 868 Quris? amor nullo carmine verus eget.
82 867 601 903 Quſquis amat. ſeſe totum condonat amato.
110 897 550 927 Do mea meq; tibi: da tua teque mihi.
255 1047 614 1073 I Ioan. Fucheriirilus Iudicioles.
72 1069 618 1143 Æca fuit, ſed nunc oculos Aſtræa recepit.
128 1109 589 1139 oc illi Fucherus præſtitit obſequium.
673 1140 751 1160 BAR-
