872 1312
296 202 655 229 In conuentus Iridios Pictauienſes.
345 232 602 252 A. S. M. D. LxIA.
124 277 682 335 dibus & tetro dextras maculare cruore,
216 304 656 337 Vim facere, & rapto viuere, luſus erat.
139 336 651 364 Luſus erat matrum gremiis abducere natas:
171 365 560 395 Flebat tutorum rapta puella ſinu.
139 395 596 424 Cædere lictores, anteſtatoſque ſlagellis,
168 424 569 453 Luſus erat; ſpreto Iudicis imperio.
137 454 677 482 Luſus erat proprios bona Cleri vertere in vſus,
169 482 606 511 Et loca Pontificum rite dicata manu.
138 511 695 543 Vix quiſquam audebat conſiſtere rure ſacerdos,
168 542 696 572 Dum Proceris villæ vimque minaſque timet,
135 571 597 599 Iam rari templis indicebantur honores:
167 600 554 627 Deſierant pure tradita ſacra coli.
133 628 641 657 Plbs paſtoris egens, nullo rectore monente,
164 657 571 689 Errabat rapidis præda parata lupis:
133 688 643 717 Et quo ſancta ſuos Eccleſia paſcit alumnos,
163 717 596 745 Hunc ignorabat ruſtica turba cibum.
135 746 628 776 Cuncta etiam feſtis opera exercere diebus,
165 776 637 808 Grande nefas, vix qui duceret vllus erat.
133 806 672 838 Non ex iure manu conſertum, ſed mage ferro
161 835 546 864 Res repetebatur. lege ſilente fori.
131 863 595 895 Et ſibi ius rigido dicebat quilibet enſe,
144 893 523 924 Non implorato Iudicis auxilio.
129 922 661 956 Nulla magiſtratus, nec erat reuerentia legum:
159 951 590 983 Feruebant medio vulnera ſæpe foro.
129 981 617 1015 Exlex nobilitas, ſibi condita iura negabat,
158 1012 612 1042 Amatos animos, pace vigente, tenens.
129 1041 667 1074 Qin etiam damnum paſſi plagaſque recentes,
148 1069 614 1100 Qcis erat aut pugnis liuida facta cutis,
124 1099 724 1135 Diccre muſſabant miſeri atque expromere queſtu:
745 1119 805 1158 Sie
