<PcGts xmlns="http://schema.primaresearch.org/PAGE/gts/pagecontent/2017-07-15" xmlns:xsi="http://www.w3.org/2001/XMLSchema-instance" xsi:schemaLocation="http://schema.primaresearch.org/PAGE/gts/pagecontent/2017-07-15 http://schema.primaresearch.org/PAGE/gts/pagecontent/2017-07-15/pagecontent.xsd"><Metadata><Creator>User123</Creator><Created>2020-04-19T01:00:19</Created><LastChange>2020-04-19T01:00:19</LastChange></Metadata><Page imageFilename="0737.png" imageHeight="1312" imageWidth="872"><TextRegion id="r0" type="paragraph"><Coords points="1,1 870,1 870,1310 1,1310"/><TextLine id="r0_l001"><Coords points="47,46 7,46 7,79 21,79 22,85 28,90 47,92"/><TextEquiv index="1"><Unicode></Unicode></TextEquiv></TextLine><TextLine id="r0_l002"><Coords points="318,74 318,95 524,95 524,74"/><TextEquiv index="1"><Unicode>BARNAB</Unicode></TextEquiv></TextLine><TextLine id="r0_l003"><Coords points="118,78 118,100 158,100 158,78"/><TextEquiv index="1"><Unicode>Io</Unicode></TextEquiv></TextLine><TextLine id="r0_l004"><Coords points="53,165 53,94 31,92 26,90 22,86 1,85 1,166 17,166"/><TextEquiv index="1"><Unicode></Unicode></TextEquiv></TextLine><TextLine id="r0_l005"><Coords points="635,108 119,108 119,134 305,137 635,137"/><TextEquiv index="1"><Unicode>Rumor erat; pretio dimitti poſſe nocentem,</Unicode></TextEquiv></TextLine><TextLine id="r0_l006"><Coords points="826,112 826,146 870,146 870,112"/><TextEquiv index="1"><Unicode></Unicode></TextEquiv></TextLine><TextLine id="r0_l007"><Coords points="564,140 490,138 357,139 304,137 148,136 148,164 227,165 266,167 564,167"/><TextEquiv index="1"><Unicode>Nummiſq, aratas ſæpe patere fores.</Unicode></TextEquiv></TextLine><TextLine id="r0_l008"><Coords points="682,166 610,166 601,169 266,168 227,166 120,166 120,193 365,197 682,198"/><TextEquiv index="1"><Unicode>Mirum crat. ex animis demptâ formidine pœnæ,</Unicode></TextEquiv></TextLine><TextLine id="r0_l009"><Coords points="869,195 869,172 844,172 840,174 823,174 823,197 828,197"/><TextEquiv index="1"><Unicode></Unicode></TextEquiv></TextLine><TextLine id="r0_l010"><Coords points="558,199 150,196 150,223 303,226 558,226"/><TextEquiv index="1"><Unicode>In tantum ores inualuiſſe feros.</Unicode></TextEquiv></TextLine><TextLine id="r0_l011"><Coords points="869,196 823,198 823,223 869,223"/><TextEquiv index="1"><Unicode></Unicode></TextEquiv></TextLine><TextLine id="r0_l012"><Coords points="627,225 604,225 600,227 579,228 455,227 407,228 121,225 121,251 221,253 627,253"/><TextEquiv index="1"><Unicode>Vis dominabatur regionibus effera cunctis,</Unicode></TextEquiv></TextLine><TextLine id="r0_l013"><Coords points="825,226 825,257 870,257 870,226"/><TextEquiv index="1"><Unicode></Unicode></TextEquiv></TextLine><TextLine id="r0_l014"><Coords points="43,226 33,226 29,230 20,233 5,233 5,272 43,272"/><TextEquiv index="1"><Unicode></Unicode></TextEquiv></TextLine><TextLine id="r0_l015"><Coords points="696,255 675,255 671,257 532,257 465,255 153,255 153,282 158,285 207,285 210,283 356,283 399,285 696,285"/><TextEquiv index="1"><Unicode>Quas Liger &amp; Clanus, Creuſa, Vigenna, ſecant.</Unicode></TextEquiv></TextLine><TextLine id="r0_l016"><Coords points="642,287 399,286 356,284 211,284 203,287 178,287 158,286 153,283 120,283 120,309 177,312 282,312 379,314 642,314"/><TextEquiv index="1"><Unicode>Et magnam dederat ſerpens contagio labem,</Unicode></TextEquiv></TextLine><TextLine id="r0_l017"><Coords points="823,282 823,311 870,311 870,282"/><TextEquiv index="1"><Unicode></Unicode></TextEquiv></TextLine><TextLine id="r0_l018"><Coords points="600,316 422,316 378,314 151,313 151,340 284,341 310,343 384,344 600,344"/><TextEquiv index="1"><Unicode>Exemplo vt quod fit, iure putatur agi.</Unicode></TextEquiv></TextLine><TextLine id="r0_l019"><Coords points="823,311 823,344 870,344 870,311"/><TextEquiv index="1"><Unicode></Unicode></TextEquiv></TextLine><TextLine id="r0_l020"><Coords points="611,346 384,345 310,344 284,342 121,342 121,371 128,367 147,367 162,370 611,374"/><TextEquiv index="1"><Unicode>Deniq; erat ferri tam laxa potentia, vt illis</Unicode></TextEquiv></TextLine><TextLine id="r0_l021"><Coords points="825,345 825,373 869,373 869,345"/><TextEquiv index="1"><Unicode></Unicode></TextEquiv></TextLine><TextLine id="r0_l022"><Coords points="545,375 375,372 151,372 151,398 153,399 545,400"/><TextEquiv index="1"><Unicode>Regnarent ver ferrea ſæcla locis.</Unicode></TextEquiv></TextLine><TextLine id="r0_l023"><Coords points="868,375 826,375 826,401 868,401"/><TextEquiv index="1"><Unicode></Unicode></TextEquiv></TextLine><TextLine id="r0_l024"><Coords points="664,400 589,400 585,402 576,403 374,403 292,401 122,400 122,427 165,427 193,429 664,429"/><TextEquiv index="1"><Unicode>Mole ipsâ ſcelerum prouincia tota laborans,</Unicode></TextEquiv></TextLine><TextLine id="r0_l025"><Coords points="856,421 869,421 869,402 829,401 828,420 841,421 850,424"/><TextEquiv index="1"><Unicode></Unicode></TextEquiv></TextLine><TextLine id="r0_l026"><Coords points="595,433 152,432 152,458 595,459"/><TextEquiv index="1"><Unicode>Corruere in præceps cæperat exitium.</Unicode></TextEquiv></TextLine><TextLine id="r0_l027"><Coords points="869,439 858,439 850,432 848,432 831,444 827,444 827,464 869,464"/><TextEquiv index="1"><Unicode></Unicode></TextEquiv></TextLine><TextLine id="r0_l028"><Coords points="654,459 646,459 635,463 122,459 122,486 654,486"/><TextEquiv index="1"><Unicode>At poſtquam Pictâ concedit in vrbe Senatus,</Unicode></TextEquiv></TextLine><TextLine id="r0_l029"><Coords points="827,465 827,489 870,489 870,465"/><TextEquiv index="1"><Unicode>ut</Unicode></TextEquiv></TextLine><TextLine id="r0_l030"><Coords points="72,482 67,478 55,476 46,470 1,470 1,500 60,502 65,506 69,512 72,512"/><TextEquiv index="1"><Unicode></Unicode></TextEquiv></TextLine><TextLine id="r0_l031"><Coords points="530,491 409,489 362,490 271,488 143,488 138,491 127,491 127,516 226,516 305,518 530,518"/><TextEquiv index="1"><Unicode>Henrici imperiis auſpiciiſq; pii;</Unicode></TextEquiv></TextLine><TextLine id="r0_l032"><Coords points="833,495 833,517 870,517 870,495"/><TextEquiv index="1"><Unicode>hu</Unicode></TextEquiv></TextLine><TextLine id="r0_l033"><Coords points="64,506 60,503 1,502 1,517 64,517"/><TextEquiv index="1"><Unicode></Unicode></TextEquiv></TextLine><TextLine id="r0_l034"><Coords points="578,521 557,522 473,521 437,519 123,517 123,543 171,541 195,542 203,546 273,547 578,547"/><TextEquiv index="1"><Unicode>re procul cædes, alioq; eſſe aere noxas,</Unicode></TextEquiv></TextLine><TextLine id="r0_l035"><Coords points="827,523 827,558 870,558 870,523"/><TextEquiv index="1"><Unicode></Unicode></TextEquiv></TextLine><TextLine id="r0_l036"><Coords points="554,550 203,547 195,543 162,542 152,543 152,574 157,575 376,578 554,578"/><TextEquiv index="1"><Unicode>Iuſerunt priſca relligione Patres.</Unicode></TextEquiv></TextLine><TextLine id="r0_l037"><Coords points="869,583 869,558 827,558 827,584 839,584"/><TextEquiv index="1"><Unicode></Unicode></TextEquiv></TextLine><TextLine id="r0_l038"><Coords points="652,576 603,575 596,579 558,578 376,579 121,575 121,601 166,601 184,603 242,605 343,606 652,606"/><TextEquiv index="1"><Unicode>Nec ſecus ac nubes Boreas, ampliſſimus ordo</Unicode></TextEquiv></TextLine><TextLine id="r0_l039"><Coords points="869,585 827,585 827,617 869,617"/><TextEquiv index="1"><Unicode></Unicode></TextEquiv></TextLine><TextLine id="r0_l040"><Coords points="48,638 54,635 59,629 68,628 68,595 43,594 1,597 1,638 36,639"/><TextEquiv index="1"><Unicode></Unicode></TextEquiv></TextLine><TextLine id="r0_l041"><Coords points="581,609 577,608 242,606 183,603 153,603 153,633 294,634 326,636 391,635 471,637 581,637"/><TextEquiv index="1"><Unicode>Plctonicis oris crimina ſæua figat.</Unicode></TextEquiv></TextLine><TextLine id="r0_l042"><Coords points="869,619 827,618 827,639 869,639"/><TextEquiv index="1"><Unicode>ut</Unicode></TextEquiv></TextLine><TextLine id="r0_l043"><Coords points="588,638 538,639 391,636 326,637 234,634 120,634 120,659 588,659"/><TextEquiv index="1"><Unicode>Ac veluti denſas deuictâ nocte tenebras</Unicode></TextEquiv></TextLine><TextLine id="r0_l044"><Coords points="828,642 828,674 870,674 870,642"/><TextEquiv index="1"><Unicode></Unicode></TextEquiv></TextLine><TextLine id="r0_l045"><Coords points="568,668 332,666 265,663 205,664 201,662 150,662 150,691 275,693 315,695 568,695"/><TextEquiv index="1"><Unicode>Diſpellit Phæbi tax, radiante polo:</Unicode></TextEquiv></TextLine><TextLine id="r0_l046"><Coords points="828,674 828,696 870,696 870,674"/><TextEquiv index="1"><Unicode>is</Unicode></TextEquiv></TextLine><TextLine id="r0_l047"><Coords points="635,693 610,693 606,696 598,698 495,698 315,696 220,693 120,693 120,718 161,718 217,722 315,722 407,725 635,725"/><TextEquiv index="1"><Unicode>Non aliter vitiis regionem illuſtrat opacam</Unicode></TextEquiv></TextLine><TextLine id="r0_l048"><Coords points="826,705 826,732 870,732 870,705"/><TextEquiv index="1"><Unicode>m</Unicode></TextEquiv></TextLine><TextLine id="r0_l049"><Coords points="566,727 151,722 151,748 153,749 216,752 293,752 335,754 566,755"/><TextEquiv index="1"><Unicode>Curia, Iuſtitiæ Sole nitente ſuæ.</Unicode></TextEquiv></TextLine><TextLine id="r0_l050"><Coords points="826,732 826,760 870,760 870,732"/><TextEquiv index="1"><Unicode></Unicode></TextEquiv></TextLine><TextLine id="r0_l051"><Coords points="602,752 594,751 584,751 580,754 572,756 516,757 456,755 335,755 293,753 120,751 120,777 172,778 184,780 289,781 362,784 602,784"/><TextEquiv index="1"><Unicode>Reddita iudiciis vis, iuridiciſq; poteſtas:</Unicode></TextEquiv></TextLine><TextLine id="r0_l052"><Coords points="826,765 826,794 870,794 870,765"/><TextEquiv index="1"><Unicode></Unicode></TextEquiv></TextLine><TextLine id="r0_l053"><Coords points="635,786 455,786 362,785 289,782 151,781 151,809 472,815 635,815"/><TextEquiv index="1"><Unicode>Redditus eſt priſeus terror honoſq; foro.</Unicode></TextEquiv></TextLine><TextLine id="r0_l054"><Coords points="830,794 830,820 870,820 870,794"/><TextEquiv index="1"><Unicode>i</Unicode></TextEquiv></TextLine><TextLine id="r0_l055"><Coords points="631,817 617,816 472,816 412,814 222,812 191,810 121,810 121,835 148,835 157,837 177,838 277,841 382,841 475,844 631,844"/><TextEquiv index="1"><Unicode>Res diuina. palam, &amp; tuto, celebratur vbiq;,</Unicode></TextEquiv></TextLine><TextLine id="r0_l056"><Coords points="869,852 869,820 826,821 826,853 828,853"/><TextEquiv index="1"><Unicode></Unicode></TextEquiv></TextLine><TextLine id="r0_l057"><Coords points="580,845 475,845 382,842 150,840 150,867 315,871 580,871"/><TextEquiv index="1"><Unicode>Et rediit ſacris quod decus abfuerat.</Unicode></TextEquiv></TextLine><TextLine id="r0_l058"><Coords points="868,882 868,853 826,854 827,883"/><TextEquiv index="1"><Unicode></Unicode></TextEquiv></TextLine><TextLine id="r0_l059"><Coords points="654,870 628,870 624,873 616,875 513,875 391,872 255,871 226,869 120,869 120,896 400,902 654,902"/><TextEquiv index="1"><Unicode>Sacræ inſtaurantur, collatis ſumptibus, ædes,</Unicode></TextEquiv></TextLine><TextLine id="r0_l060"><Coords points="867,883 827,884 827,910 867,911"/><TextEquiv index="1"><Unicode></Unicode></TextEquiv></TextLine><TextLine id="r0_l061"><Coords points="623,904 496,905 430,904 399,902 329,902 301,900 223,900 198,898 150,898 150,926 623,927"/><TextEquiv index="1"><Unicode>Quas ſæuus Martis ſtrauerat ante furor.</Unicode></TextEquiv></TextLine><TextLine id="r0_l062"><Coords points="826,912 826,941 870,941 870,912"/><TextEquiv index="1"><Unicode></Unicode></TextEquiv></TextLine><TextLine id="r0_l063"><Coords points="568,935 347,932 309,930 183,928 121,929 121,954 218,957 373,959 407,961 568,961"/><TextEquiv index="1"><Unicode>Cogitur Antiſtes ſartas tectaſq; tueri,</Unicode></TextEquiv></TextLine><TextLine id="r0_l064"><Coords points="826,941 826,971 869,971 869,941"/><TextEquiv index="1"><Unicode></Unicode></TextEquiv></TextLine><TextLine id="r0_l065"><Coords points="576,964 445,963 274,958 149,958 149,984 163,986 576,986"/><TextEquiv index="1"><Unicode>Quas deturparat fœda ruina, domos.</Unicode></TextEquiv></TextLine><TextLine id="r0_l066"><Coords points="832,971 832,994 870,994 870,971"/><TextEquiv index="1"><Unicode>lar</Unicode></TextEquiv></TextLine><TextLine id="r0_l067"><Coords points="694,987 627,987 619,992 614,993 490,993 422,991 378,992 268,988 163,987 153,985 118,985 118,1012 141,1012 165,1015 325,1019 694,1019"/><TextEquiv index="1"><Unicode>Mulctatur reditus quoque Cænobiarcha triente,</Unicode></TextEquiv></TextLine><TextLine id="r0_l068"><Coords points="839,1003 839,1032 870,1032 870,1003"/><TextEquiv index="1"><Unicode>p</Unicode></TextEquiv></TextLine><TextLine id="r0_l069"><Coords points="624,1023 506,1023 461,1021 359,1021 221,1017 149,1017 149,1043 156,1044 332,1049 624,1049"/><TextEquiv index="1"><Unicode>Donec cum cellis templa ſtruenda locet.</Unicode></TextEquiv></TextLine><TextLine id="r0_l070"><Coords points="867,1032 831,1032 831,1053 867,1053"/><TextEquiv index="1"><Unicode>lu</Unicode></TextEquiv></TextLine><TextLine id="r0_l071"><Coords points="688,1047 676,1047 666,1052 518,1053 476,1051 437,1052 231,1048 181,1045 119,1045 119,1071 147,1071 157,1074 472,1080 688,1080"/><TextEquiv index="1"><Unicode>Nunc ſacramentis plebs fuſa &amp; ſparſa per agros</Unicode></TextEquiv></TextLine><TextLine id="r0_l072"><Coords points="832,1062 832,1092 870,1092 870,1062"/><TextEquiv index="1"><Unicode></Unicode></TextEquiv></TextLine><TextLine id="r0_l073"><Coords points="547,1082 328,1079 247,1076 149,1076 150,1101 268,1107 365,1107 435,1110 547,1111"/><TextEquiv index="1"><Unicode>Gaudet, diuinis colloquiiſq; frui:</Unicode></TextEquiv></TextLine><TextLine id="r0_l074"><Coords points="831,1092 831,1119 870,1119 870,1092"/><TextEquiv index="1"><Unicode></Unicode></TextEquiv></TextLine><TextLine id="r0_l075"><Coords points="604,1106 593,1106 584,1111 489,1112 391,1110 365,1108 268,1108 219,1106 205,1104 174,1104 161,1102 117,1102 117,1135 604,1135"/><TextEquiv index="1"><Unicode>feſts Iuses cuncti obſeruare iubentur</Unicode></TextEquiv></TextLine><TextLine id="r0_l076"><Coords points="839,1121 839,1153 870,1153 870,1121"/><TextEquiv index="1"><Unicode></Unicode></TextEquiv></TextLine><TextLine id="r0_l077"><Coords points="718,1140 718,1176 820,1176 820,1140"/><TextEquiv index="1"><Unicode>Ritus</Unicode></TextEquiv></TextLine><TextLine id="r0_l078"><Coords points="7,1257 7,1271 123,1271 123,1257"/><TextEquiv index="1"><Unicode></Unicode></TextEquiv></TextLine></TextRegion></Page></PcGts>