872 1312
318 74 524 95 BARNAB
119 108 635 137 Rumor erat; pretio dimitti poſſe nocentem,
148 136 564 167 Nummiſq, aratas ſæpe patere fores.
120 166 682 198 Mirum crat. ex animis demptâ formidine pœnæ,
150 196 558 226 In tantum ores inualuiſſe feros.
121 225 627 253 Vis dominabatur regionibus effera cunctis,
153 255 696 285 Quas Liger & Clanus, Creuſa, Vigenna, ſecant.
120 283 642 314 Et magnam dederat ſerpens contagio labem,
151 313 600 344 Exemplo vt quod fit, iure putatur agi.
121 342 611 374 Deniq; erat ferri tam laxa potentia, vt illis
151 372 545 400 Regnarent ver ferrea ſæcla locis.
122 400 664 429 Mole ipsâ ſcelerum prouincia tota laborans,
152 432 595 459 Corruere in præceps cæperat exitium.
122 459 654 486 At poſtquam Pictâ concedit in vrbe Senatus,
127 488 530 518 Henrici imperiis auſpiciiſq; pii;
123 517 578 547 re procul cædes, alioq; eſſe aere noxas,
152 542 554 578 Iuſerunt priſca relligione Patres.
121 575 652 606 Nec ſecus ac nubes Boreas, ampliſſimus ordo
153 603 581 637 Plctonicis oris crimina ſæua figat.
120 634 588 659 Ac veluti denſas deuictâ nocte tenebras
150 662 568 695 Diſpellit Phæbi tax, radiante polo:
120 693 635 725 Non aliter vitiis regionem illuſtrat opacam
151 722 566 755 Curia, Iuſtitiæ Sole nitente ſuæ.
120 751 602 784 Reddita iudiciis vis, iuridiciſq; poteſtas:
151 781 635 815 Redditus eſt priſeus terror honoſq; foro.
121 810 631 844 Res diuina. palam, & tuto, celebratur vbiq;,
150 840 580 871 Et rediit ſacris quod decus abfuerat.
120 869 654 902 Sacræ inſtaurantur, collatis ſumptibus, ædes,
150 898 623 927 Quas ſæuus Martis ſtrauerat ante furor.
121 928 568 961 Cogitur Antiſtes ſartas tectaſq; tueri,
149 958 576 986 Quas deturparat fœda ruina, domos.
118 985 694 1019 Mulctatur reditus quoque Cænobiarcha triente,
149 1017 624 1049 Donec cum cellis templa ſtruenda locet.
119 1045 688 1080 Nunc ſacramentis plebs fuſa & ſparſa per agros
149 1076 547 1111 Gaudet, diuinis colloquiiſq; frui:
117 1102 604 1135 feſts Iuses cuncti obſeruare iubentur
718 1140 804 1176 Ritus
