872 1312
294 76 528 98 BRISSONII.
709 75 749 99 t
105 111 545 141 Ritus vta priſcis traditus extat auis:
80 140 623 166 Iam ſibi ius dicit nemo, aut ſe vindicat vtro:
107 172 536 206 Res adito repetit iudice quiſq; ſuas.
83 204 586 233 Nec patris iniuſlu, fido aut tutore vetante,
108 233 538 262 Ducitur multis virgo petita procis.
87 259 602 292 Suppliciis luitur grauis omnis noxu ſcueris;
110 291 592 322 Admiſſam culpam pœna ccmes ſequitur.
85 321 579 352 Pectuntur nullo prenſi diſcrimine ſontes,
109 350 616 381 Effugium nec dant ſtemmata opemve reis,
86 379 624 409 Ttrba moleſta bonis, placidæq; inimica quieti
112 411 517 441 Onæ Paganorum ſollicitabat opes,
86 437 630 470 Nmc eſtedictis proſcripta minacibus abſens,
112 469 594 499 Et metuenda prius, frangitur ipſa metu.
85 496 632 529 Vis Picto, Andegauo, Turonoque exulat orbe:
112 528 589 558 Et violetus habet, quod dabat, exitium
85 559 572 587 Errabundus enim vel ſedes linquit auitas,
113 587 589 618 Oui multos propriis expulerat Laribus.
86 618 572 648 Tutus carpit iter vacuum latrone vitor;
113 646 612 678 Inſtitor haud trepidans itq; reditque viam.
85 676 662 708 Iudicis exequitur qui nunc mandata ſatelles,
114 708 608 738 Cum virgâ & ſcuto per loca quæque meat
89 735 601 768 Sub iuga bos rediit, ſub terras ſemen aratas:
114 767 557 791 Irrita iam non ſunt vota, colone, tua.
85 795 594 827 Iuſſa gauis domini detrectat arator iniqua,
115 824 607 858 Nec timidum durus rus tremit imperiis.
86 855 521 888 Impia priuati ceſſant indicta tributi,
116 884 560 917 Fiſciq; æquantur commoda liberius.
88 916 535 939 Vicatim vicis tribunt fiſcalia iura,
1 938 54 952 l-
117 944 561 974 In cunctos æque nullo adigente ſocos.
88 970 643 1004 In commune patent nunc paſcua publica villis;
108 1004 572 1034 Nec priuata ſibi hæc vendicat vtilitas.
2 1020 29 1043 ?
88 1035 596 1062 Ardua res non eſt in iura vocare potentem
117 1062 571 1092 Et verba intrepidus libera lictor habet
90 1088 735 1123 Fixaque magnatum domibus programmata pendent,
119 1122 531 1156 Quos trino fuerat præco citare pie.
697 1147 755 1174 ir-
449 1154 531 1176 x-
