<PcGts xmlns="http://schema.primaresearch.org/PAGE/gts/pagecontent/2017-07-15" xmlns:xsi="http://www.w3.org/2001/XMLSchema-instance" xsi:schemaLocation="http://schema.primaresearch.org/PAGE/gts/pagecontent/2017-07-15 http://schema.primaresearch.org/PAGE/gts/pagecontent/2017-07-15/pagecontent.xsd"><Metadata><Creator>User123</Creator><Created>2020-04-19T01:00:15</Created><LastChange>2020-04-19T01:00:15</LastChange></Metadata><Page imageFilename="0740.png" imageHeight="1312" imageWidth="872"><TextRegion id="r0" type="paragraph"><Coords points="1,1 870,1 870,1310 1,1310"/><TextLine id="r0_l001"><Coords points="310,73 310,95 546,95 546,73"/><TextEquiv index="1"><Unicode>BRISSONII.</Unicode></TextEquiv></TextLine><TextLine id="r0_l002"><Coords points="726,80 726,101 763,101 763,80"/><TextEquiv index="1"><Unicode>ra</Unicode></TextEquiv></TextLine><TextLine id="r0_l003"><Coords points="1,68 1,127 57,127 57,68"/><TextEquiv index="1"><Unicode></Unicode></TextEquiv></TextLine><TextLine id="r0_l004"><Coords points="210,112 210,143 646,143 646,112"/><TextEquiv index="1"><Unicode>Depacis &amp; bel efitibus,ad iura-</Unicode></TextEquiv></TextLine><TextLine id="r0_l005"><Coords points="370,150 370,171 444,171 444,150"/><TextEquiv index="1"><Unicode>iovem,</Unicode></TextEquiv></TextLine><TextLine id="r0_l006"><Coords points="58,229 58,162 2,162 2,190 14,190 20,192 21,227 25,230 54,230"/><TextEquiv index="1"><Unicode></Unicode></TextEquiv></TextLine><TextLine id="r0_l007"><Coords points="579,169 470,169 412,171 366,169 95,169 95,193 579,193"/><TextEquiv index="1"><Unicode>Noſtra diu trita eſt bellis ciuilibus ætas:</Unicode></TextEquiv></TextLine><TextLine id="r0_l008"><Coords points="123,200 123,230 570,230 570,200"/><TextEquiv index="1"><Unicode>Prima quidem labes extitit inde mali.</Unicode></TextEquiv></TextLine><TextLine id="r0_l009"><Coords points="614,230 582,232 95,230 95,258 288,260 614,260"/><TextEquiv index="1"><Unicode>Tempore, libertas patrandi cuncta licenter;</Unicode></TextEquiv></TextLine><TextLine id="r0_l010"><Coords points="59,230 50,232 32,232 25,231 22,229 1,229 1,260 48,260 59,262"/><TextEquiv index="1"><Unicode></Unicode></TextEquiv></TextLine><TextLine id="r0_l011"><Coords points="616,262 399,260 123,260 123,288 616,288"/><TextEquiv index="1"><Unicode>Nitendi in votitum tempore creuit Amor.</Unicode></TextEquiv></TextLine><TextLine id="r0_l012"><Coords points="20,265 20,291 58,291 58,265"/><TextEquiv index="1"><Unicode></Unicode></TextEquiv></TextLine><TextLine id="r0_l013"><Coords points="95,289 95,319 618,319 618,289"/><TextEquiv index="1"><Unicode>Hinc legum ſtrictis reſoluta licentia frænis;</Unicode></TextEquiv></TextLine><TextLine id="r0_l014"><Coords points="122,320 122,349 571,349 571,320"/><TextEquiv index="1"><Unicode>ln vitium præceps &amp; ſcelus omne ruit.</Unicode></TextEquiv></TextLine><TextLine id="r0_l015"><Coords points="544,350 95,350 95,377 119,376 140,378 248,378 255,376 263,376 280,378 544,378"/><TextEquiv index="1"><Unicode>Arma inter leges, &amp; ira ſilere coegit,</Unicode></TextEquiv></TextLine><TextLine id="r0_l016"><Coords points="582,377 575,380 554,381 503,381 490,379 459,378 432,380 330,380 280,379 263,377 229,380 162,380 123,378 123,408 582,409"/><TextEquiv index="1"><Unicode>Humano exultans ſanguine Tiſiphone,</Unicode></TextEquiv></TextLine><TextLine id="r0_l017"><Coords points="1,385 1,401 55,401 55,385"/><TextEquiv index="1"><Unicode></Unicode></TextEquiv></TextLine><TextLine id="r0_l018"><Coords points="631,409 623,411 94,409 94,439 631,439"/><TextEquiv index="1"><Unicode>Et cum pace ſimul, ſuperas migrauit in arces,</Unicode></TextEquiv></TextLine><TextLine id="r0_l019"><Coords points="1,408 1,443 58,443 58,408"/><TextEquiv index="1"><Unicode></Unicode></TextEquiv></TextLine><TextLine id="r0_l020"><Coords points="572,440 123,439 123,461 572,461"/><TextEquiv index="1"><Unicode>Ouæ firmo eſt illi fœdere iuncta Dice</Unicode></TextEquiv></TextLine><TextLine id="r0_l021"><Coords points="609,468 197,468 178,469 173,473 144,474 127,474 121,472 117,468 104,468 102,470 93,471 93,492 609,492"/><TextEquiv index="1"><Unicode>Illu uſtitiæ ſanctum &amp; venerabile numen,</Unicode></TextEquiv></TextLine><TextLine id="r0_l022"><Coords points="585,499 574,498 123,498 123,527 585,527"/><TextEquiv index="1"><Unicode>Nil præter nudum &amp; nomen inane fuit.</Unicode></TextEquiv></TextLine><TextLine id="r0_l023"><Coords points="708,552 733,552 733,527 591,527 538,529 224,528 144,529 93,527 93,558 573,558 603,556 657,556 675,558 704,558"/><TextEquiv index="1"><Unicode>Quicquid commiſit, tulit hoc impune ſceleſtus,</Unicode></TextEquiv></TextLine><TextLine id="r0_l024"><Coords points="1,530 1,566 57,566 57,530"/><TextEquiv index="1"><Unicode></Unicode></TextEquiv></TextLine><TextLine id="r0_l025"><Coords points="194,587 215,586 657,586 666,589 666,558 136,558 118,559 111,563 111,588 115,590 186,591"/><TextEquiv index="1"><Unicode>Qum pudor haud tenuit ſuppliciique mctus,</Unicode></TextEquiv></TextLine><TextLine id="r0_l026"><Coords points="639,587 215,587 194,588 186,592 118,592 109,587 94,587 94,616 639,616"/><TextEquiv index="1"><Unicode>Sie a nequitian magna eſt patefacta feneſtra;</Unicode></TextEquiv></TextLine><TextLine id="r0_l027"><Coords points="120,617 120,647 622,647 622,617"/><TextEquiv index="1"><Unicode>Liber vt eſt animus pronus in omne neſas.</Unicode></TextEquiv></TextLine><TextLine id="r0_l028"><Coords points="671,647 503,647 490,649 420,647 91,647 91,675 671,675"/><TextEquiv index="1"><Unicode>Maiorem errantem, minor eſt, ceu iure, ſequutus;</Unicode></TextEquiv></TextLine><TextLine id="r0_l029"><Coords points="120,675 120,706 534,706 534,675"/><TextEquiv index="1"><Unicode>Vt placet alterius ſemita trita pede.</Unicode></TextEquiv></TextLine><TextLine id="r0_l030"><Coords points="628,705 391,707 240,706 181,707 91,705 91,729 628,729"/><TextEquiv index="1"><Unicode>Vix tandem, fato meliore &amp; munere Diuûm,</Unicode></TextEquiv></TextLine><TextLine id="r0_l031"><Coords points="832,707 832,736 870,736 870,707"/><TextEquiv index="1"><Unicode></Unicode></TextEquiv></TextLine><TextLine id="r0_l032"><Coords points="2,714 2,748 34,748 34,714"/><TextEquiv index="1"><Unicode></Unicode></TextEquiv></TextLine><TextLine id="r0_l033"><Coords points="119,735 119,766 549,766 549,735"/><TextEquiv index="1"><Unicode>E cœlo in terras Pax reuocata redit.</Unicode></TextEquiv></TextLine><TextLine id="r0_l034"><Coords points="654,763 575,763 484,766 433,765 145,766 92,764 88,766 88,793 654,794"/><TextEquiv index="1"><Unicode>Inde Dice vires animoſque in crimina ſumpſit,</Unicode></TextEquiv></TextLine><TextLine id="r0_l035"><Coords points="2,770 2,802 58,802 58,770"/><TextEquiv index="1"><Unicode>:</Unicode></TextEquiv></TextLine><TextLine id="r0_l036"><Coords points="204,823 549,823 551,822 551,795 122,795 122,826 172,827"/><TextEquiv index="1"><Unicode>Qu ſemper, lætâ. Pace vigente, viget</Unicode></TextEquiv></TextLine><TextLine id="r0_l037"><Coords points="616,851 616,822 578,822 516,825 204,824 172,828 118,827 112,823 95,822 95,852 505,853"/><TextEquiv index="1"><Unicode>Nam ſæuâ Martis rabie graſſante per orbem</Unicode></TextEquiv></TextLine><TextLine id="r0_l038"><Coords points="54,851 48,848 1,848 1,863 54,863"/><TextEquiv index="1"><Unicode>i</Unicode></TextEquiv></TextLine><TextLine id="r0_l039"><Coords points="653,852 569,852 505,854 473,853 427,855 277,854 160,855 121,853 121,882 653,882"/><TextEquiv index="1"><Unicode>Non potis eſt ſcelerum monſtra domare Dice.</Unicode></TextEquiv></TextLine><TextLine id="r0_l040"><Coords points="161,914 206,913 498,913 547,911 598,911 608,912 614,916 622,916 622,885 93,884 93,917 156,917"/><TextEquiv index="1"><Unicode>Quæque iacent bello leges, in pace timentur:</Unicode></TextEquiv></TextLine><TextLine id="r0_l041"><Coords points="3,907 3,926 30,926 30,907"/><TextEquiv index="1"><Unicode>:</Unicode></TextEquiv></TextLine><TextLine id="r0_l042"><Coords points="573,941 573,913 206,914 161,915 156,918 120,919 120,940 136,942 543,942"/><TextEquiv index="1"><Unicode>ax, ne præualeant legibus arma, ſacit.</Unicode></TextEquiv></TextLine><TextLine id="r0_l043"><Coords points="1,944 1,965 29,965 29,944"/><TextEquiv index="1"><Unicode></Unicode></TextEquiv></TextLine><TextLine id="r0_l044"><Coords points="605,971 605,942 173,944 136,943 123,941 91,941 91,970 106,969 123,971 528,971"/><TextEquiv index="1"><Unicode>Nec florere bono poſſunt ſub principe iura,</Unicode></TextEquiv></TextLine><TextLine id="r0_l045"><Coords points="54,973 39,965 1,965 1,985 54,985"/><TextEquiv index="1"><Unicode></Unicode></TextEquiv></TextLine><TextLine id="r0_l046"><Coords points="120,972 120,1001 576,1001 576,972"/><TextEquiv index="1"><Unicode>Ni poſitis armis Pax fera bella premat.</Unicode></TextEquiv></TextLine><TextLine id="r0_l047"><Coords points="57,987 45,990 1,991 1,1024 42,1024 57,1028"/><TextEquiv index="1"><Unicode></Unicode></TextEquiv></TextLine><TextLine id="r0_l048"><Coords points="634,998 604,998 576,1001 446,1002 100,1001 91,1002 91,1029 634,1030"/><TextEquiv index="1"><Unicode>Atque ita præcipue duce Pace Aſtræa coruſcat,</Unicode></TextEquiv></TextLine><TextLine id="r0_l049"><Coords points="59,1054 59,1030 51,1027 1,1027 1,1055 56,1055"/><TextEquiv index="1"><Unicode>-</Unicode></TextEquiv></TextLine><TextLine id="r0_l050"><Coords points="521,1059 521,1030 411,1032 371,1031 148,1032 120,1030 120,1058 125,1059 465,1060"/><TextEquiv index="1"><Unicode>Et vires illam queis tueatur habet.</Unicode></TextEquiv></TextLine><TextLine id="r0_l051"><Coords points="657,1060 92,1060 92,1089 456,1089 535,1087 577,1087 581,1089 657,1089"/><TextEquiv index="1"><Unicode>Nam fines intra præſcriptos quemque coercens,</Unicode></TextEquiv></TextLine><TextLine id="r0_l052"><Coords points="59,1059 2,1059 2,1087 29,1087 38,1088 44,1091 59,1091"/><TextEquiv index="1"><Unicode>iu</Unicode></TextEquiv></TextLine><TextLine id="r0_l053"><Coords points="1,1092 1,1115 62,1115 62,1092"/><TextEquiv index="1"><Unicode></Unicode></TextEquiv></TextLine><TextLine id="r0_l054"><Coords points="119,1090 119,1119 546,1119 546,1090"/><TextEquiv index="1"><Unicode>Imum cum ſummo iure pari retinet:</Unicode></TextEquiv></TextLine><TextLine id="r0_l055"><Coords points="1,1121 1,1150 61,1150 61,1121"/><TextEquiv index="1"><Unicode></Unicode></TextEquiv></TextLine><TextLine id="r0_l056"><Coords points="640,1146 648,1146 648,1119 243,1120 235,1124 204,1124 198,1120 188,1119 90,1119 90,1150 463,1150 467,1147 484,1146 597,1146 625,1147 634,1150"/><TextEquiv index="1"><Unicode>Punis &amp; humanos violans quæ crimina cœtus,</Unicode></TextEquiv></TextLine><TextLine id="r0_l057"><Coords points="687,1144 687,1176 755,1176 755,1144"/><TextEquiv index="1"><Unicode>is</Unicode></TextEquiv></TextLine><TextLine id="r0_l058"><Coords points="507,1150 507,1178 582,1178 582,1150"/><TextEquiv index="1"><Unicode></Unicode></TextEquiv></TextLine></TextRegion></Page></PcGts>