872 1312
310 73 546 95 BRISSONII.
210 112 646 143 Depacis & bel efitibus,ad iura-
370 150 444 171 iovem,
95 169 579 193 Noſtra diu trita eſt bellis ciuilibus ætas:
123 200 570 230 Prima quidem labes extitit inde mali.
95 230 614 260 Tempore, libertas patrandi cuncta licenter;
123 260 616 288 Nitendi in votitum tempore creuit Amor.
95 289 618 319 Hinc legum ſtrictis reſoluta licentia frænis;
122 320 571 349 ln vitium præceps & ſcelus omne ruit.
95 350 544 378 Arma inter leges, & ira ſilere coegit,
123 377 582 409 Humano exultans ſanguine Tiſiphone,
94 409 631 439 Et cum pace ſimul, ſuperas migrauit in arces,
123 439 572 470 Ouæ firmo eſt illi fœdere iuncta Dice
93 468 609 492 Illu uſtitiæ ſanctum & venerabile numen,
123 498 585 527 Nil præter nudum & nomen inane fuit.
93 527 670 558 Quicquid commiſit, tulit hoc impune ſceleſtus,
111 558 666 591 Qum pudor haud tenuit ſuppliciique mctus,
94 587 639 616 Sie a nequitian magna eſt patefacta feneſtra;
120 617 622 647 Liber vt eſt animus pronus in omne neſas.
91 647 671 675 Maiorem errantem, minor eſt, ceu iure, ſequutus;
120 675 534 706 Vt placet alterius ſemita trita pede.
91 705 628 729 Vix tandem, fato meliore & munere Diuûm,
119 735 549 766 E cœlo in terras Pax reuocata redit.
88 763 654 794 Inde Dice vires animoſque in crimina ſumpſit,
122 795 551 827 Qu ſemper, lætâ. Pace vigente, viget
95 822 616 853 Nam ſæuâ Martis rabie graſſante per orbem
121 852 653 882 Non potis eſt ſcelerum monſtra domare Dice.
93 884 622 917 Quæque iacent bello leges, in pace timentur:
120 913 573 942 ax, ne præualeant legibus arma, ſacit.
91 941 605 971 Nec florere bono poſſunt ſub principe iura,
120 972 576 1001 Ni poſitis armis Pax fera bella premat.
91 998 634 1030 Atque ita præcipue duce Pace Aſtræa coruſcat,
120 1030 521 1060 Et vires illam queis tueatur habet.
92 1060 657 1089 Nam fines intra præſcriptos quemque coercens,
119 1090 546 1119 Imum cum ſummo iure pari retinet:
90 1119 648 1150 Punis & humanos violans quæ crimina cœtus,
687 1144 755 1176 is
