872 1312
335 73 540 94 BARNABÆ
149 108 605 137 Queis perturbatur publica priua quies.
119 137 579 168 Vtraque ſic bellè, ſic & coniurat amice,
148 167 564 197 Alterius Dea ſic altera poſcit opem.
120 195 643 226 Nec Pax abſque Dice conſiſtere nec ſine Pace
149 226 601 254 Aſtræa antiquum poſcit habere decus,
119 254 609 284 Ergo nouabantur mores & tempora, nexu
146 285 638 308 Dum maneat fido Pax comes alma Dices.
412 317 481 337 Sermo.
148 344 740 373 Qui modo voluebam quæ è Graio fonte Decemuir
120 371 664 398 Tranſtulit in Latium, tabulis bis reddita ſenis,
119 402 649 433 Iuraq; honoratus quæcunq; Quiritibus albo
118 431 647 461 Proſcripſit Prætor; vel quæ reſerente verendo
120 460 630 488 Conſule priſcorum decreuit Curia Patrum;
119 490 744 520 Terrarum aut domini Auſonium ſanxere per orbem;
118 519 605 548 Vel quæ prudentes dubio reſponſa dedere
120 548 562 577 Sub galli cantum pulſanti limina ciui:
116 578 677 609 Nunc alio tranſuerſus agor, nunc percitus œſtro,
115 606 578 639 Parnaſſi rapiente Deo, iuga cogor adire.
106 635 631 667 Agnoſco Phœbi numen, qui molliter aurem
117 666 687 698 Vellens, iure ſuo quondam iua caſtra ſequutum,
115 695 618 727 Nunc emanſorem longeque diuq; vagatum
116 724 643 753 Nititur antiquo renuentem includere vallo.
113 755 576 783 Torpentes etiam Paſchiſius excitat artes
116 783 614 815 Conſultus iuris, cauſarum nec minus actor
115 814 624 841 Egregius, qui non meritâ me laude laceſſens
114 843 629 876 Rumpere nolentem diuturna ſilentia cogit,
114 870 687 902 Inſuetum & calamum trepidanti ſumere dextrâ;
112 900 630 933 Dum reſpondendi, vires dat grata voluntas,
113 930 645 965 Vinci in amicitiâ quando mihi turpe videtur.
112 959 603 992 Prouocat & verſu memet Choppinus amico,
111 989 637 1019 Pungitque exemplo librorum faſce ſuorum,
112 1018 649 1052 Tot fundens viuo manantia flumine ſcripta,
109 1048 568 1080 Sit licet aſſiduè cauſis addictus agendis,
111 1078 638 1112 Aut etiam arbitrio reſecandus litibus æquo.
111 1106 636 1143 Addunt & ſtimulos longo mihi cognitus vſu
718 1143 773 1169 Oiſd-
