872 1312
293 73 528 95 BRISSONII.
82 111 529 141 oiſe,:, nec non ſPiihæus, naris vterque
81 142 617 171 Emunctæ, quos non teuui complector amore
82 171 616 201 Et facio magni faciam & dum vita munebit,
83 202 671 232 Cum propter ſummam Romani iuris ad vnguem,
83 232 614 260 Exactam & rerum reliquarum cognitionem,
84 261 696 291 Tum propter morum candorem & pectus apertum
85 291 564 319 Nec tete, quamuis renuas. Pinete, tacebo,
86 320 630 350 Cuius docta meum præſcribit pagina nomen,
86 349 652 380 Quo ſeſſore nouo in numeros nuperque relato,
85 379 608 403 Doctorum exultant ſubſellia cauſidicorum.
115 410 752 440 Sed quid agam? incertus ſtudia in contraria ſcidor
86 440 613 469 Hinc Aſtræa vocat, ſuperum quæ ſede relicta.
85 470 603 499 Ad terras celeri & prono eſt demiſſa volatu,
86 500 613 523 Pictonica indictis conuentibus adſit vt vrbe:
85 529 606 559 Iude Thalia rapit, ſtrepituq; remota forenſi,
86 559 550 588 Otia Pieridum ſuadet captare ſororum.
86 588 573 618 Illa iubet queruli cauſas audire clientis,
86 618 553 648 Et geminas aures ambos partirier inter,
86 648 577 678 Quis res abteritur longo ſufflamine litis,
87 678 548 707 Deſertæ viduæ, pupillo in iura vocanti
87 707 636 736 Circumſcriptorem, miſeræ & ſuccurrere turbæ,
85 737 501 768 Et patrocino Codros Itoſq; tueri:
86 768 563 798 Munera militiæ reliqua exercere togatæ,
88 796 636 827 Atq; animo curis grauido, impalleſcere ſaccis
88 828 623 856 Cunctanti palmas proponit, præmia, laudes,
88 856 609 886 Atq; auræ vanos miſcet popularis honores.
88 886 622 917 Sunt qui præterea peccare in publica clament
89 916 625 945 Commoda, ſi Muſis impendam rebus agendis
89 946 616 976 obſtrictas longe anſpiciis melioribus, horas.
85 974 629 1005 Aſerit hæc contra iuſtis contendere prompta
88 1004 591 1035 Vindiciis, iuriſq; ſui proclamat alumnum
89 1034 637 1064 Vnguibus a teneris, gremioq; ſinuq; receptum.
89 1063 610 1086 Hæc monet ad libros miſſis tranſire libellis,
88 1091 589 1122 Excolere ingenium ſcabrâ rubigine læſum,
88 1122 603 1153 Abdere me ſtudiis, vulgus vitare profanumt
730 1152 762 1175 E
