872 1312
258 66 496 89 BRISSONII
85 93 562 131 Muſarum in partem digna venire chori.
42 130 664 161 Atque ita carmiibus, quæ poſtera ſæcla requirent,
92 161 557 186 Certatim in laudes fertur vteraae tuas.
62 189 625 221 Te rupes, te ſaxa ſonant fora cui:cta loquuntur,
92 221 601 250 Atque tuum cantant femina. virquc dccus.
65 250 536 279 Et Pulicis, ſiit quipiculanigra puellæ,
96 280 530 310 Inclyta doctorum fama per ora volat.
68 310 635 340 Nam quis iuridicis conuentibus aduena noſtris,
97 341 564 369 Cui non ſis, vatum numine, note pulex?
69 369 597 400 Ac te his nominibus cenſemus iure beatum;
97 398 545 427 Me ſed habcs aliud iudice præcipuum.
72 428 629 459 Quo tua conditio reliquas ſuperem inet omnes,
97 459 569 487 Dulce quod ex æquo viuere, dulce mori:
72 487 565 518 Nam ſi fors ferat.vt digitis carpare Puellæ,
101 518 570 548 Suaue genus lethi virginis vngue premi.
74 547 514 572 Seu fato moriare tuo, ſeniove fatiſcas,
102 577 583 606 Sarcophago haud condi nobiliore queas.
73 606 596 630 Næ mihi fatales Lacheſis cim neuerit annos,
100 634 561 666 Optarim tumulo tam celebri oſſa tegi ?
317 677 455 696 In Næuolum.
74 704 677 733 Næuole non dubito quin noſtra hæc dente maligno
104 733 590 763 Carmina mordebis, ceu minus apta foro;
75 763 508 793 Has nugas fingi Picta ridebis in vrbe:
103 793 610 823 Deeſſeque clamabis cauſidicis quod agant.
75 823 686 851 Hæc ſibi qui ſcribunt; aliis ſcribuntque cauentque;
105 852 566 881 Voce reos trepidos conſilioque iuuant.
79 880 687 911 Gontr, muta foro lingua eſt tibi, denique habes nil,
106 911 610 941 Quod ſcribas, dicas, Næuole, nec quod agas.
339 950 414 970 Aliud.
74 977 635 1008 Verbis patce malis quiſquis legis iſta; mouebis
103 1008 591 1042 Si ſtomachum vati, mus eris atque Pulex.
334 1048 447 1066 In ecendem.
74 1059 662 1105 oe quidaudes
111 1104 550 1127 Mordere abſentum ſeria mixta iocis?
716 1134 751 1158 A
