872 1312
309 52 541 76 GERMAN
98 88 648 124 mod, & in fluxis ſpemcertam ponito rebus,
136 119 692 154 Votaque noſtra hominum ſidito poſſe ,quid.
99 144 662 178 Heu ſortem generi lacrimandam nomine ſolo
141 179 546 209 Doctrinæ ſocerum legerat ille ſibi;
99 207 637 240 CIius oe arccus rhetor fultusque fauore,
141 237 615 268 ggeium poſſct prodere & eloquium.
112 267 614 298 t complere noua ſubſellia voce patronus,
141 298 610 327 Et rahnere atronitos in ſa verba patres.
111 326 661 356 I iisaliter viium, qui vel modulante hymenæ
140 355 576 385 Riſuqe &ſaltu vix bene compoſito.
114 385 581 413 Dilectæ taocerum priuantes lumine vitæ,
113 414 594 446 Cernere vix nonum ſuſtinuere diem.
114 444 636 475 Indulge lacrimis gener O miſerande, dolendi
143 472 649 502 Cauſia alii eſt maiorquam tibi, nulla data.
98 502 587 531 Dura quidem ſocrus ſunt inſortunia, tali
143 532 599 561 Ante exſpectatum, quæ viduata viro eſt.
99 562 647 596 Dura & conſortis; cui vel creſcentibus annis
143 592 608 621 Dilectum inuidit tertia Parca patrem.
114 621 634 652 Dura etiam natæ, quæ virgo relicta parente
145 649 554 681 Coniugium amiſſo ſerius inueniet.
115 680 694 714 Hæ tamen abs te omnes ſperant ſimul exigere vno
143 708 598 741 Officiumque viri. præſidiumque patris.
113 738 659 771 Durior ergo tua eſt fortuna magisque dolenda;
143 768 674 799 Atque tuo eſt grauius vulnus adactum animo.
116 797 700 831 Ouippe tuo amiſſo ſoceroque & præſide, nemo eſt
144 827 591 860 Qui tibi vel præſes, vel ſocer eſſe queat.
113 856 558 885 Eque tua vnius pendet virtute, Senatu
144 886 594 919 Quæ te olim exſpectat gloria Parrhiſio.
114 916 655 950 Serior illa quidem paullo ventura, ſepultumo
143 944 582 972 Ob ſocerum, nulli ſed tamen inferior.
113 974 661 1007 Mam veluti erumpens Titan pernubila, terris
143 1003 609 1038 Oſtendit radios, conſpicuumque iubar:
113 1032 600 1064 ic tua ſuccumbens fatis induſtria nullis,
144 1062 584 1097 E ſeſe proprium tollet in aſtra decus.
109 1092 675 1130 ue ndeo cximios inter ſummo que patronos
704 1123 801 1155 Suhi-
