872 1312
324 82 551 106 MAN
124 120 745 150 Cui modo commune hoc faciam? quo iudice ſparſos
160 151 685 183 Nunc ego damnabo, nunc reprobabo tropos?
126 181 742 209 Cuius ad examen numerosque & carmina, & omneis
160 210 559 241 Ingenii luſus nune reuocabo mei?
127 240 721 272 Quis mecum eloquii, linguæque exempla potentis,
159 270 623 299 Conferet ingenii quis monumentaſui?
126 298 767 330 Denique quantulacumque meæeſt doctrina, quis huius
159 329 625 360 Nomine defenſor, quis mihi fautor erit?
129 358 635 383 Telix heu nimium ſelix, Germane, fuiſient
160 388 586 418 Tempora Pranciſco ſi data iuſta tuol
128 418 679 448 Tummihi non populi ſaſces non purpura tanti
158 448 561 479 Regia non Aſiæ diuitis imperium.
127 477 643 507 Nam quid amicitia tali pretioſius? aut quid
160 506 545 535 Tam rara poterat rarius eſſe fide?
129 536 646 566 Fallor? an Inuidiæ torquebat lumina, tantæ
160 566 581 597 Tamqe ſalutaris fructus amicitiæ ?
128 595 675 620 Nunc cadem illuſtris damno recreantur amici,
160 626 567 656 Paſcunturque mali fertilitate mei?
128 656 654 689 At me dum torquet tam magni luctus amici,
160 686 574 715 Dſctuciat caſus curia ſumma tuus.
125 713 672 745 Curia. arrliiiæ ſummum deus vrbis & orbis,
159 744 636 773 Francilco occidui Præſide primus honos.
127 774 590 804 Infelix laniata genas, turbata capillum,
160 805 651 834 Ne tuus amittat frena modumque dolor.
127 833 659 863 Purpureos habitus permutans veſtibus atris,
160 864 595 893 Prodito meroris ſigna notasque tui:
127 892 751 923 Numinaque, ſummumque Iouem incuſato; querelas
160 924 575 952 udiat & planctus Gallia tota tuos
125 952 673 981 Oecidit heu Praſes tibi præſtantiſſimus, & cui
160 982 623 1011 Nullatulere parem ſæcula, nulla ferent.
130 1010 814 1044 Nam quid ego aut prim. aut poſtremi in Præſidis huius,
162 1042 685 1071 Aut medium innumeris laudibus adgrediar?
131 1072 623 1101 Iuſtitiæ laudes ingens prudentia adæquat.
160 1101 580 1130 Vincitur a ſumma relligione pudor.
130 1132 706 1163 Magua illi integitas, & magna modeſria morum,
739 1161 795 1188 Rara
