<?xml version="1.0" encoding="UTF-8" standalone="no"?><PcGts xmlns="http://schema.primaresearch.org/PAGE/gts/pagecontent/2019-07-15" xmlns:xsi="http://www.w3.org/2001/XMLSchema-instance" xsi:schemaLocation="http://schema.primaresearch.org/PAGE/gts/pagecontent/2019-07-15 http://schema.primaresearch.org/PAGE/gts/pagecontent/2019-07-15/pagecontent.xsd"><Metadata><Creator/><Created>2022-04-09T06:41:34</Created><LastChange>1970-01-01T00:00:00</LastChange><Comments/></Metadata><Page imageFilename="0754.png" imageHeight="1312" imageWidth="872"><TextRegion id="r1" orientation="0.0" type="paragraph"><Coords points="1,1 870,1 870,1310 1,1310"/><TextLine id="l1"><Coords points="356,83 356,107 525,107 525,83"/><TextEquiv><Unicode/></TextEquiv><TextEquiv index="1"><Unicode>ARIII.</Unicode></TextEquiv></TextLine><TextLine id="l2"><Coords points="125,119 125,152 579,152 579,119"/><TextEquiv><Unicode/></TextEquiv><TextEquiv index="1"><Unicode>Rata fidet, grauitas digna Catone fuit.</Unicode></TextEquiv></TextLine><TextLine id="l3"><Coords points="645,150 445,154 332,152 217,153 135,152 96,150 96,179 191,181 645,181"/><TextEquiv><Unicode/></TextEquiv><TextEquiv index="1"><Unicode>Maxima libertas linguæ, dum cauſſa labaſcens</Unicode></TextEquiv></TextLine><TextLine id="l4"><Coords points="126,182 126,212 531,212 531,182"/><TextEquiv><Unicode/></TextEquiv><TextEquiv index="1"><Unicode>Vindicis vnius publica egeret ope.</Unicode></TextEquiv></TextLine><TextLine id="l5"><Coords points="536,212 100,212 100,238 105,239 225,241 416,240 536,242"/><TextEquiv><Unicode/></TextEquiv><TextEquiv index="1"><Unicode>O quoties patriæ pro libertate tuendâ</Unicode></TextEquiv></TextLine><TextLine id="l6"><Coords points="543,243 127,242 127,268 136,269 543,270"/><TextEquiv><Unicode/></TextEquiv><TextEquiv index="1"><Unicode>Proque tuis quoties, Curia iudiciis,</Unicode></TextEquiv></TextLine><TextLine id="l7"><Coords points="578,301 578,272 97,271 97,298 119,297 168,300 421,300 453,302 534,302"/><TextEquiv><Unicode/></TextEquiv><TextEquiv index="1"><Unicode>Lectus regalem per te legatus ad Aulam,</Unicode></TextEquiv></TextLine><TextLine id="l8"><Coords points="622,303 536,302 453,303 421,301 126,301 126,328 169,330 313,331 622,331"/><TextEquiv><Unicode/></TextEquiv><TextEquiv index="1"><Unicode>Non animus, non vim Principis extiuie,</Unicode></TextEquiv></TextLine><TextLine id="l9"><Coords points="626,333 462,333 417,331 101,331 101,359 626,359"/><TextEquiv><Unicode/></TextEquiv><TextEquiv index="1"><Unicode>Qui animoq; &amp; voce andax madata Senatus</Unicode></TextEquiv></TextLine><TextLine id="l10"><Coords points="520,390 520,362 396,362 372,360 129,360 129,386 142,388 302,390 381,389 414,391 493,391"/><TextEquiv><Unicode/></TextEquiv><TextEquiv index="1"><Unicode>rato extoſuit qaliacumq; Ioui.</Unicode></TextEquiv></TextLine><TextLine id="l11"><Coords points="667,388 566,388 560,391 493,392 414,392 381,390 178,390 141,388 96,388 96,417 295,420 667,420"/><TextEquiv><Unicode/></TextEquiv><TextEquiv index="1"><Unicode>Nec ſolun expoſuit ſed tanta potentia veri eſt</Unicode></TextEquiv></TextLine><TextLine id="l12"><Coords points="614,422 129,421 129,448 314,449 377,451 614,451"/><TextEquiv><Unicode/></TextEquiv><TextEquiv index="1"><Unicode>Mentem immutauit propoſitum q; louis.</Unicode></TextEquiv></TextLine><TextLine id="l13"><Coords points="590,454 581,452 95,450 95,476 219,479 590,481"/><TextEquiv><Unicode/></TextEquiv><TextEquiv index="1"><Unicode>O quotiess ſcribentetibi ſua Principe uſſa,</Unicode></TextEquiv></TextLine><TextLine id="l14"><Coords points="580,484 569,482 129,479 129,506 139,507 580,508"/><TextEquiv><Unicode/></TextEquiv><TextEquiv index="1"><Unicode>Dum foret ancipitis mens tua conſil,</Unicode></TextEquiv></TextLine><TextLine id="l15"><Coords points="587,510 512,509 432,511 375,509 285,510 97,508 97,536 166,536 185,538 293,539 587,539"/><TextEquiv><Unicode/></TextEquiv><TextEquiv index="1"><Unicode>Et neſciret vtro magis inclinaret &amp; eſlent</Unicode></TextEquiv></TextLine><TextLine id="l16"><Coords points="608,541 604,540 293,540 128,537 128,566 176,568 608,568"/><TextEquiv><Unicode/></TextEquiv><TextEquiv index="1"><Unicode>Iuſſa Iouis ſummi non ſatit u tames,</Unicode></TextEquiv></TextLine><TextLine id="l17"><Coords points="766,568 656,568 652,570 299,569 244,570 175,568 96,568 96,599 124,599 150,597 372,599 588,598 593,600 597,604 766,605"/><TextEquiv><Unicode/></TextEquiv><TextEquiv index="1"><Unicode>Qualia ſunt quandoque, antem dum forte precantu</Unicode></TextEquiv></TextLine><TextLine id="l18"><Coords points="572,599 372,600 151,598 130,599 130,624 141,625 185,627 261,626 572,629"/><TextEquiv><Unicode/></TextEquiv><TextEquiv index="1"><Unicode>Indulger precibus victus ab aſſiduis</Unicode></TextEquiv></TextLine><TextLine id="l19"><Coords points="606,658 606,627 593,627 587,630 101,627 101,655 154,654 202,657 506,657 584,659"/><TextEquiv><Unicode/></TextEquiv><TextEquiv index="1"><Unicode>Solus hic inflexit ſenſus, Patreſq: coegit</Unicode></TextEquiv></TextLine><TextLine id="l20"><Coords points="620,659 557,660 506,658 130,658 130,686 620,687"/><TextEquiv><Unicode/></TextEquiv><TextEquiv index="1"><Unicode>Se Duce concordes faſque pium ſequi</Unicode></TextEquiv></TextLine><TextLine id="l21"><Coords points="679,687 661,687 655,689 295,688 234,689 174,687 106,687 106,714 114,715 679,715"/><TextEquiv><Unicode/></TextEquiv><TextEquiv index="1"><Unicode>Securuſque precum partim, partimque minarum</Unicode></TextEquiv></TextLine><TextLine id="l22"><Coords points="588,718 333,717 186,718 130,716 130,744 588,745"/><TextEquiv><Unicode/></TextEquiv><TextEquiv index="1"><Unicode>In ſe vnum attraxit Principis inuidiam.</Unicode></TextEquiv></TextLine><TextLine id="l23"><Coords points="645,745 627,745 615,747 439,748 95,745 95,773 123,773 138,775 176,776 645,776"/><TextEquiv><Unicode/></TextEquiv><TextEquiv index="1"><Unicode>Vindice ſuhlato hoc quiſnam tibi, Curia. reſtat,</Unicode></TextEquiv></TextLine><TextLine id="l24"><Coords points="132,777 132,806 607,806 607,777"/><TextEquiv><Unicode/></TextEquiv><TextEquiv index="1"><Unicode>Hoc mus, has partes qui mod ſuſcipiat?</Unicode></TextEquiv></TextLine><TextLine id="l25"><Coords points="601,807 97,807 97,833 99,834 219,834 331,836 601,836"/><TextEquiv><Unicode/></TextEquiv><TextEquiv index="1"><Unicode>Vt taceam reliquas, ad quas acedere nulis</Unicode></TextEquiv></TextLine><TextLine id="l26"><Coords points="535,837 414,836 331,837 131,835 131,863 144,864 535,865"/><TextEquiv><Unicode/></TextEquiv><TextEquiv index="1"><Unicode>Artibus humani vis queat ingepii.</Unicode></TextEquiv></TextLine><TextLine id="l27"><Coords points="725,865 100,865 100,891 133,891 179,894 725,895"/><TextEquiv><Unicode/></TextEquiv><TextEquiv index="1"><Unicode>Nam quis conſilio Franciſcum aquare? qis vnquam</Unicode></TextEquiv></TextLine><TextLine id="l28"><Coords points="133,896 133,925 495,925 495,896"/><TextEquiv><Unicode/></TextEquiv><TextEquiv index="1"><Unicode>Cinilis iuris cognitione queat</Unicode></TextEquiv></TextLine><TextLine id="l29"><Coords points="105,925 105,953 616,953 616,925"/><TextEquiv><Unicode/></TextEquiv><TextEquiv index="1"><Unicode>Scæuola &amp; Accilius, quorum prudentia iuris</Unicode></TextEquiv></TextLine><TextLine id="l30"><Coords points="126,954 126,983 647,983 647,954"/><TextEquiv><Unicode/></TextEquiv><TextEquiv index="1"><Unicode>Maxima, perpetuum nomen virique dedit.</Unicode></TextEquiv></TextLine><TextLine id="l31"><Coords points="103,983 103,1013 655,1013 655,983"/><TextEquiv><Unicode/></TextEquiv><TextEquiv index="1"><Unicode>His etiam accedant Cato. Scipio, Lælius &amp; quos</Unicode></TextEquiv></TextLine><TextLine id="l32"><Coords points="135,1013 135,1041 581,1041 581,1013"/><TextEquiv><Unicode/></TextEquiv><TextEquiv index="1"><Unicode>Olim Roma vetus cenſuit eſſe ſophos;</Unicode></TextEquiv></TextLine><TextLine id="l33"><Coords points="644,1043 104,1043 104,1068 132,1068 147,1070 644,1070"/><TextEquiv><Unicode/></TextEquiv><TextEquiv index="1"><Unicode>Vt taceam qtos docta tuliſti, Græcia quiqe</Unicode></TextEquiv></TextLine><TextLine id="l34"><Coords points="600,1075 575,1073 522,1071 199,1072 135,1070 135,1098 141,1099 600,1099"/><TextEquiv><Unicode/></TextEquiv><TextEquiv index="1"><Unicode>Reſponſo eſt ſapiens dictus Apollo tuo:</Unicode></TextEquiv></TextLine><TextLine id="l35"><Coords points="101,1100 101,1130 634,1130 634,1100"/><TextEquiv><Unicode/></TextEquiv><TextEquiv index="1"><Unicode>Franciſco conferre meo quemcumque libchit</Unicode></TextEquiv></TextLine><TextLine id="l36"><Coords points="128,1130 128,1160 668,1160 668,1130"/><TextEquiv><Unicode/></TextEquiv><TextEquiv index="1"><Unicode>De numero oc, vtſtas mox dabit ille anus.</Unicode></TextEquiv></TextLine><TextLine id="l37"><Coords points="714,1160 714,1185 771,1185 771,1160"/><TextEquiv><Unicode/></TextEquiv><TextEquiv index="1"><Unicode>u</Unicode></TextEquiv></TextLine><TextEquiv><Unicode/></TextEquiv></TextRegion></Page></PcGts>