872 1312
356 83 525 107 ARIII.
726 88 769 112 a
1 114 51 139 ,
125 119 579 152 Rata fidet, grauitas digna Catone fuit.
96 150 645 181 Maxima libertas linguæ, dum cauſſa labaſcens
126 182 531 212 Vindicis vnius publica egeret ope.
1 176 49 197 us
100 212 536 242 O quoties patriæ pro libertate tuendâ
127 242 543 270 Proque tuis quoties, Curia iudiciis,
97 271 578 302 Lectus regalem per te legatus ad Aulam,
126 301 622 331 Non animus, non vim Principis extiuie,
101 331 626 359 Qui animoq; & voce andax madata Senatus
129 360 520 391 rato extoſuit qaliacumq; Ioui.
96 388 667 420 Nec ſolun expoſuit ſed tanta potentia veri eſt
129 421 614 451 Mentem immutauit propoſitum q; louis.
95 450 590 481 O quotiess ſcribentetibi ſua Principe uſſa,
129 479 580 508 Dum foret ancipitis mens tua conſil,
97 508 587 539 Et neſciret vtro magis inclinaret & eſlent
128 537 608 568 Iuſſa Iouis ſummi non ſatit u tames,
96 568 766 605 Qualia ſunt quandoque, antem dum forte precantu
130 598 572 629 Indulger precibus victus ab aſſiduis
101 627 606 659 Solus hic inflexit ſenſus, Patreſq: coegit
130 658 620 687 Se Duce concordes faſque pium ſequi
106 687 679 715 Securuſque precum partim, partimque minarum
130 716 588 745 In ſe vnum attraxit Principis inuidiam.
842 716 869 744 -
95 745 645 776 Vindice ſuhlato hoc quiſnam tibi, Curia. reſtat,
132 777 607 806 Hoc mus, has partes qui mod ſuſcipiat?
97 807 601 836 Vt taceam reliquas, ad quas acedere nulis
131 835 535 865 Artibus humani vis queat ingepii.
100 865 725 895 Nam quis conſilio Franciſcum aquare? qis vnquam
133 896 495 925 Cinilis iuris cognitione queat
105 925 616 953 Scæuola & Accilius, quorum prudentia iuris
126 954 647 983 Maxima, perpetuum nomen virique dedit.
103 983 655 1013 His etiam accedant Cato. Scipio, Lælius & quos
135 1013 581 1041 Olim Roma vetus cenſuit eſſe ſophos;
104 1043 644 1070 Vt taceam qtos docta tuliſti, Græcia quiqe
135 1070 600 1099 Reſponſo eſt ſapiens dictus Apollo tuo:
101 1100 634 1130 Franciſco conferre meo quemcumque libchit
128 1130 668 1160 De numero oc, vtſtas mox dabit ille anus.
714 1160 771 1185 u
