872 1312
340 79 556 102 eERMANI
127 116 708 147 uictam magna fuit mentis conſtantia, tamque
160 146 675 176 Compoſitum ad caſus quoslibet ingenium;
129 175 591 205 Vt poſita in ſeſe ſoloſua cuncta putaret,
158 205 637 236 Fortunam magno deſpiceretque animo:
133 233 672 264 Caſuſque humanos mortaliaque omnia fortis
163 264 553 287 nfra virtutem dueeret eſſe ſuam.
131 293 747 323 Vnde & opes magnæ, & magnorum faſtus honorum,
162 322 652 354 Regeſque, & regum Pontiicumue fauor,
133 354 722 382 Quæque auide vulgus hominum miratur & ambit,
163 382 619 412 Præſidi erant nug quiſquiliæque leues.
131 412 638 442 Inde Senatorem qui luſtris plus minus egit
162 442 682 473 Quinque tum, nuſquam luxurioſus homo,
129 462 708 508 iVi obulos ad quinque, lucrum poſt fata reliquit;
157 500 584 525 Contentus lero nominis innocui.
129 530 599 561 Agrippæ ſimilis, cui penſo Roa ributo
163 560 563 590 Per capita, exſequias ſſicioſa tulit.
129 585 644 619 Ptæſidis orarum facinus, dignq; quod olim
160 618 643 646 Docta poetarum carina ad aſtra ferant;
129 648 623 681 Et quod virgincos recitatum ſæpe labores,
161 678 679 708 um radii in manib. vel data penſa, leuet.
127 708 686 737 Qid referem & reliquas tam rari pectoris artes?
161 737 625 768 Tam conſummati muneraque ingenii?
130 766 721 797 Quid quod Apollineo vis enthea pectore manans,
159 796 568 823 Spirabat cultos Præſidis ore ſonos?
129 826 647 856 Quid quod tale illi fluxit de pectore carmen.
161 855 547 885 Quale canit tactâ Calliopea lyrâ?
128 885 633 913 Nan quoties voluit tetum certare, Tibulle,
155 914 649 944 Ludere ſeu numeris, docte Catulle, tuis,
127 944 608 975 Certanti faciles dictarunt carmina Muſæ,
156 972 558 1006 Ceſſit & auratam Calliopea lyram.
124 1002 673 1036 Ludenti, curruſque leues, thyrſoſque potentes,
154 1033 634 1062 Pallenteſque hederas Liber habere dedit.
123 1062 677 1095 Quin heic & memoro, quanta illigaudia, qualis
155 1093 505 1125 Erraret toto pectore lætitia,
123 1122 608 1154 Me quoties greſſum ſua per veſtigia ferre
740 1155 793 1179 Cer-
