872 1312
332 67 499 91 BRIEII.
722 71 764 97 as
119 104 589 139 Cerneret, & numeros velle referre ſuos?
2 107 44 129 ,
29 137 590 165 Illi tam facilis Genius, tam grata Minerua,
121 167 527 196 Tanta fuit noſtræ vis & amicitiæ;
93 194 610 229 Vt ſuperari a me vellet, longeque relinqui
123 225 617 259 Sponte ſuâ, & merito cedere honore mih
47 252 679 297 Quid quod dum proſa Orator numeriſque ſoluts
123 286 549 316 Diceret, & fluuios funderet eloquii,
46 311 654 348 Tanta ſequebatur dicentem gratia, quanta
124 346 605 376 Dulichium regem, quanta ſenem Pylium?
1 353 56 376 s
62 376 614 408 Tnta ſequebatur dicentem copia, quantus
124 406 613 435 Torrente hibernæ per iuga fluxus aquæ?
1 436 593 475 Dicite patricii, quibus ad virtutis amorem
125 467 567 498 Franciſci ſtimulus gloria magnus erat,
54 491 648 534 Quis modo, quis vitæ nobis exemplar honeſtæ?
127 523 624 559 Quis ſtudii, exſtincto Præſide, calcar erit?
53 553 647 591 Nil veris adfingo bonis: quin multa telinquos
128 583 649 617 Quæ meus haud patitur connumerare dolor
53 613 678 651 HeuIquanto patriæ damno, quantoque Senatus,
129 644 532 675 Te, Præſes, terris abſtulit atra dies
53 672 576 713 Solis ab occaſu ſi vel luſtremus ad ortus,
130 703 580 729 Pat tibi erit toto nullus in oibetamen.
101 725 656 766 Atque ego ſicentum linguis loquar, & mihi ſeſe
132 762 539 793 Caſtalii totam præbeat vnda lacus,
1 784 631 831 - Fando æquare tuæ nequeam præconia laudis,
133 821 568 853 Omniaque iſtius dona referre animi.
2 840 618 884 Patroni eximii, voſque omnes ordine Patres,
135 880 570 907 Dixiſſe hoc veſtrâ fas mihi ſit veniâ:
54 910 625 943 Curia muta mihi eſt, deſolatuſque Senatus,
134 939 633 966 Et ſine honore forum, roſtra ſine eloquios
1 961 570 1007 Nec vero Romana olim priuata Catone
135 998 546 1029 Curia, nec Bruto plebs viduata ſuo,
107 1025 625 1062 Pompeioue orbatus eques ſic luxit, vt omnis
2 1029 60 1060 u
135 1057 569 1091 Luget in interitu Præſidis ordo mei.
4 1059 44 1089 l
1 1083 675 1120 i Ergo mihi ah durum tam cari in funere amii
137 1114 616 1146 Nænia turbato æc corde trahenda fuit?
494 1148 563 1171 IS
