<PcGts xmlns="http://schema.primaresearch.org/PAGE/gts/pagecontent/2017-07-15" xmlns:xsi="http://www.w3.org/2001/XMLSchema-instance" xsi:schemaLocation="http://schema.primaresearch.org/PAGE/gts/pagecontent/2017-07-15 http://schema.primaresearch.org/PAGE/gts/pagecontent/2017-07-15/pagecontent.xsd"><Metadata><Creator>User123</Creator><Created>2020-04-19T01:00:19</Created><LastChange>2020-04-19T01:00:19</LastChange></Metadata><Page imageFilename="0757.png" imageHeight="1312" imageWidth="872"><TextRegion id="r0" type="paragraph"><Coords points="1,1 870,1 870,1310 1,1310"/><TextLine id="r0_l001"><Coords points="25,86 45,84 45,45 1,45 1,93 16,93"/><TextEquiv index="1"><Unicode></Unicode></TextEquiv></TextLine><TextLine id="r0_l002"><Coords points="368,75 368,97 588,97 588,75"/><TextEquiv index="1"><Unicode>eERMANI</Unicode></TextEquiv></TextLine><TextLine id="r0_l003"><Coords points="130,79 130,100 179,100 179,79"/><TextEquiv index="1"><Unicode>no</Unicode></TextEquiv></TextLine><TextLine id="r0_l004"><Coords points="47,85 25,87 16,94 15,105 1,104 1,136 47,136"/><TextEquiv index="1"><Unicode></Unicode></TextEquiv></TextLine><TextLine id="r0_l005"><Coords points="833,107 833,141 870,141 870,107"/><TextEquiv index="1"><Unicode></Unicode></TextEquiv></TextLine><TextLine id="r0_l006"><Coords points="691,111 183,111 183,136 197,138 363,141 691,141"/><TextEquiv index="1"><Unicode>rent. acerent eſſes, Franciſce, ſuperſtes</Unicode></TextEquiv></TextLine><TextLine id="r0_l007"><Coords points="651,144 540,143 494,141 169,141 169,165 196,169 651,171"/><TextEquiv index="1"><Unicode>Lt nctique meum conderet vrna caput.</Unicode></TextEquiv></TextLine><TextLine id="r0_l008"><Coords points="833,141 833,164 870,164 870,141"/><TextEquiv index="1"><Unicode></Unicode></TextEquiv></TextLine><TextLine id="r0_l009"><Coords points="616,173 424,172 335,170 136,170 136,198 616,199"/><TextEquiv index="1"><Unicode>Iuſtaque ſoluentem ſibi te ſentiret. &amp; iſta</Unicode></TextEquiv></TextLine><TextLine id="r0_l010"><Coords points="834,169 834,191 870,191 870,169"/><TextEquiv index="1"><Unicode>u</Unicode></TextEquiv></TextLine><TextLine id="r0_l011"><Coords points="835,199 835,232 870,232 870,199"/><TextEquiv index="1"><Unicode></Unicode></TextEquiv></TextLine><TextLine id="r0_l012"><Coords points="625,203 618,202 167,202 167,226 175,227 245,229 625,229"/><TextEquiv index="1"><Unicode>Vo e prentantem corporis vmra mei.</Unicode></TextEquiv></TextLine><TextLine id="r0_l013"><Coords points="629,232 136,229 136,257 163,256 200,258 629,258"/><TextEquiv index="1"><Unicode>Me ſaltem .cnturc ætas loqueretnr, &amp; iſto</Unicode></TextEquiv></TextLine><TextLine id="r0_l014"><Coords points="166,261 166,283 673,283 673,261"/><TextEquiv index="1"><Unicode>ternum or meus n men haberet honos.</Unicode></TextEquiv></TextLine><TextLine id="r0_l015"><Coords points="836,256 836,287 870,287 870,256"/><TextEquiv index="1"><Unicode></Unicode></TextEquiv></TextLine><TextLine id="r0_l016"><Coords points="796,290 714,289 699,291 578,291 362,289 134,289 134,317 306,319 587,319 646,320 666,322 796,322"/><TextEquiv index="1"><Unicode>Nunc, mihi nil greius, qua quod tum nomina per te hæ</Unicode></TextEquiv></TextLine><TextLine id="r0_l017"><Coords points="843,320 847,317 869,317 869,287 835,287 836,322"/><TextEquiv index="1"><Unicode></Unicode></TextEquiv></TextLine><TextLine id="r0_l018"><Coords points="167,319 167,348 655,348 655,319"/><TextEquiv index="1"><Unicode>Speratum non ſunt olim habitura decus;</Unicode></TextEquiv></TextLine><TextLine id="r0_l019"><Coords points="868,318 847,318 843,321 835,323 835,343 868,343"/><TextEquiv index="1"><Unicode>i</Unicode></TextEquiv></TextLine><TextLine id="r0_l020"><Coords points="676,352 568,349 437,350 333,348 136,348 136,375 327,378 380,377 510,379 676,379"/><TextEquiv index="1"><Unicode>Tum tua ſunt per tetantum victura, meoque</Unicode></TextEquiv></TextLine><TextLine id="r0_l021"><Coords points="829,351 829,374 870,374 870,351"/><TextEquiv index="1"><Unicode></Unicode></TextEquiv></TextLine><TextLine id="r0_l022"><Coords points="598,379 510,380 166,377 166,406 599,408"/><TextEquiv index="1"><Unicode>llis adcreſcet earminetullos honos.</Unicode></TextEquiv></TextLine><TextLine id="r0_l023"><Coords points="869,381 833,381 833,406 869,406"/><TextEquiv index="1"><Unicode>u</Unicode></TextEquiv></TextLine><TextLine id="r0_l024"><Coords points="699,408 130,408 130,435 699,435"/><TextEquiv index="1"><Unicode>Sors igitur quoniam mea ſietulit, vt mihi Parc</Unicode></TextEquiv></TextLine><TextLine id="r0_l025"><Coords points="869,407 834,407 834,439 869,439"/><TextEquiv index="1"><Unicode></Unicode></TextEquiv></TextLine><TextLine id="r0_l026"><Coords points="165,437 165,463 605,463 605,437"/><TextEquiv index="1"><Unicode>Præuertiſſe tuos non dederint obitus,</Unicode></TextEquiv></TextLine><TextLine id="r0_l027"><Coords points="835,440 835,461 870,461 870,440"/><TextEquiv index="1"><Unicode></Unicode></TextEquiv></TextLine><TextLine id="r0_l028"><Coords points="127,466 127,496 649,496 649,466"/><TextEquiv index="1"><Unicode>Officii memorem quo me mea ſentiat ætas,</Unicode></TextEquiv></TextLine><TextLine id="r0_l029"><Coords points="841,494 841,521 870,521 870,494"/><TextEquiv index="1"><Unicode>M</Unicode></TextEquiv></TextLine><TextLine id="r0_l030"><Coords points="167,496 167,525 626,525 626,496"/><TextEquiv index="1"><Unicode>Et tua muraribus gaudet vmbra meis,</Unicode></TextEquiv></TextLine><TextLine id="r0_l031"><Coords points="1,494 1,530 51,530 51,494"/><TextEquiv index="1"><Unicode></Unicode></TextEquiv></TextLine><TextLine id="r0_l032"><Coords points="651,528 508,526 132,526 132,555 651,555"/><TextEquiv index="1"><Unicode>Quod licet, adſiduis cineres funeſtus ad iſtos</Unicode></TextEquiv></TextLine><TextLine id="r0_l033"><Coords points="10,531 10,571 89,571 89,531"/><TextEquiv index="1"><Unicode></Unicode></TextEquiv></TextLine><TextLine id="r0_l034"><Coords points="834,528 834,555 870,555 870,528"/><TextEquiv index="1"><Unicode></Unicode></TextEquiv></TextLine><TextLine id="r0_l035"><Coords points="168,555 168,584 594,584 594,555"/><TextEquiv index="1"><Unicode>lpſe parentabo luctibus &amp; lacrimis:</Unicode></TextEquiv></TextLine><TextLine id="r0_l036"><Coords points="840,559 840,585 870,585 870,559"/><TextEquiv index="1"><Unicode></Unicode></TextEquiv></TextLine><TextLine id="r0_l037"><Coords points="136,585 136,608 552,608 552,585"/><TextEquiv index="1"><Unicode>t teſtabuntur mœſti ſuſpiria coris</Unicode></TextEquiv></TextLine><TextLine id="r0_l038"><Coords points="833,588 833,621 868,621 868,588"/><TextEquiv index="1"><Unicode></Unicode></TextEquiv></TextLine><TextLine id="r0_l039"><Coords points="165,614 165,644 621,644 621,614"/><TextEquiv index="1"><Unicode>Dilaceret quantus pectora noſira dolor.</Unicode></TextEquiv></TextLine><TextLine id="r0_l040"><Coords points="1,626 1,667 75,667 75,626"/><TextEquiv index="1"><Unicode></Unicode></TextEquiv></TextLine><TextLine id="r0_l041"><Coords points="130,644 130,673 615,673 615,644"/><TextEquiv index="1"><Unicode>Franciſci o manes, per ſecla æterna beati,</Unicode></TextEquiv></TextLine><TextLine id="r0_l042"><Coords points="840,647 840,680 870,680 870,647"/><TextEquiv index="1"><Unicode></Unicode></TextEquiv></TextLine><TextLine id="r0_l043"><Coords points="667,673 655,673 650,676 644,677 387,676 337,675 316,673 163,673 163,702 667,706"/><TextEquiv index="1"><Unicode>Nam vos Elyſium, ſeu magis Aſtra tenent</Unicode></TextEquiv></TextLine><TextLine id="r0_l044"><Coords points="833,680 833,705 870,705 870,680"/><TextEquiv index="1"><Unicode></Unicode></TextEquiv></TextLine><TextLine id="r0_l045"><Coords points="648,708 644,707 355,704 127,704 127,729 648,729"/><TextEquiv index="1"><Unicode>Vos precor mouant noſtriinfortunia ſecli</Unicode></TextEquiv></TextLine><TextLine id="r0_l046"><Coords points="833,709 833,735 870,735 870,709"/><TextEquiv index="1"><Unicode>q</Unicode></TextEquiv></TextLine><TextLine id="r0_l047"><Coords points="164,732 164,757 589,757 589,732"/><TextEquiv index="1"><Unicode>Multa. ſe ex vno non niſinata malo.</Unicode></TextEquiv></TextLine><TextLine id="r0_l048"><Coords points="833,735 833,759 870,759 870,735"/><TextEquiv index="1"><Unicode></Unicode></TextEquiv></TextLine><TextLine id="r0_l049"><Coords points="132,762 132,792 708,792 708,762"/><TextEquiv index="1"><Unicode>Eloquar? an ſileam? næ &amp; ſacra &amp; Numina nob</Unicode></TextEquiv></TextLine><TextLine id="r0_l050"><Coords points="833,768 833,796 870,796 870,768"/><TextEquiv index="1"><Unicode>m</Unicode></TextEquiv></TextLine><TextLine id="r0_l051"><Coords points="163,792 163,821 663,821 663,792"/><TextEquiv index="1"><Unicode>Noſtis enim Themidos ſunt violata Deæ.</Unicode></TextEquiv></TextLine><TextLine id="r0_l052"><Coords points="833,796 833,819 868,819 868,796"/><TextEquiv index="1"><Unicode></Unicode></TextEquiv></TextLine><TextLine id="r0_l053"><Coords points="132,822 132,850 622,850 622,822"/><TextEquiv index="1"><Unicode>Hinc precibus natæ pater irritatus, ab alto</Unicode></TextEquiv></TextLine><TextLine id="r0_l054"><Coords points="163,852 163,881 580,881 580,852"/><TextEquiv index="1"><Unicode>Iræ in nos torquet fulmina dira ſuæ.</Unicode></TextEquiv></TextLine><TextLine id="r0_l055"><Coords points="834,858 834,879 870,879 870,858"/><TextEquiv index="1"><Unicode>u</Unicode></TextEquiv></TextLine><TextLine id="r0_l056"><Coords points="680,881 629,881 618,885 561,885 523,883 349,883 313,881 129,881 129,906 144,907 163,907 180,909 294,911 412,911 482,913 680,913"/><TextEquiv index="1"><Unicode>Vnde &amp; dura fames, bellorum &amp; ſæuit erynnis,</Unicode></TextEquiv></TextLine><TextLine id="r0_l057"><Coords points="834,890 834,917 870,917 870,890"/><TextEquiv index="1"><Unicode></Unicode></TextEquiv></TextLine><TextLine id="r0_l058"><Coords points="704,917 693,916 161,910 161,938 406,940 564,944 704,944"/><TextEquiv index="1"><Unicode>Flammaqre, non paucas iam populata domos.</Unicode></TextEquiv></TextLine><TextLine id="r0_l059"><Coords points="833,917 833,943 870,943 870,917"/><TextEquiv index="1"><Unicode>li</Unicode></TextEquiv></TextLine><TextLine id="r0_l060"><Coords points="706,946 564,945 406,941 130,941 130,972 143,972 151,968 192,967 280,969 304,968 321,970 391,971 494,971 538,973 706,973"/><TextEquiv index="1"><Unicode>Qare agedum cœlo deſcendite, noſque fubinde</Unicode></TextEquiv></TextLine><TextLine id="r0_l061"><Coords points="833,943 833,968 869,968 869,943"/><TextEquiv index="1"><Unicode></Unicode></TextEquiv></TextLine><TextLine id="r0_l062"><Coords points="571,974 494,972 321,971 304,969 280,970 167,968 164,969 164,996 348,1000 571,1001"/><TextEquiv index="1"><Unicode>Viſite demulſos dulcibus alloquiis:</Unicode></TextEquiv></TextLine><TextLine id="r0_l063"><Coords points="842,976 842,1004 870,1004 870,976"/><TextEquiv index="1"><Unicode>u</Unicode></TextEquiv></TextLine><TextLine id="r0_l064"><Coords points="597,1004 276,1000 221,998 125,998 125,1026 211,1025 257,1028 379,1029 408,1031 597,1031"/><TextEquiv index="1"><Unicode>Et ſimiles veſtris mores rituſque docete,</Unicode></TextEquiv></TextLine><TextLine id="r0_l065"><Coords points="688,1031 654,1031 647,1035 632,1036 593,1034 436,1033 379,1030 157,1029 157,1057 363,1058 454,1061 688,1061"/><TextEquiv index="1"><Unicode>Qui Themidem nobis, concilientque louem.</Unicode></TextEquiv></TextLine><TextLine id="r0_l066"><Coords points="843,1036 843,1059 870,1059 870,1036"/><TextEquiv index="1"><Unicode>;</Unicode></TextEquiv></TextLine><TextLine id="r0_l067"><Coords points="732,1061 711,1063 687,1063 677,1065 606,1065 577,1063 454,1062 363,1059 124,1059 124,1091 152,1089 158,1086 233,1086 480,1090 573,1093 732,1093"/><TextEquiv index="1"><Unicode>Quique Deam inducant, cœloque aſtriſque relictis,</Unicode></TextEquiv></TextLine><TextLine id="r0_l068"><Coords points="565,1093 315,1088 158,1087 157,1088 157,1114 168,1115 258,1117 565,1117"/><TextEquiv index="1"><Unicode>Galliea conſiliis ſceptra iuuare ſuis.</Unicode></TextEquiv></TextLine><TextLine id="r0_l069"><Coords points="841,1095 841,1119 870,1119 870,1095"/><TextEquiv index="1"><Unicode>lus</Unicode></TextEquiv></TextLine><TextLine id="r0_l070"><Coords points="608,1126 574,1126 567,1122 492,1122 470,1120 382,1120 195,1116 126,1116 126,1150 608,1150"/><TextEquiv index="1"><Unicode>Sic Minoa ferunt leges tibi Creta, tuliſie</Unicode></TextEquiv></TextLine><TextLine id="r0_l071"><Coords points="726,1154 726,1181 791,1181 791,1154"/><TextEquiv index="1"><Unicode>ſum</Unicode></TextEquiv></TextLine></TextRegion></Page></PcGts>