872 1312
368 75 588 97 eERMANI
183 111 691 141 rent. acerent eſſes, Franciſce, ſuperſtes
169 141 651 171 Lt nctique meum conderet vrna caput.
136 170 616 199 Iuſtaque ſoluentem ſibi te ſentiret. & iſta
167 202 625 229 Vo e prentantem corporis vmra mei.
136 229 629 258 Me ſaltem .cnturc ætas loqueretnr, & iſto
166 261 673 283 ternum or meus n men haberet honos.
134 289 796 322 Nunc, mihi nil greius, qua quod tum nomina per te hæ
167 319 655 348 Speratum non ſunt olim habitura decus;
136 348 676 379 Tum tua ſunt per tetantum victura, meoque
166 377 599 408 llis adcreſcet earminetullos honos.
130 408 699 435 Sors igitur quoniam mea ſietulit, vt mihi Parc
165 437 605 463 Præuertiſſe tuos non dederint obitus,
127 466 649 496 Officii memorem quo me mea ſentiat ætas,
167 496 626 525 Et tua muraribus gaudet vmbra meis,
132 526 651 555 Quod licet, adſiduis cineres funeſtus ad iſtos
168 555 594 584 lpſe parentabo luctibus & lacrimis:
136 585 552 608 t teſtabuntur mœſti ſuſpiria coris
165 614 621 644 Dilaceret quantus pectora noſira dolor.
130 644 615 673 Franciſci o manes, per ſecla æterna beati,
163 673 667 706 Nam vos Elyſium, ſeu magis Aſtra tenent
127 704 648 729 Vos precor mouant noſtriinfortunia ſecli
164 732 589 757 Multa. ſe ex vno non niſinata malo.
132 762 708 792 Eloquar? an ſileam? næ & ſacra & Numina nob
163 792 663 821 Noſtis enim Themidos ſunt violata Deæ.
132 822 622 850 Hinc precibus natæ pater irritatus, ab alto
163 852 580 881 Iræ in nos torquet fulmina dira ſuæ.
129 881 680 913 Vnde & dura fames, bellorum & ſæuit erynnis,
161 910 704 944 Flammaqre, non paucas iam populata domos.
130 941 706 973 Qare agedum cœlo deſcendite, noſque fubinde
164 968 571 1001 Viſite demulſos dulcibus alloquiis:
125 998 597 1031 Et ſimiles veſtris mores rituſque docete,
157 1029 688 1061 Qui Themidem nobis, concilientque louem.
124 1059 732 1093 Quique Deam inducant, cœloque aſtriſque relictis,
157 1087 565 1117 Galliea conſiliis ſceptra iuuare ſuis.
126 1116 608 1150 Sic Minoa ferunt leges tibi Creta, tuliſie
726 1154 791 1181 ſum
