872 1312
347 72 514 94 BRIII.
115 110 530 140 Vſum colloquiis conſiliſque Iouis.
85 140 584 169 Sic Lacedæmoniis & ſcita & tura Lycurgus
119 169 597 198 Sanxit, ab admonitis doctus Apollo tuis.
90 201 561 230 Sic cultus rituſque pios dictauit in antro
120 230 493 258 Mitis Aricino Pompilio geria
87 257 673 290 Hoc precor, hoc manes præſtate, labantibus vllam
121 290 536 320 Ferre pii rebusſi modo vultis opem.
91 320 595 350 Sic vobis telluſque leuis contingat, & vrna
121 351 520 379 Perpetu ſpiret florida veris opes:
88 377 761 410 Cinnamaq; & coſtum, mirrhamq; crocumq; & amom,
122 408 673 440 Mella, vnguenta, thymum, thura, liguſtra, toſas,
1 413 50 442 l
92 438 675 467 Et lacrimas Narciſſi immortaleſque amaranthos,
123 468 606 500 Myrtumque & lauros, & caſiam & violas.
92 494 761 526 Sic Charites veſtrum ad tumulum, Pallaſque, Themiſq;,
123 527 602 559 Stipatuſque ſacro Phœbus Apollo choro,
90 558 672 589 Perpetuas ducant cnoreas, laudumque perennes
123 589 493 616 Itarum titulos Calliopea legat.
297 619 561 646 Eiuſdem Deloii tumulus.
49 646 683 680 Iuſtitia cœle, doctâ cum Pallade, in orbem hunc
124 678 489 708 Tædia poſtiongi venerat exilii.
3 706 646 754 Iamque Deæ, cœli oblitæ, noſtra arua colebant
126 737 546 766 Præſide Ftanciſco. Iupiter indoluit;
1 765 691 807 Moxquc ſuo in cœlum reuocat cum Præſide Diuas;
127 795 617 828 Exiliumque harum perpetuum eſſe iubet.
318 829 543 855 In idem argentun.
1 849 707 886 acus,& Minos, eumque his Radamanthus, ab ipſo
132 884 627 915 Dum ſoue depoſuat quiſque ſibi ſocium,
1 904 557 946 Adiuti valeant quo ſuccedente viciſſim
130 945 469 975 Oſſicii partes continuere ſui.
1 970 636 1011 t Iupiier vnâ, inquit, tres hoc vos faſce leuabo:
129 1001 664 1035 Munus enim hoc vnus qui mihi præſtet adeſt.
52 1029 684 1064 Nec mora, Franciſcum quo nuper Præſide facto.
1 1055 55 1091 u
130 1062 535 1088 Ibat Iuſtitiæ nomen ad aſtra legit;
1 1090 602 1124 u Delectumque loco illorum ſuffecit, vt vnus
129 1121 551 1154 mpleret partes oſciumque trium.
705 1148 772 1170 Eeden
