872 1312
348 71 511 94 BRIII
52 104 568 139 Etincto Aonides quo cecidere nouem.
348 140 451 160 De eode.
52 168 567 197 Amiſſo inperio, per te retinebat hoorem
104 198 485 229 Vireſq; cloqii Græcia, Maree, ſui
75 226 587 257 Per te itrum ſibi ſperabat Marci Ciceronis
100 258 557 281 Dicendi ſummum Martia Roma decus:
51 288 655 318 Roma tuum coram alloquium admirata, tuæque
1 318 540 347 Conſciadoctrinæ, conſcia & ingenii.
50 347 616 378 Ah dolorl extremam traxit miſer illa ruinam,
107 377 537 407 Spe ver hæc cecidit te moriente ſuâ.
253 408 562 438 Iobitum obitum hriſtoph. Lngolii.
51 429 592 472 Catalides lacerate genas, diuellite ciaem,
107 468 590 497 Nec lacrimæ fnem, nec teneant, gemitus.
51 494 602 530 Proh dolor efrertur Patauinâ funus in vibe.
51 527 542 555 Ante ſua exſtincti tempora Longolii.
51 552 646 597 Quem modo, vel Gallum, voluit pro dote Latinâ
108 586 555 616 Roma, locum ciues inter habere ſuos:
51 607 600 650 Roma, ſibi plene mox reſtituenda, dediſſent
104 645 525 676 Longolio plenos ſi modo fata dies.
347 677 465 698 In cundem.
1 693 53 716 s
52 704 575 734 Longolio vixdum digreſſo mattis ab aluo,
107 734 570 757 Dixerat Aonidum nomine Mercurius:
78 762 644 794 Creſce infans, tibi abingenii linguæque diſertæ
107 794 625 824 Dotius, olim ingens me duce, fama aderit.
80 823 644 855 Quam primis poſtquam ſibi quæſiuiſſet in annis
108 854 520 883 Longolius, fuſo nocte dieque oleo;
1 873 53 905 u
80 882 569 913 Tum Deus eloquii veritus, ſi debita fati,
108 913 534 941 Ordine vixiſſet tempora Longolius;
1 935 596 971 uNe ſioi præriperet lingu decus, inuidus ill,
109 972 540 1001 Contactum virgâ, ſuſtulit ante diem.
134 1001 598 1029 Franciſco & Claudio, Florimondi oberlati F.
1 998 56 1027 u
78 1031 458 1060 Dictato hendecaſyllabos poetæ,
1 1058 59 1089 u-
80 1060 446 1088 Quos olim ſollta es tuo, Thalia,
58 1089 446 1113 Lenes, ſuauidicos, venutiores,
59 1115 522 1148 Nolles, dulciculoſque, blanduloſque,
1 1119 31 1143 is
724 1145 752 1168 t
3 1148 62 1175 s
