872 1312
370 72 577 94 GERMANI
133 107 515 136 E quales ſibi poſtulant remitti
131 137 575 166 Florimunduli, vterque amore digno,
132 165 565 191 Non noſtro modo, ſed tuo, Thalia.
130 196 525 226 Florimunduli, amore literarum
131 225 616 248 Inflammati arimum bonum bonaruma-
133 253 575 286 Qui iam ſloriduloque unduloque-
133 285 508 314 Ornati ingenio, indoliſque raræ
132 313 537 344 Charactetibus inter ambo puncti,
135 343 531 370 Gaudent tempus & otium tenellæ
132 372 507 398 Nta. is bene collocare, & annos
132 401 544 431 Molles ponere in vtiiuſque ſolum
130 431 548 462 Linguæ cognitione eomparandâ:
131 462 534 490 Ambo ætate pares, niſi quo alter
132 490 556 518 Anno plus minus alterum antecedit,
132 519 526 549 Vix luſtris tribus integris peractis,
132 549 560 578 Qui iidem per numeros Catullianos
131 579 595 610 xercen calamum fuum, ſtylumque
133 607 535 640 Ad docti metra temperant poetæ:
131 637 574 668 Si qua olim, Dea, tum tuo ac ſororum,
131 666 542 695 Tum Phœbi auſpicio, fauore, ductu
131 696 516 725 Confiſi, ad iuga adire ameniora
129 725 511 758 Parnaſi valeant, ſacroſque fontes
128 754 558 785 Plenâ haurire manu, & ibne doctis
130 784 516 814 Quæ ſunt vatibus antra di dicata;
128 815 582 847 Spectare & choreas ſacras, horumque
128 845 594 873 Vatum augere bonorum, & huc & relati
128 874 467 904 Immortale ſibi ſuæque genti.
127 904 496 930 Nomen conciliae, & inter aſtra
127 931 503 961 Inſertate caput ſtupente Momo.
126 960 553 994 Sed iam vo, pueri, adloquor. politis
126 990 502 1025 Qui me ſponte tabellulis priores
124 1020 502 1049 Prouocaſtis inertem, & otioſam
123 1050 530 1080 Adſperſamque ſitu lyram, vocaſtis
126 1079 490 1111 Tacto pectine grata nutuarum
122 1108 493 1137 Ad ceriamia cantiiarum,
724 1149 793 1173 Ias
