872 1312
344 64 509 86 A . III
78 100 394 130 ous Laſcaris ille ſingulari
78 132 440 165 Præſtans ingenio, erudition,
79 162 541 191 Præſtans moribus, vſqu qs tcas
83 191 454 222 Olim ſuetus erat venie u des,
80 221 554 249 Longum eum patre colioquique t ox,
83 250 481 281 Cum vos vix pueri. ſupore barbæ
83 281 476 309 Græci Herois, in obuios parentis,
83 310 448 334 Nutricisue ſinus ceacti amatæ,
84 340 580 370 Confirmati anmuum pru per, hnd plus
84 370 499 398 Barbam & canicie hoſpiti Pelaigi
85 401 518 429 Miraremini v etque, qu. parentem
88 429 564 458 Tali cum ſene congrei had verentems
83 460 506 489 Ille, inquam, pater elegantiarum-,
84 489 476 518 Atque idem pater eruditioaum,
85 518 467 547 Quem Salmonius indicauit iſte
83 549 536 576 Mecum indiiduo reuinctum amore,
82 579 473 608 Ad me mittere literas frequenter,
82 608 521 636 De quo & carmina veſtra ſciſcitantur,
85 637 479 667 Soſpes viuit adhuc, eumque terra
83 665 566 697 Vincentina habet, atque habebit vſques
83 696 434 725 Dum preſſo Italici furore belli
84 726 494 755 Ili ad nos liceat receptum habere
84 757 549 787 Tutum, & Galliam a dire cis pericluma
83 787 515 817 Atque hoc vtinam breui voluntas
84 817 475 846 Summi perficiat Iouis, mihique
82 846 520 876 Votis omnibus, omnibuſque dudum
85 876 506 906 Optatum precibus ſidelem amicum,
83 905 575 935 Doctorem eximium, hoſpitemque caru,
85 936 421 958 Vitæ dimidium meæ, reducat
86 964 493 993 Sano corpore; nec mihi modo vni,
85 993 599 1023 Sed multis quoq, qui precantur ipſum hoc
82 1022 469 1052 Ipſum hoc ſi mihi Iupiter perenti
83 1053 494 1078 Concedat, facil omnium meorum
83 1083 446 1112 Expleri cumulum peritionum.
83 1110 554 1142 Coaccdi mihi quas velim hs in orbe
689 1145 752 1168 Na
