<PcGts xmlns="http://schema.primaresearch.org/PAGE/gts/pagecontent/2017-07-15" xmlns:xsi="http://www.w3.org/2001/XMLSchema-instance" xsi:schemaLocation="http://schema.primaresearch.org/PAGE/gts/pagecontent/2017-07-15 http://schema.primaresearch.org/PAGE/gts/pagecontent/2017-07-15/pagecontent.xsd"><Metadata><Creator>User123</Creator><Created>2020-04-19T01:00:16</Created><LastChange>2020-04-19T01:00:16</LastChange></Metadata><Page imageFilename="0762.png" imageHeight="1312" imageWidth="872"><TextRegion id="r0" type="paragraph"><Coords points="1,1 870,1 870,1310 1,1310"/><TextLine id="r0_l001"><Coords points="117,1 117,16 208,16 208,1"/><TextEquiv index="1"><Unicode></Unicode></TextEquiv></TextLine><TextLine id="r0_l002"><Coords points="344,64 344,86 509,86 509,64"/><TextEquiv index="1"><Unicode>A . III</Unicode></TextEquiv></TextLine><TextLine id="r0_l003"><Coords points="719,70 719,93 760,93 760,70"/><TextEquiv index="1"><Unicode>s</Unicode></TextEquiv></TextLine><TextLine id="r0_l004"><Coords points="78,100 78,130 394,130 394,100"/><TextEquiv index="1"><Unicode>ous Laſcaris ille ſingulari</Unicode></TextEquiv></TextLine><TextLine id="r0_l005"><Coords points="440,136 436,132 78,132 78,160 363,161 375,165 440,165"/><TextEquiv index="1"><Unicode>Præſtans ingenio, erudition,</Unicode></TextEquiv></TextLine><TextLine id="r0_l006"><Coords points="541,162 489,162 480,164 476,167 378,167 363,162 79,162 79,190 85,191 541,191"/><TextEquiv index="1"><Unicode>Præſtans moribus, vſqu qs tcas</Unicode></TextEquiv></TextLine><TextLine id="r0_l007"><Coords points="454,221 454,193 392,194 388,196 364,196 357,193 346,192 83,191 83,220 433,222"/><TextEquiv index="1"><Unicode>Olim ſuetus erat venie u des,</Unicode></TextEquiv></TextLine><TextLine id="r0_l008"><Coords points="554,223 534,223 527,221 495,221 488,223 80,221 80,249 554,249"/><TextEquiv index="1"><Unicode>Longum eum patre colioquique t ox,</Unicode></TextEquiv></TextLine><TextLine id="r0_l009"><Coords points="83,250 83,281 481,281 481,250"/><TextEquiv index="1"><Unicode>Cum vos vix pueri. ſupore barbæ</Unicode></TextEquiv></TextLine><TextLine id="r0_l010"><Coords points="83,281 83,309 476,309 476,281"/><TextEquiv index="1"><Unicode>Græci Herois, in obuios parentis,</Unicode></TextEquiv></TextLine><TextLine id="r0_l011"><Coords points="83,310 83,334 448,334 448,310"/><TextEquiv index="1"><Unicode>Nutricisue ſinus ceacti amatæ,</Unicode></TextEquiv></TextLine><TextLine id="r0_l012"><Coords points="84,340 84,370 580,370 580,340"/><TextEquiv index="1"><Unicode>Confirmati anmuum pru per, hnd plus</Unicode></TextEquiv></TextLine><TextLine id="r0_l013"><Coords points="84,370 84,398 499,398 499,370"/><TextEquiv index="1"><Unicode>Barbam &amp; canicie hoſpiti Pelaigi</Unicode></TextEquiv></TextLine><TextLine id="r0_l014"><Coords points="518,401 85,401 85,426 90,426 95,429 224,429 253,427 276,429 518,429"/><TextEquiv index="1"><Unicode>Miraremini v etque, qu. parentem</Unicode></TextEquiv></TextLine><TextLine id="r0_l015"><Coords points="564,431 120,429 112,433 99,433 94,438 88,441 88,458 564,458"/><TextEquiv index="1"><Unicode>Tali cum ſene congrei had verentems</Unicode></TextEquiv></TextLine><TextLine id="r0_l016"><Coords points="83,460 83,489 506,489 506,460"/><TextEquiv index="1"><Unicode>Ille, inquam, pater elegantiarum-,</Unicode></TextEquiv></TextLine><TextLine id="r0_l017"><Coords points="84,489 84,518 476,518 476,489"/><TextEquiv index="1"><Unicode>Atque idem pater eruditioaum,</Unicode></TextEquiv></TextLine><TextLine id="r0_l018"><Coords points="85,518 85,547 467,547 467,518"/><TextEquiv index="1"><Unicode>Quem Salmonius indicauit iſte</Unicode></TextEquiv></TextLine><TextLine id="r0_l019"><Coords points="83,549 83,576 536,576 536,549"/><TextEquiv index="1"><Unicode>Mecum indiiduo reuinctum amore,</Unicode></TextEquiv></TextLine><TextLine id="r0_l020"><Coords points="82,579 82,608 473,608 473,579"/><TextEquiv index="1"><Unicode>Ad me mittere literas frequenter,</Unicode></TextEquiv></TextLine><TextLine id="r0_l021"><Coords points="82,608 82,636 521,636 521,608"/><TextEquiv index="1"><Unicode>De quo &amp; carmina veſtra ſciſcitantur,</Unicode></TextEquiv></TextLine><TextLine id="r0_l022"><Coords points="85,637 85,667 479,667 479,637"/><TextEquiv index="1"><Unicode>Soſpes viuit adhuc, eumque terra</Unicode></TextEquiv></TextLine><TextLine id="r0_l023"><Coords points="833,641 833,683 870,683 870,641"/><TextEquiv index="1"><Unicode></Unicode></TextEquiv></TextLine><TextLine id="r0_l024"><Coords points="566,665 529,665 525,667 501,668 460,667 368,669 117,668 90,666 83,667 83,694 103,694 124,697 566,697"/><TextEquiv index="1"><Unicode>Vincentina habet, atque habebit vſques</Unicode></TextEquiv></TextLine><TextLine id="r0_l025"><Coords points="434,698 124,698 114,696 83,696 83,723 105,723 114,725 434,725"/><TextEquiv index="1"><Unicode>Dum preſſo Italici furore belli</Unicode></TextEquiv></TextLine><TextLine id="r0_l026"><Coords points="84,726 84,755 494,755 494,726"/><TextEquiv index="1"><Unicode>Ili ad nos liceat receptum habere</Unicode></TextEquiv></TextLine><TextLine id="r0_l027"><Coords points="84,757 84,787 549,787 549,757"/><TextEquiv index="1"><Unicode>Tutum, &amp; Galliam a dire cis pericluma</Unicode></TextEquiv></TextLine><TextLine id="r0_l028"><Coords points="83,787 83,817 515,817 515,787"/><TextEquiv index="1"><Unicode>Atque hoc vtinam breui voluntas</Unicode></TextEquiv></TextLine><TextLine id="r0_l029"><Coords points="475,818 84,817 84,843 93,844 166,846 475,846"/><TextEquiv index="1"><Unicode>Summi perficiat Iouis, mihique</Unicode></TextEquiv></TextLine><TextLine id="r0_l030"><Coords points="520,846 82,846 82,874 205,876 520,876"/><TextEquiv index="1"><Unicode>Votis omnibus, omnibuſque dudum</Unicode></TextEquiv></TextLine><TextLine id="r0_l031"><Coords points="506,876 85,876 85,902 104,904 205,906 506,906"/><TextEquiv index="1"><Unicode>Optatum precibus ſidelem amicum,</Unicode></TextEquiv></TextLine><TextLine id="r0_l032"><Coords points="622,912 618,910 611,910 608,908 607,905 559,905 553,907 265,906 205,907 83,905 83,933 150,935 622,936"/><TextEquiv index="1"><Unicode>Doctorem eximium, hoſpitemque caru,</Unicode></TextEquiv></TextLine><TextLine id="r0_l033"><Coords points="85,936 85,958 421,958 421,936"/><TextEquiv index="1"><Unicode>Vitæ dimidium meæ, reducat</Unicode></TextEquiv></TextLine><TextLine id="r0_l034"><Coords points="86,964 86,993 493,993 493,964"/><TextEquiv index="1"><Unicode>Sano corpore; nec mihi modo vni,</Unicode></TextEquiv></TextLine><TextLine id="r0_l035"><Coords points="599,993 374,995 156,995 85,993 85,1020 103,1023 599,1023"/><TextEquiv index="1"><Unicode>Sed multis quoq, qui precantur ipſum hoc</Unicode></TextEquiv></TextLine><TextLine id="r0_l036"><Coords points="469,1024 155,1025 103,1024 93,1022 82,1022 82,1051 88,1052 469,1052"/><TextEquiv index="1"><Unicode>Ipſum hoc ſi mihi Iupiter perenti</Unicode></TextEquiv></TextLine><TextLine id="r0_l037"><Coords points="83,1053 83,1078 494,1078 494,1053"/><TextEquiv index="1"><Unicode>Concedat, facil omnium meorum</Unicode></TextEquiv></TextLine><TextLine id="r0_l038"><Coords points="83,1083 83,1112 446,1112 446,1083"/><TextEquiv index="1"><Unicode>Expleri cumulum peritionum.</Unicode></TextEquiv></TextLine><TextLine id="r0_l039"><Coords points="554,1110 482,1110 405,1113 93,1112 87,1115 83,1115 83,1142 554,1142"/><TextEquiv index="1"><Unicode>Coaccdi mihi quas velim hs in orbe</Unicode></TextEquiv></TextLine><TextLine id="r0_l040"><Coords points="689,1145 689,1168 752,1168 752,1145"/><TextEquiv index="1"><Unicode>Na</Unicode></TextEquiv></TextLine></TextRegion></Page></PcGts>