872 1312
354 68 558 94 GERMANI
123 105 551 138 Nam quando ambitione iam reuulſa
123 136 515 166 Prorſus ex animo meo, amplioris
124 167 478 197 Fortunæ nihil ipſe concupiſco
126 194 579 227 Sorti adiungier huic. voloque conſans
126 228 479 251 Hac in conditione victitareA,
123 253 638 285 Eam ſecurus opum omnium atque honerum
126 283 551 315 Maiorum ; cupioque quod ſuperſtat
127 316 582 344 Vitæ, inſutmere Apollinis nouemque-
127 343 562 371 Muſarum in ſtudiis, & adplicare hanc
128 373 500 401 Mentem ſructibus otii legendis
129 402 583 435 Eius. quod colui hactenus, colamque
130 432 517 463 Donec ſpiritus hic nihi manebit.
130 460 569 492 Quando ergo ambitione am reuulſa,
131 489 585 518 Tale eſt couſilium meum, inſidetque
133 518 642 545 Decretum hoc animo huic rexum, amaba
125 549 614 583 Quid maius mihi, quid prius petendum?
132 580 527 612 Quæ fortuna beatiorue, quæ ſors
129 610 444 640 Eoptatior ohuenire poſſit
131 640 490 663 Votorum rationibus meorum,
133 669 597 700 Quam captum ſtudio Aticæ Camœn,
132 699 506 730 Quæ me iam ſibi vindicauit vna.
132 728 516 758 Conſetudine Laſcaris ſueta,
131 757 519 787 Iamdudum mihi, poſſe perfruiſci
133 788 553 818 Vitæ tempus in omne poſt futuræ:
132 817 648 848 Inque hunc qui mihi alumnus in iuenta,
134 847 535 878 Quique idem fuit inſtitutor, ipſas
132 877 449 907 Alterni ofcii vices locare,
133 907 547 936 Defectiſque ſenem fouere in annis,
132 938 508 965 Gratæ more ciconiæ recepto
134 965 617 994 Cui vni non modo vita ſpirituſque hic
134 995 550 1025 Debent omnia, ſed vel vtriuſque
134 1026 601 1056 Nobis copia quantacumque linguæ eſt;
134 1055 522 1085 Noſtros interea fauos replentem
134 1085 520 1115 Mellis dulciculo Attici liquore
135 1114 478 1146 Stillato ſenis ore deliquentis
766 1140 829 1166 Sd
