872 1312
326 70 546 92 GERMANI
118 106 516 134 Paucis carminibus repumicandis;
120 134 491 162 Huic vix ſecula ſint ſatis Sibyllæ.
117 164 502 194 Tecum hæc liberius, diſerte Brixi,
117 193 496 224 Fortaſſe obſtreperus reflagitator,
119 223 542 249 Conſuetudine fretus atque amore
118 252 489 281 Qui nos glutine mutuo ligauit.
119 280 548 307 Sed non tam obſtreperus reflagitator-
119 309 550 340 Quim tu durus & improbus negator.
348 340 524 359 Briius Mſacrino.
119 366 566 391 Et Stentor mihi Homericus, Macrine,
119 397 541 425 Idem & Neſtor es. optimum poetam
119 425 540 452 Iam te, non etiam optimum ſciebam
121 454 506 484 Oratotem, agis ipſe dum ſuades,
120 482 557 513 Et quaſcumque lubet meum reflectis
122 513 494 541 Iu parteis animum.: Suada tanta
114 542 491 566 Iſtis inſidet hinc & ine labris;
114 572 478 600 Eceſtoque ſuo Venus loquenti
114 600 543 627 Fundit tot Charites, tot & Lepores,
120 629 532 659 Monenti vt tibi paream reluctans;
120 659 495 688 Sitque audire tuis mihi neceſſe
120 688 558 710 Tandem hortatibus. Exit Antimorus
119 717 494 745 In lucem auſpicio tuo, & per ora
121 745 559 772 Naſutorum hominum audet euolare,
120 775 447 799 Nares nil faciens ſeueriores,
120 806 554 832 Spernens rhinocerotas & cachinnos,
120 833 531 863 Promittit ſibi dum tuum fauorem,
120 862 543 891 Dum punctum ſibi pollicetur abs te.
119 892 519 918 Tu vero licet, o Macrine, ſummus
122 922 453 950 Orator ſimul & reflagitator.
117 950 517 979 Improbiſſimus, haud reflagitando
121 980 587 1010 Orandoque, meo Antimoron vnquam
113 1010 536 1035 Annos ante nouem ſinu, valebas
121 1038 477 1069 Ecuſſiſſe, foraſque protuliſſe;
125 1069 518 1098 Quando protinus interit poema,
122 1098 537 1127 Quod non mula dies, litura multa,
735 1122 814 1155 Sup-
