872 1312
303 94 483 126 BRIIII
69 126 492 159 Suppreſſum arcuit. & pedes ineſſe
68 159 505 189 Tardos ipſe mihi volo, haud fugaces
69 189 436 218 Sed me compulit Antimorianos
70 218 437 246 Verſus edere, perditum quod iri
69 246 463 276 Inuenti venerem mei verebar,
69 275 471 304 Tardanti nimiumque ſupprimenti.
72 304 546 333 Quando ſcommata gratiam adſequuntur
72 335 489 363 Sola hæc, quæ fuerint ſtatim retorta.
315 363 394 384 Lectori.
68 392 421 418 Lector candide, ſi vacat, ſerena
68 422 504 450 Nobis lumina commodes, precamur,
68 451 495 481 Atqueaures ſimul adplices benignas,
70 480 512 510 Tantiſper tibi dum poema lectum hoc.
67 509 436 537 Paruoe carmine, ſedulo legenti,
68 539 474 569 Spero, megna aderit tibi voluptas.
68 568 486 595 Scripſi Chordigeræ & Regentis lla
68 596 513 622 Francorum ratis, hæc fuit Britannum
69 625 543 655 Pugnam in æquore, mutuaſqu ſlammas.
69 655 529 685 Nec quemquam mea Muſa prouocauit,
71 685 428 712 Oliuam mediis gerens in armis.
69 714 415 736 At Morus tamen ore virulento
70 742 486 772 Dum Mori induit vnus atque Mori
67 772 466 800 Perſonam ſimul, & locurionem
69 801 514 831 Carmen dilacerat meum haud petitus,
67 831 420 860 lgnotuſque mihi ſibique vates.
68 858 545 889 Qui quamquam, vt facile eſt tibi videte
61 889 429 916 Ex inſulſi hominis proteruitate,
70 918 387 942 Infitmæ ſimilis cani latrare,
68 945 489 974 Non mordere etiam ac nocere poſſit,
67 976 416 1004 Et conuitia iacta per malorum
67 1003 547 1033 Linguas. non minuunt bonis, ſed agent
68 1034 502 1062 Famam ſapius, integrantque nomen
68 1062 531 1090 Vt ſi palmam oneres, premaſque contra,
69 1091 451 1121 Hæc obnititur, altiorque ſurgit.
66 1121 460 1150 Reſpondre tamen decens putaui,
693 1158 731 1172 al
