872 1312
296 74 579 102 GERMANI
142 87 187 110 o
153 116 497 145 Tui luminis æquitate, & auris
155 145 488 173 Caſtitate tuæ, meæque ſolum
834 160 869 188 s
155 173 518 202 Fretus robore viribuſque cauſſæ
242 204 723 232 In Thomam Morum, hordigeræ calumniatorem,
392 235 569 260 Antimorus, ſilua.
157 256 635 288 Me nimium veteres dicis redolere poetas:
834 277 870 304 s
188 290 635 317 Nim rum hoc de te dicere nemo poteſt.
157 317 659 347 Nam quæ effudiſti, niſi fallor, carmina, vates
191 348 640 375 Hos redolent, tua quos protulit Vtopia.
158 374 760 404 Quam bene, quæ breuis eſt, tibi ſit producta canenti?
187 404 666 433 Et quæ longa, tamen ſyllaba curta tibi eſt?
158 433 685 462 Has tibi præſcribis, qui ſcribis carmina, legesi
190 462 596 490 Vſurpas tales, belle, pocta, modos?
158 491 749 520 In mediâ curſor quando vnquam vincat arena,
190 520 626 549 Qui toties pedibus claudicet ipſe ſuis?
157 549 638 576 Qum te multa pedis latuere errata Latini,
190 578 550 600 Inuenies libri calce notata mei.
833 597 870 626 u
158 606 780 639 Sunt quoque plura eadem, quæ nunc intacta relinquo;
189 636 669 663 Nam criticum in nugis me pudet eſſetuis.
158 663 665 694 Verſificatorem quis te non dixerit Anglum,
838 687 870 713 h
187 693 685 724 Cui numerus numero pangitur abſque ſuo?
844 713 870 734 i
157 720 666 750 Vt ſileam & fœdos lapſus, quos nulla Latinæ
833 744 870 773 u
187 749 622 778 Suſtinuiſſe queat regula Grammaricæ.
843 773 870 793 i
154 778 711 808 Quippe ſolæciſmis paſſim tua carmina abundant
829 801 870 829 i
186 808 668 837 Pluribus, exundet quam mare fluminibus.
146 838 706 869 At numerare tropos, & ſchemata barbara, quæq;
183 867 706 900 Scomm ata nil Graium, nil Latiale ſonant,
836 862 869 880 s
832 890 870 918 u
153 895 727 927 Tam facile eſt, qum ſi numeres vel gramina veris,
184 923 608 952 Vel folia Autumni, poma vel Alcinoi.
152 951 680 983 Chordigerâ e xcuſſa, ſi quid me tale monebis;
831 948 869 976 Q
180 981 621 1011 Debebo monitis tempus in omne tuis.
831 977 869 998 un
150 1010 706 1041 Hec te vnum cffendunr verſus mendacia noſtrig
835 1033 869 1062 s
181 1040 632 1070 Lectoem c ffendit menda pudenda tui.
152 1069 709 1102 O lep dum caput hau ſua dat figmenta poetis,
840 1066 870 1092 u
834 1092 867 1119 s
178 1098 643 1126 gs hos carcenbus continet hiſtoricis.
725 1130 803 1161 cquid
