872 1312
357 68 576 95 GERMANI
172 106 644 136 Nicoclem Iſocrati ſcripta vetuſta ferun.
144 135 625 164 Scilicet Henricus numeroſi carminis ergo,
173 165 556 194 Donauit Moro mille talenta ſuo.
145 194 765 224 Ten decet, , tibi inacceſſum conſcendere pontum?
174 223 654 251 Credereque ignotis vela ratemque vadis?
143 252 601 280 gnoras, pelagi mediis impingere ſaxis,
176 280 653 310 Qui neſcit fragilem quâ regat arte ratem?
145 309 606 337 Qui ſi forte putas, cuiuslibet eſſe, poema
174 339 590 366 Pangere, & Aonias ore ſonare Deas;
143 366 661 390 Falleris. altiſonâ non ſunt niſi voce canendæ.
175 396 573 419 Nec niſi Peliden Pelias haſta decet.
144 425 717 453 Quod ſi adeo Henricus, Latiæ cui aura Camœnæ,
176 453 557 483 Guſtaſſet fontis poeula Caſtalii,
145 481 671 512 Carminis vt poſſet dignoſcere crimina; rebus
178 510 634 540 Eſſet conſultum quam male More tuis ?
146 540 678 569 Contuſumque caput pugnis tot Cherilus olim
176 570 679 595 Inculti obnumerum carminis haud habuit,
143 597 711 627 Quot rex iſte tuum contunderet. ecquis enim rex
176 625 626 655 Qui ſapiat, vatem tam ferat inſipidum?
145 656 663 685 At non verba, inquis, debet, ſed ſenſa, poeta
174 686 623 715 Quærere, Soeraticis eruere eque libris.
148 713 688 741 Scilicet inſpectus ſcopus hic fuit, hæe ratio vna
175 743 699 772 Cantanti Henricum, More, tibi vſque placet.
145 770 656 802 Nam cur non placeat? cum te ſapientius vno
174 800 603 830 Laudandi partes nullus obire queat?
143 828 739 860 Ecquid enim Henricum dum vis extollere Olympo,
171 857 616 889 Laudibus & laudes adcumulare putas;
142 885 758 919 Tum demum Henrici infamas laceraſque parentem,
171 915 659 947 Vt cui æqui ac legum non fuit vllus amor?
139 944 640 974 Anglia quo regnante iugum ſeruile ſubiuit?
171 974 657 1000 Per quem & mercator aduena ſeruus erat?
140 1000 715 1034 Idque agis, Henricum adfatus, quo ſcilicet aurem
170 1029 599 1063 Titilles nai valdius, atque animum?
139 1059 740 1091 Suauidice o vates, ten Rhetorices Maro partem hanc
166 1089 608 1116 neam Anchiſæ dum canit edocuit?
725 1122 798 1155 An vel
