872 1312
356 89 517 112 DRIIII.
87 124 666 156 An vel Mœonius ſcriptor, dum cantat Vlſſ m?
124 157 592 186 Vel dum Pelidæ magnanimi acta refert?
87 185 614 215 Magna pio eſt nato, ſi neſcis, More voluptas,
87 214 612 242 Cum ſe patre audit progenitum eſſe bhono
100 244 581 273 Nec melius natum poſſis laudare, parenti
124 273 583 302 Quam ſi addas laudes attribuaſque ſuas.
100 302 532 332 Atformidaſti, puto, ne præconia patri
124 332 545 357 Addita, denati nomine detraherent.
99 360 640 390 Olaudatorem condum, minimeque profuſum,
125 391 631 419 Cuius ab ore cadunt pauca, ſed apta tamen
98 421 713 449 Iure etenim, oranti quondam quæ munera Homerus
125 449 536 478 Attridæ tribuit, ſunt tribuenda tibi.
87 477 597 506 Facundo potius quam quæ concedit Vlyſſi,
127 507 535 536 Cui paria hybernæ verba fuere niui.
87 535 541 562 Pellæus vetuit ne ſe, niſi ſolus Apelles,
126 566 631 594 Pingeret: hoc ſtudium corporis ille habuit.
87 587 711 623 Tune animum Henrici depingere magnanimi audes
128 624 577 652 Regiaque inceſtâ ſceptra ſacrare manu?
86 648 637 682 Materiam ingenio prudens quam deligit auctor
125 680 677 711 Comparat, æqua humeris pondera fertque ſuis,
87 710 651 740 Haud alios, quam conſimiles tibi, More, poetas,
125 741 498 765 Exturbare ſuâ debuit vrbe Plato,
87 770 586 799 Quorum carminibus non adriſere ſorores,
126 800 612 828 Nec Dea præſtiterit, nec Deus vllus opem.
97 828 654 856 Magnus Alexander felicem adclamat Achillem,
87 856 593 887 Mœoniam nactus quo foret ille tubam.
96 885 630 913 Principis Henrici fatum heu lacrimabile, cuius
87 914 513 944 Virtutem efferri contigit ore tuo.
87 943 587 973 Eleuat elumbis vates quos tollit, & addunt
126 973 597 1000 Splendori tenebras carmina. ſi mala ſunt.
86 1000 628 1031 Quam metuo tibi, More? etenim ſi ſenſerit ille
124 1030 606 1059 Frigida quam in laudes ſit tibi Muſa ſuas,
87 1060 601 1093 Ilicet actutum mediis te expellet ab Anglis,
126 1089 534 1117 Et migrare tuam coget ad Vtopiam.
87 1114 578 1146 u Nec miſero exilium ontinget tale poetæ
693 1149 754 1177 -
