872 1312
356 73 578 95 GERMANI
174 109 614 137 Quale olim ſummo contigit hiſtorico,
143 138 703 166 Expulſum patriâ quem mox reuocaſſe feruntur
173 168 611 196 Linguæ admirati munera Cecropidæ.
142 196 734 227 Prætereo & titulum quo dum offers carmina Regi
172 226 627 254 More, tuam excuſas, ingenioſe, moram.
143 253 649 282 Verſiculos, inquis hos illuſtriſſime Princeps
172 283 589 310 Quam deceat, fateor, ſerius exhibeo.:
140 312 708 343 Pictori ornandos dederam: aſt vbi pingere cœpit,
171 341 669 369 Huic mox corripuit ſæua podagra pedem.
142 370 736 400 Inuentum o lepidum & regalibus auribus aptuml
171 400 642 425 Dædalus hoc tene, an Mercurius docuit?
140 427 721 459 At, puto, pictorem nunquam eſſet adorta podagra,
173 457 595 481 Is niſi tractaſſet carmina, More, tua:
142 486 722 516 Quæ ſimul ac tetigit quando paſſim illa lababant,
171 516 639 545 Vt quibus ægri eſſent inualidique pedes
117 545 649 576 Actutum nocuit morbi contactus, & illum
170 574 610 602 Compedibus vinxit dira podagra ſuis.
116 600 730 633 Quod ſi qua me forte mei, dum carmina canto hæc,
140 632 615 663 Poplite ſucciduo deſtituere pedes,
117 658 732 692 Carminis ipſa tui dedit hoc contagio, quamquam id
117 690 622 719 Non niſi ſupremis contigerim articulis.
137 719 679 747 Quinetiam & Græcos potis es traducere verſus,
165 749 550 772 Et condire iſtis Atiica mella fauis.
135 777 691 807 Qam bene ſit menſura pedis tibi cognita Graii,
166 807 582 835 Nimirum e Latiis arguis ipſe modis.
134 835 692 867 Nam reliqua vt ſileam vocis commiſſa Pelaſgæ;
166 864 605 889 Inſula Cretenſis non tibi facta breuis?
133 893 796 925 Cum non longa modo, ſed & hæc Hecatonpolis olimu
167 923 608 952 Extiterit, veri ſi quid Homerus habet.
133 952 756 979 Haud tamen abiicere hinc animum te, More, iubemus:
165 980 550 1011 Etrare humani ſcilicet ingenii eſt.
128 1009 702 1042 Iſequere, & miſerare inopes, quos Græcia linguæ
160 1039 544 1069 Indignos opibus cenſuit eſſe ſuæ.
129 1068 578 1100 His non inuideas diuina poemata vatis
155 1098 561 1125 Mæonii numeris facta Latina tuis;
757 1131 783 1154 t
