872 1312
327 83 492 105 BRIII.
78 114 609 150 Vt miſeris per te liceat cognoſcere tandem
105 151 655 181 Quod nondum licuit, quantus Homerus erat;
90 179 640 210 Quamque omnes longo præuerterit interuallo,
118 208 630 240 Græcia quos peperit, quos peperit La:tium.
77 237 608 267 More, tibi poteras beneconſuluiſſe, dicaſſes
120 267 529 297 Harpocratis ſacris ſi tua ſcripta Dei,
78 295 584 328 Nec non Rheginas imitatus gerro cicadas,
119 326 580 357 Sancta admiſiſſes dogmata Pthagoræ.
78 355 552 381 Tu vero licet illa ſcias tecum emoritura.
119 384 639 415 Tam longam poterunt ſi tolerare moram
78 411 652 447 Hoc tamen in præſens ſtupidis imponere gaudes
120 443 562 473 Nomine, gloriolæ captus amore leuis.
78 473 619 503 Et tibi permagnum eſt, vulgi venarier auram
78 502 595 533 Interea, & fumos combibere aure meros.
78 530 651 563 Si ſaperes, ſaperent correptos mordicus vngues,
117 561 567 591 Et pluteum cæſum carmina, More, tua.
78 581 676 618 Vrſa tibi exemplo eſt, catulos quæ lambere, & ilios
119 617 524 646 Hoc ſtudio informes effigiare ſolet.
77 645 691 679 Maturanda quidem eſt, non præcipitanda Camœna.
118 678 604 701 Debet & autumnos hæc tolerare nouem.
89 697 694 737 Sunt quæ & nugamur, ſunt & quæ ludimus, & ſunt
119 733 605 768 Quæque facit riſus carmina quæque iocus.
89 763 635 796 Non niſi quæ bona ſunt, bonus euulgare poeta
118 790 609 822 Curat, cui famæ eſt curaque amorque ſuæ.
89 820 583 853 Adde, quod auctori ſuæ conſeruare volenti
100 848 595 883 Singula. depereunt omnia ſeripta ſimul.
78 877 598 913 Carminis & nitor, & numeri præſtantia, vati
121 908 582 934 Adiiciunt famæ nomina, non cumulus.
78 930 672 970 Marſus Amaonnidos numeroſa volumina ſcripſit,
120 967 515 997 Perſius exiguis verſibus egit opus.
78 990 622 1028 Hic tamen arctato cum codice viuit; at illum
121 1022 601 1055 Gloria tam magni eſt nulla ſecuta operis.
78 1049 719 1089 Qui ſapiunt hominum reliquum genus, ordine viuunt.
122 1079 664 1116 Sint ſine quo ad primum cuncta reducta chaos.
78 1111 649 1148 Nam prius ediſcunt formare & fingere vocem,
705 1137 752 1158 Et
