872 1312
353 75 572 98 LMANI
172 111 612 139 Et ene compactis verba referre ſonis:
141 139 716 170 Auſint quam prodire palam, & vulgareloquendo
171 170 580 199 Errorem linguæ barbariemque ſuæ.
141 199 741 230 Communem ad normam tibi viuere diſplicet, & qui
172 227 643 256 Omnibus eſt nus, non placet ordo tibi.
140 254 658 284 Pingere vis verſus, & ſingere carmina inepte,
140 284 615 313 Nondum perdoctus carminis effigiem.
140 311 643 343 Ad ſacra Mauortis non eſt accedere tutum,
171 342 652 364 Cui non ſunt habiles ad fera bella manus.
140 370 740 400 Palladis & Phœbi ſacra ſancta, nouemque ſororum
167 400 640 427 Anne tibi cenſes eſſe verenda minus?
140 428 624 459 Vulgaſſet ſi quis Cereris myſteria, crimen
170 458 576 487 Purgabat capitis non niſi ſupplicio.
138 485 674 516 Non vulgas modo, cotrumpis mvſteria Phœbi.
170 516 612 544 Quæ tua delicto huic pœna ſatisfaciat:
122 539 676 573 Atque adeo, ſi Diis placet, emunctiſſime vates,
170 573 641 604 Auiſus es Andream carpere neſcio quem,
121 601 737 633 Qui dum perſtringit numeroque & carmine faſtos,
167 632 644 660 Se negat adſtringi carminis ad numerum.
126 659 682 694 Id tamen errati tecum eſt commune, niſi quod
121 685 609 720 Conſcius ille ſui eſt, neſcius ipſe tui es.
137 716 681 750 O ſine fronte hominem, tene exprobrare ſodali
167 747 655 779 Crimina, quæ redeant in caput ipſa tuum?
135 775 629 808 Non commiſiſſes tam fœda piacula, amicis
164 804 545 835 Si commiſiſſes ante legenda tuis.
134 823 678 869 unſtallus, Paceuſque tibi, tibi Linacrus, & qui
163 863 620 891 Ante alios Morum curat, Eraſmus erat.
133 890 586 925 Trina Caledoniæ tres illi ſidera gentis;
162 922 638 955 Quartus Rhenani lumen honoſque ſoli
131 948 695 985 Culti omnes doctique viri, quorumque decebat
163 977 593 1007 Ad trutinam verſus te reuocare tuos.
128 1006 793 1046 Namque nec altiloquum puduit quandoque Maronems M
159 1036 494 1065 Iudicium Vari conſuluiſſe ſui.
128 1064 569 1101 Naſonique tuo recitaſti ſæpe Properti,
158 1095 592 1129 Quos tibi dictarat Cyvnthia verſiculos.
721 1134 801 1165 Qii-
