872 1312
319 74 481 98 BRIII.
707 73 782 110 a
89 110 635 141 Quinetiam & tabulas, pictorum gloria Apelles,
2 139 40 169 s
118 141 544 170 Sæpe reformauit iudicium ad populi
88 170 622 200 Atque adeo, ſi parua licet componere magniss.
118 200 574 230 olim etiam ſi quid noſtra Thalia queat,
1 221 567 256 Hæc vulgi non ante errare per ora fueuit,
119 258 537 287 Quâm ſit amicorum ſubdita iudiciis.
1 286 608 322 tEſt mihi Budæus, quo non præſtantior alter,
119 316 612 345 Lingua Latina tibi, ſeu mage Græca placet.
1 346 603 375 t Eſt& Franciſcus, per quem ſuprema Senatus
119 375 531 404 Curia Parrhiſiis tollit ad aſtra caput.
1 381 46 416 rs
91 402 598 433 Illorum ad ſpeculum ſeſe componere noſtra
118 432 549 462 Aſſolet, & vultus fingere Muſa ſuos:
90 461 622 490 Muſa prius Veneti per amœnas gurgitis vndat
119 490 574 519 Auſpice Mopſopios Laſcare docta ſales.
30 520 591 550 At vero tibi ſunt vni tibi pulcra, placentque
118 549 599 579 Plus ſcio, qumpoſſunt illa placere bonis.
1 568 618 607 : Sic proprios fœtus plus Simia, plus & Aſellus,
827 582 869 608 i
120 606 580 637 Vtraque deformis beſtia, amare ſolent;
1 620 649 671 Cetera quam ſoleant, quæ ſunt animaa paſſim,
120 665 564 693 Siue ea terra ferat, fiue ea pontus alat.
2 683 688 725 Adde, quod & proprios nonnunquam Simia fœtus,
1 718 51 746 t
119 722 620 753 Immodico amplexu dum fouet, ipſa necat.
800 719 869 749 ,
31 750 632 783 Iuſſerat emoriens ſlammis Maro carmina dedi,
826 751 869 771 s
828 770 869 784 u
122 780 633 813 Horrida qusis Martis arma virumque canit.
1 808 606 842 Nempe verebatur doctus ſapienſque poeta,
121 839 576 865 Ne foret excultum non ſatis illud opus.
32 863 590 898 Id tamen & vixit ſemper, viuetque poema,
120 897 615 927 Donec erunt ſupero Lunaque Solque polo
1 928 620 963 Viuis, & inunlgas morientia carmina, quæque
122 956 589 985 Nec legit hæc ætas, nec leget adueniens.
1 984 572 1017 At puto, formidas, cœpto ne fortelabore
122 1013 563 1039 Præuottat numeris mors inopina tuis:
2 1027 51 1045 B
3 1040 633 1074 .i Contingatque illis Veneri quod contigit olim,
123 1071 562 1100 Quæ fuerat Coæ cœpta labore manus.
54 1097 651 1133 Aut quod credo magis ne poſt tua funera vats
695 1128 750 1150 s-
839 1237 870 1259 ſ
