872 1312
344 72 558 94 GERMANI
157 107 606 137 Carmina forte aliquis vendicet iſta ſibi.
128 136 641 166 Quam foret o morus, ſi quis ſuccedere Moro
156 166 569 195 Vellet, & ingenii ſemina habere tui
126 195 638 222 Si numeros ſibi diuiderent, tua pignora, nati,
157 225 625 251 Non etiam nummos, te moriente, tuos;
123 251 628 281 Illis vel laqueo mors acceleranda, vel eſſet
156 281 526 305 Emendicatis vita trahenda cibis.
123 309 583 339 Ni foret adlapſus cœlo Piſiſtratus, audax
152 339 559 360 Mæonii adſertor carminis adueniat.
123 367 635 397 Atque tuos verſus, deluſus imagine, Homeri
152 396 565 424 Eſſe ratus, pretio vendicet ille dato.
123 425 647 450 Si nondum audiſti, Vidæ Leo Tuſcula ſummus
153 455 610 476 Proxima Romanis ruta habitanda dedit.
123 483 618 511 Heic vbi Phœbæus diuinia poemata vates
152 513 574 541 Cantat, & illuſtrat carmine Mæonio.
122 541 636 569 Cantanti reliquæ inſpirant Helicona ſorores:
149 570 555 599 Dictat perpetuos Calliopea modos
120 598 671 627 Concedit ttipodas Phœbus, lauroſque virentes;
149 628 556 656 Concedit ſacræ piectra canora lyræ.
119 656 613 685 A dextra circumſiliunt læuaque Napeæ,
149 686 682 716 Nymphæque & Dryades, & Venus, & Charites:
117 714 602 742 Faunique, Satyrique & capripedes Siluani,
144 743 682 771 Cumque his paſtorum Pan decus & nemorum.
118 771 698 802 Qui ſimul ad citharæ numeros vocemque canentis,
146 802 599 831 Euanteis renouant læta per arua choros,
113 828 627 859 Ipſa etiam ad eantus agitari arbuſta putares;
146 858 599 881 Ventilat arboreas tam leuis aura comas.
116 886 670 917 Valle ſub vmbroſa, tenui cum murmure labens,
143 917 570 947 lrriguæ excurrit riuus amœnus aquæ.
115 945 655 976 Cantantem excipiunt admiranturque poetam
143 973 551 1001 Vndique vicinis concita trba locis.
114 1001 680 1033 Pone latet Momus, qui quod mordere canentem
141 1032 647 1065 Non valeat, labrum mordet vtrumque ſibi.
114 1060 670 1094 Taliter in ſiluis quondam Rhodopeius Orpheus
141 1088 527 1124 Ad doctæ cecinit fila canora ytæ.
680 1112 781 1154 Debu-
