872 1312
324 84 472 105 BRIII.
709 90 755 109 A
90 118 624 152 Debueras pridem tua, More poemata ſumma
107 149 532 179 Pontiſicis doctis exhibuiſſe oculis.
48 178 586 208 Nam ſimul iſtius ſenſiſſet vocis honorem,
119 209 548 239 Audiſſetque oris claſſica tanta tui,
92 238 550 266 Scilicet exploſo Vida Leo maximus, vni
104 266 577 289 Tuſcula ſanxiſſet rura habitanda tibi
44 295 725 331 Hoc quoque nunc faceres, niſi quod præſtantia viſque
118 326 519 355 Ipſa tui ingenii non tibi nota ſatis;
91 354 615 385 More fremertis equi, qui ſi cognoſcere poſſet
119 385 621 415 Vis ſibi quanta inſit corporis atque pedis,
45 415 578 444 Seſſore excuſſo, indomitus ferretur aperto
119 444 545 473 quore, & aſſereret libera terga ſibi.
91 473 563 503 Magnus Alexander fuſo victoque Dareo,
120 502 578 530 Scriniolum arcanas repperit inter opes
90 530 652 559 Auratum, & multis radians hinc inde ſmaragdis,
118 561 531 591 Adſeruans ſuccos Regis odoriferos.
90 589 617 620 Atque aliis alios vſus monſtrantibus, & quod
1 621 45 643 s
119 619 539 648 Non niſi victorem tale deceret opus,
43 647 620 703 e-
1 705 530 741 At ſi te Magni genuiſſent ſæcla, fuiſſet
117 735 558 765 Perſica vel viuo capſa habitanda tibi.
804 729 870 764 l
44 758 594 800 Cauſſidicos olim Galli docuere Britannos;
119 795 575 824 Hoc tribuunt illis ſcripta Latina decus.
45 823 529 856 At vero tibi iam tritum ſi forte licebit
118 853 549 883 Ire iter, & cæptam continuare viam,
1 858 48 888 s
1 881 715 916 Nec linguam impediat tibi cura domeſtica vtramque
117 912 529 942 Ac peragat curſus illa vel illa ſuos,
90 941 613 968 Debebunt Graii, Latii, Gallique, Britannique
116 970 560 1000 Eloquium, More, vni tibi & ingenium:
48 998 628 1030 Quique bonas artes, vlla nondum arte retectas,
118 1028 540 1058 Edoceas populos quattuor, vnus eris.
1 1039 32 1067 -
1 1056 648 1092 Vnus eris, per quem Demoſthenis ac Ciceronis
118 1085 587 1115 Facundo incipient Rhetores ore loqui.
1 1098 587 1146 Vnus eris, per quem vatum præcordia facta
702 1143 750 1164 Eu-
