872 1312
327 84 531 108 CERMANI
143 121 600 153 Enthea, ſprabunt numen Apollineum.
111 152 635 180 Felices nimium, quibus hunc aduexerit olim
146 182 618 211 Splendidus aurato Phœbus ab axe diem.
114 211 715 240 Iam video, admonitus quotquot potes vndiq; mira
144 239 549 268 Per te diſperſos colligis arte libros:
112 268 589 298 Hoſq; repurgatis curas excudere mendis,
145 298 702 327 Calcographo impingens crimina, quæ tua ſunt.
116 328 589 357 Si potes, imponas aliis: imponere doctis
144 356 674 385 Non potes. has maculas non niſi ſcripror agit.
114 386 653 415 Me penes, atq; alios prima exemplaria ſemper
144 414 531 443 Extabunt lapſus exhibitura tuos.
114 444 768 474 Fac modo quod potes, haud poteris te abſtergere; non ſi
116 471 595 494 Tota eat in ſordes nuda Britanna tuas.
99 498 654 532 At tibi ne graue ſit cunctos percurrere næuos,
99 531 500 555 Diluat errores vna litura tuos.
99 556 673 590 Conſilium hoc melius nullus præſcribere poſſit,
99 588 593 620 Q tibi non ficto pectore amicus erit.
99 617 566 647 ADixilet, tua ſi legiſſet ſcripta Catullus,
145 646 601 679 Nulla in tam magno corpore mica ſalis.
99 674 697 713 Ac ſpes nulla quidem eſt olim fore, vt Aone aperto
144 705 557 737 Per iuga Pegaſeo ſacra veharis equo.
116 732 644 766 Cui ſemel Aoniæ clauſerunt templa ſorores,
143 763 682 797 Huic non vllo vnquam tempore aperta patent.
114 791 615 825 Si neſcis, faciunt Geniuſq; & Muſa poctam.
141 821 625 853 Mula tibi ingenium, non tibi Muſa dedit.
112 850 739 883 Ante & Arabs Thameſin bibet ante Britannia Nilum,
142 878 662 914 luſta ſacri adcreſcat quam tibi forma pedis
114 908 629 942 Qud ſi alia in vulgus meliore poëmata limâ
140 938 598 967 Fort olim emittas nomine, More, tuo,
111 965 613 1002 Maiorem excutiet riſum cornicula, quæ ſe
140 996 509 1030 Emendicato picta colore tegat.
113 1024 739 1061 Haud tamen inficier genus eſſe Epigrammatis in quo,
143 1053 634 1089 Si quiſquam vatum de grege, More vales.
111 1080 609 1120 Id vero ſit quale genus, qui ſcire laborat.
141 1112 617 1150 Qurat ab Henrici carmine Abingdonii
692 1146 772 1177 Regius
