872 1312
315 75 463 96 B
52 104 569 140 egius hic cantor, per te, ſuauiſſime vates,
52 139 539 172 Rege tuo magis nomen habere poteſt.
59 169 574 201 Hic iacet Henri . vene. es iſ carmine ſi quis
52 199 666 234 Vult legere mo omaes, totum Epigramma legat.
52 226 559 251 O te felicem, ſi vel inodo carmina centum
85 256 601 287 Hoc genere. hoc numero, dictet Apollo tibi?
52 285 537 319 Id ſi vel Genius dederit, vel cura pararit,
52 316 568 347 More, æternatuum fama loquetur opus.
51 347 545 377 Ac minus mneis, longe & miuus Ilias, illa
52 374 592 405 Virgilio, hæc peperit laudis, Homere, tibi:
51 404 636 434 Qum Moro paritura olim ſint carmina centum,
86 435 564 463 Q tamen aut riſus, aut iocus excutiet.
52 463 547 489 lla etenim. ſcio, te ridente excuſſa fuiſſe,
86 493 636 524 Carmina, queis canitur cantor Abingdonius.
52 522 535 553 At tu,ne ignores quæ ſit tua gratia, vates
84 551 545 575 Ridiculus bonus es; ſerius at malus es.
52 580 650 609 Hæc mihi dictanti adſtabunt Diræ auribus omnes,
52 610 532 636 Et Furiæ, infernis concita turba vadis,
52 637 499 667 Alecto, & ſacris caput irretita colubris
51 666 550 699 Tiſiphone, & terrens ore Mægera truci:
52 696 689 729 Quas niſi frenaſſem ad te omnes vno agmine adibant,
52 728 471 757 Laturæ Stygii dira flagella lacus,
52 814 546 847 Ac niſi Franciſcus, cui paret Francia Regi,
52 845 535 875 Henricuſq;, Angli Rex animoſus agri,
52 873 559 905 Ambo pares ætate, pares virtutibus ambo,
51 903 513 934 Antiquæ exſtinctis ignibus inuidiæ.
52 928 674 962 Spirabant patrum quanquam illis pectora Martem
51 962 529 993 Pectora Cecropiæ numine plena Deæ
52 988 560 1021 Sanctam iuraſſent ventura in ſecula pacem,
52 1017 559 1052 Iungere quæ populos debet amore pari:
52 1046 620 1080 Pax mihi non tecum, niſi cum balantibus agnis,
52 1075 602 1109 Dum premit arcta fames, quæ ſolet eſſe lupis.
52 1103 596 1148 Quin leic ſenſiſes ſenſus tibi ſi tamen inſit
660 1143 721 1171 Q-
