872 1312
338 69 537 93 GERMANI
118 107 638 136 Auna vni Regina ſuæ moderamen, & omne
118 135 680 166 Imperium dederat. non hunc numeroſa carinæ
119 164 655 193 Turba Calidoniæ non tectum claſſibus æquor
119 194 651 222 Terruit,extemplo concurrere cominus hoſti,
119 224 597 250 Et lateri latus inferre, & pugnare paratus,
120 251 613 280 In medios fluctus agit, atq; oſtendit aperto
122 279 703 310 Chordigeram pelago: volat illa, ratesq; ſub altum,
120 309 664 341 Vt quæque occurrit, concuſſas mergit, & vndis
123 339 683 366 Obruit. hinc viſam conuersâ puppe Regentem
122 367 698 397 Præcipuam Anglorum nauem, ſequiturq; fugatq;.
123 395 601 426 Illa leues fugiens curſu præuerterat auras.
123 423 680 461 Ouæ tamen inſequitur validis impulſa lacertis,
123 453 632 484 Ductoriſq; Heruei clamore adiura fauenti,
125 482 654 513 Ocyor eſt, requiemq; negat, lateriq; Regentis
121 512 622 542 Imminet, & raptam mordaci detinet vnco.
124 539 685 571 Sic vbi perſequitur leporem canis; alter vt hoſtis
124 570 581 600 Effugiat rabiem morſuſq; eludat inanes
123 598 630 629 Præcipitante fugâ per apertos euolat agros:
124 627 609 657 Alter ab inuentâ dum non abſiſtere prædâ
123 656 611 685 Deſtinat, exſertis tergo fugientis inhæret
122 684 681 716 Dentibus, & morſu leporem comprenſat auaro,
154 715 647 742 Tum bello videas animos flagrare, ſuamqs,
126 743 723 774 Quando fugæ non eſt vſquam locusagmine vtroq
125 772 665 804 Quemlibet audaci virtutem oſtendere dextrâ,
125 802 679 831 Et quas quiſq; habeat vires effundere inhoſtem:
123 831 635 858 Et nudare enſes, pharetriſq; expromere tela,
126 860 612 890 Spiculaq; extento vibrare intorta lacerto
124 888 666 919 Agmen in aduerſum cernas. it clamor ad aſtra.
125 918 614 946 Circumeunt vnum dextrâ leuaq; Britanni
124 947 626 976 Heruea. tela volant brumali grandine plura
124 976 606 1004 In caput vnius Heruei, quæ fortiterheros
123 1006 653 1034 Excutiens clypeo, cortraria in agmina vertit.
122 1034 637 1063 Inter quæ, comites dictis hortatur, & inquit:
153 1063 631 1091 Oquos perpetuo ſocii mihfœdere iunxi,
123 1092 697 1126 Qotum ego virtutem per ferm, ſaxaq; & ignes
730 1113 804 1142 E.-
