872 1312
355 86 508 109 BRIIII
95 123 617 155 Expertus didici; quos hactenus vſibus iſtie
94 155 554 185 Conmmtnis patriæ pro libertate tuendâ
95 185 599 216 Seruatos, numero dudum ſelegimus omni;
94 214 585 243 Nunc illos animos, illaſq; eftundite vires,
93 243 661 275 Quas pelagi toties communia fata probarunt,
93 273 647 304 O iuuenum generoſa nanus, nune pectore toto
85 300 562 331 Infenſos veſtris hoſtes defendite ab oris,
91 332 678 364 Extremamq; omnes procul hinc depellite peſtem,
91 361 636 393 Quam patriis inferre penatibus Anglica pubes
89 390 658 424 Iam paræt: æternam hanc veſtris auertite cladem
88 419 664 450 Verticibus; propriam vnanimes ſeruate ſalutem:
89 449 598 479 Cuius ni memores tangit vos cura tuendæ;
87 477 571 512 Atſaltem patriæ pietas, & dulcis amœnæ
86 506 582 543 Libertatis amor, ſaltem matreſq; patreſq;,
86 536 591 570 Et ſuaues moueant car cum coniuge nati,
85 567 601 598 Qui veſtros ſeruant, imbellis turba. penates:
83 597 604 628 Et quæ vos meritis omnes vt cætera deſint
84 626 588 658 Vna mouere ſuis debet, qu Princip lætos
83 656 532 687 Aurea felices per ſecula ducitis annos,
82 686 623 717 Anna animos ſaltem veſtros & pectora tangat,
81 713 642 745 Anna, ſuam in veſtra quæ ſpem virtute locauit:
82 744 597 775 Nec vos pro patriæ ſeruandis finibus, ipfum
80 773 602 806 Detrectate animo fatum: mortemque ſubite
80 803 574 832 Tela per & ſluctus, pro libertate decoram.
81 830 602 863 Sic vna quondam Fabios ex gente trecentos
77 858 625 894 Abſtulit vna dies. ſic Curtius impiger antrum
79 889 521 924 Inſiliens. ſic ſe Decii natuſq; parenſq;
77 919 580 951 Deuouere neci impauidi, mortemq; ſubire
77 947 670 980 Pro patriis laribus ſanctumque piumque putarunt
65 974 645 1011 Pro patria ergo mihi ſit nunc occumbere certum.
75 1007 620 1039 Dixit, & in medios ruit imperterritus hoſtes,
65 1031 708 1070 Aduerſamq; premens verſatque vrgetque Regentem:
65 1065 617 1099 :Qem ſocii vnanimes clamore ad ſidera miſio,
65 1092 554 1126 Intrepidis animis. denſa ſunt mole ſecuti,
65 1122 616 1155 Diſtringunt gladios alii, prinioſque trucidant:
647 1159 731 1180 Arcum
