872 1312
355 84 501 106 BRIII.
46 116 633 152 Chordigeræ eſpecula, correptis funibus audax,
1 149 598 183 Corpore conſcendens agili mirabile viſu
48 181 589 209 Occupat. heic ſilices duros, heic tela relicta
87 211 687 242 Repperit; aduerſum quæ mox conuerſus in agmen
74 240 619 268 Intorquet Dholos, & ſubiectos obruit hoſtes.
88 270 688 301 Deinde duas alias ſpeculas, quarum altera proram
77 300 590 330 Vertice in excelſi mali regit, altera puppim
86 329 661 361 Victor Aremoricus ſcandit; ſummoq; Britannos
86 357 630 389 Præcipitat ſolio, & ſpeculis dominarur in ipſis.
114 386 617 419 Etiam feſſa Regens, laſſa ceruice lababat,
48 416 631 447 Chordigeramq; ſequens inuiſa ad littora paſſis
88 448 611 477 Vincta trahebatur palmis; iam victa parabat
48 477 593 506 Terga Calidoniæ dare cetera turba carinæ,
88 505 649 537 Cum ſubito mediis procul exclamauit in vndis
87 535 706 566 Neſcio quis, vocem intendens, pauciſq; Regentem
85 565 635 595 Adloquitur: Spes nulla tibi, ſpes nulla ſalutis,
44 594 707 625 Nulla inquam, ſpes eſt; flammam vibrato coruſcam,
44 624 689 653 Chordigeramq; incende. Regens non miſit in auras
44 653 591 677 Vocem intellectam, ſed tota exaudiit aure.
44 684 585 714 Protinus ingentem volitante per aera gyro
846 698 870 722 ſ.
44 711 590 735 Ardentis flammæ bolidem, violentius ictu
44 742 659 771 Chordigeram in mediam librato torquet. at illa
43 771 623 801 Iniectam ſubito ſlammam pice concipit atra;
89 801 620 831 Quæ ſimul aclaxas diſcurrens ſentit habenas,
87 830 620 859 Tranſtra & per remos, perq; ipſa ſedilia ſæuit:
43 855 591 885 Nec vero heroum vires, nec flumina tantæ
43 888 591 919 Certatim poſſunt infuſa obſiſtere flcmmæ;
88 919 641 947 Ouive ſub accenſa Neptunus puppe, ſupremum
91 948 615 976 mperium tenet & pelago dominatur aperto.
1 956 521 1005 Ilicet ignis edax do ſub robore vires
45 1002 631 1035 Colligit indomitas. inuentaq; ſtupa vaporem
4 1021 592 1064 Emittens tardum ſlammas irritat & auget
47 1062 590 1094 Miratur trepidus Brito, miratur & Herueus
48 1093 561 1122 Attonitus ſubito caſu; qui viribus altam
46 1122 632 1152 Vt vidit flammam non poſſe exſtinguier vllis,
705 1154 751 1176 Nec
479 1152 573 1178 Bbb
