<?xml version="1.0" encoding="UTF-8" standalone="no"?><PcGts xmlns="http://schema.primaresearch.org/PAGE/gts/pagecontent/2019-07-15" xmlns:xsi="http://www.w3.org/2001/XMLSchema-instance" xsi:schemaLocation="http://schema.primaresearch.org/PAGE/gts/pagecontent/2019-07-15 http://schema.primaresearch.org/PAGE/gts/pagecontent/2019-07-15/pagecontent.xsd"><Metadata><Creator/><Created>2022-04-09T07:01:03</Created><LastChange>1970-01-01T00:00:00</LastChange><Comments/></Metadata><Page imageFilename="0788.png" imageHeight="1312" imageWidth="872"><TextRegion id="r1" orientation="0.0" type="paragraph"><Coords points="1,1 870,1 870,1310 1,1310"/><TextLine id="l1"><Coords points="288,81 288,102 486,102 486,81"/><TextEquiv><Unicode/></TextEquiv><TextEquiv index="1"><Unicode>BRIII.</Unicode></TextEquiv></TextLine><TextLine id="l2"><Coords points="473,144 616,144 616,114 93,114 93,147 208,148"/><TextEquiv><Unicode/></TextEquiv><TextEquiv index="1"><Unicode>quoreæ tepidis Nymphæ latuere ſub vndis.</Unicode></TextEquiv></TextLine><TextLine id="l3"><Coords points="385,175 490,175 557,173 650,174 650,145 473,145 118,150 100,150 93,149 93,176 347,177"/><TextEquiv><Unicode/></TextEquiv><TextEquiv index="1"><Unicode>Forte caput ſumma paullum Neptunus ab vnda</Unicode></TextEquiv></TextLine><TextLine id="l4"><Coords points="666,175 491,175 385,176 347,178 182,179 141,178 108,179 93,178 93,205 455,205 533,203 666,205"/><TextEquiv><Unicode/></TextEquiv><TextEquiv index="1"><Unicode>Dum leuat, ad tantæ ſpectanda incendia flammæ,</Unicode></TextEquiv></TextLine><TextLine id="l5"><Coords points="628,205 456,205 323,208 93,207 93,235 411,235 478,233 588,233 607,235 628,235"/><TextEquiv><Unicode/></TextEquiv><TextEquiv index="1"><Unicode>Feruentesque auras, velut e candente camino,</Unicode></TextEquiv></TextLine><TextLine id="l6"><Coords points="93,264 312,265 356,263 589,263 589,235 478,234 411,236 93,237"/><TextEquiv><Unicode/></TextEquiv><TextEquiv index="1"><Unicode>Ore trahit tepido perfuſus tempora fumo;</Unicode></TextEquiv></TextLine><TextLine id="l7"><Coords points="93,293 109,295 271,295 405,294 464,292 577,292 577,264 356,264 312,266 92,265"/><TextEquiv><Unicode/></TextEquiv><TextEquiv index="1"><Unicode>Dum Phaetontæi rediiſſe incendia currus</Unicode></TextEquiv></TextLine><TextLine id="l8"><Coords points="93,323 108,325 257,325 382,324 408,322 591,321 591,293 464,293 405,295 271,296 109,296 93,294"/><TextEquiv><Unicode/></TextEquiv><TextEquiv index="1"><Unicode>Formidat ſumma eftugiens velociter vnda</Unicode></TextEquiv></TextLine><TextLine id="l9"><Coords points="475,352 513,350 615,351 615,322 408,323 382,325 257,326 96,325 96,354 314,354"/><TextEquiv><Unicode/></TextEquiv><TextEquiv index="1"><Unicode>Vrget equos, curruque celer dat lora volanti;</Unicode></TextEquiv></TextLine><TextLine id="l10"><Coords points="397,381 518,381 544,379 661,379 660,351 513,351 475,353 182,356 97,355 97,382 99,383 352,383"/><TextEquiv><Unicode/></TextEquiv><TextEquiv index="1"><Unicode>Nquoraque alta petens imas non deſerit vndas.</Unicode></TextEquiv></TextLine><TextLine id="l11"><Coords points="679,381 397,382 352,384 240,383 168,385 93,383 93,410 679,410"/><TextEquiv><Unicode/></TextEquiv><TextEquiv index="1"><Unicode>Hunc ſenior Glaucus cumque geone Palæmon,</Unicode></TextEquiv></TextLine><TextLine id="l12"><Coords points="458,439 637,439 637,410 430,411 398,413 153,415 93,413 92,441 397,441"/><TextEquiv><Unicode/></TextEquiv><TextEquiv index="1"><Unicode>Inous, ſummamque piger iam Phorcus aduſtus</Unicode></TextEquiv></TextLine><TextLine id="l13"><Coords points="709,440 458,440 397,442 338,441 305,443 224,444 150,444 98,442 98,470 128,470 154,472 257,472 498,468 596,468 620,469 626,471 641,472 709,472"/><TextEquiv><Unicode/></TextEquiv><TextEquiv index="1"><Unicode>Vndique cæſariem, &amp; Triton Proteus que ſequuntur.</Unicode></TextEquiv></TextLine><TextLine id="l14"><Coords points="428,498 597,497 597,471 373,471 257,473 154,473 125,471 125,499 391,500"/><TextEquiv><Unicode/></TextEquiv><TextEquiv index="1"><Unicode>Ipſe procul tantos miratur Iupiter ignes,</Unicode></TextEquiv></TextLine><TextLine id="l15"><Coords points="622,526 622,500 392,500 297,502 153,502 141,500 99,500 99,529 329,530"/><TextEquiv><Unicode/></TextEquiv><TextEquiv index="1"><Unicode>Celſior auguſto e ſolio: qui terque quaterque</Unicode></TextEquiv></TextLine><TextLine id="l16"><Coords points="563,555 684,556 684,527 330,530 227,533 138,532 94,529 93,529 92,558 97,559 393,559"/><TextEquiv><Unicode/></TextEquiv><TextEquiv index="1"><Unicode>Concutiens caput horrificum, mare, ſidera, terram,</Unicode></TextEquiv></TextLine><TextLine id="l17"><Coords points="534,585 688,585 688,558 450,558 306,561 116,561 96,559 93,558 93,587 455,587"/><TextEquiv><Unicode/></TextEquiv><TextEquiv index="1"><Unicode>Et totum, attonitis Superis, tremefecit Olympum:</Unicode></TextEquiv></TextLine><TextLine id="l18"><Coords points="616,613 698,613 698,587 456,587 405,589 249,591 100,590 100,618 186,620"/><TextEquiv><Unicode/></TextEquiv><TextEquiv index="1"><Unicode>Nec minus expauit, quam cum ſuperaddere montes</Unicode></TextEquiv></TextLine><TextLine id="l19"><Coords points="325,646 454,646 491,644 620,643 655,643 662,647 688,647 688,615 552,615 492,617 252,619 186,621 93,619 93,649 234,649"/><TextEquiv><Unicode/></TextEquiv><TextEquiv index="1"><Unicode>Montibus excelſos ſummumque inuadere cœlum,</Unicode></TextEquiv></TextLine><TextLine id="l20"><Coords points="249,677 300,678 409,675 604,673 604,646 325,647 234,650 93,650 92,676 95,676 150,679 212,679"/><TextEquiv><Unicode/></TextEquiv><TextEquiv index="1"><Unicode>Atque ipſis inferre Deis fera bella Gigantes</Unicode></TextEquiv></TextLine><TextLine id="l21"><Coords points="481,703 609,703 609,675 472,675 300,679 249,678 212,680 150,680 101,678 101,706 107,707 296,707"/><TextEquiv><Unicode/></TextEquiv><TextEquiv index="1"><Unicode>Tentauere, ſuisque ipſum detrudere regnis:</Unicode></TextEquiv></TextLine><TextLine id="l22"><Coords points="251,735 324,736 538,731 607,732 607,704 481,704 387,707 141,709 106,707 93,707 93,736 120,737 216,737"/><TextEquiv><Unicode/></TextEquiv><TextEquiv index="1"><Unicode>Et metuit, tanto ne forte accenſus ab igne</Unicode></TextEquiv></TextLine><TextLine id="l23"><Coords points="265,765 379,765 482,762 616,761 616,733 478,733 394,736 251,736 216,738 120,738 93,737 93,767 203,767"/><TextEquiv><Unicode/></TextEquiv><TextEquiv index="1"><Unicode>therque, &amp; ſummi regio flagraret Olympi</Unicode></TextEquiv></TextLine><TextLine id="l24"><Coords points="291,796 368,793 461,793 514,791 635,790 635,763 482,763 379,766 265,766 203,768 93,767 93,797 197,797"/><TextEquiv><Unicode/></TextEquiv><TextEquiv index="1"><Unicode>Quippe eſſe in fatis reminiſcitur, omnia auaro</Unicode></TextEquiv></TextLine><TextLine id="l25"><Coords points="419,823 465,821 560,821 599,819 695,820 695,790 514,792 461,794 368,794 291,797 161,797 153,801 96,801 93,800 93,825 279,825"/><TextEquiv><Unicode/></TextEquiv><TextEquiv index="1"><Unicode>Igne cremanda olim, &amp; flamma abſumenda voraci.</Unicode></TextEquiv></TextLine><TextLine id="l26"><Coords points="335,854 586,848 664,849 676,852 732,853 732,821 599,820 560,822 465,822 370,825 105,827 105,855 180,855"/><TextEquiv><Unicode/></TextEquiv><TextEquiv index="1"><Unicode>Qui medio poſtquam cognouit ab æquore flammam-</Unicode></TextEquiv></TextLine><TextLine id="l27"><Coords points="481,881 519,879 643,879 643,850 481,851 335,855 106,856 106,883 357,883"/><TextEquiv><Unicode/></TextEquiv><TextEquiv index="1"><Unicode>Surgere, &amp; æthereos recta conſcendere ad axes;</Unicode></TextEquiv></TextLine><TextLine id="l28"><Coords points="430,910 576,909 626,907 626,880 519,880 481,882 259,885 105,884 105,912 110,913 337,913"/><TextEquiv><Unicode/></TextEquiv><TextEquiv index="1"><Unicode>Hoc magis enxardens, dignas Ioue colligit iras.</Unicode></TextEquiv></TextLine><TextLine id="l29"><Coords points="362,940 462,940 591,937 624,937 631,941 673,940 673,907 602,908 576,910 493,910 398,913 254,915 156,915 93,912 93,941 315,942"/><TextEquiv><Unicode/></TextEquiv><TextEquiv index="1"><Unicode>Horret enim æquoreis,ne fratrem forte ſub vndis</Unicode></TextEquiv></TextLine><TextLine id="l30"><Coords points="587,966 587,939 184,944 93,942 93,970 353,970"/><TextEquiv><Unicode/></TextEquiv><TextEquiv index="1"><Unicode>Pœniteat regnique ſui ſorrisque ſecundæ.</Unicode></TextEquiv></TextLine><TextLine id="l31"><Coords points="508,997 518,995 665,994 665,965 250,973 160,973 93,971 93,1001 242,1001"/><TextEquiv><Unicode/></TextEquiv><TextEquiv index="1"><Unicode>Quem, quoniam vidit caput exeruiſſe profundo,</Unicode></TextEquiv></TextLine><TextLine id="l32"><Coords points="679,1023 679,996 518,996 508,998 172,1003 123,1002 107,1003 93,1002 93,1028 411,1028"/><TextEquiv><Unicode/></TextEquiv><TextEquiv index="1"><Unicode>Se contra hos ignes putat exſtruxiſſe, Deumque-</Unicode></TextEquiv></TextLine><TextLine id="l33"><Coords points="93,1059 282,1059 528,1055 570,1053 649,1054 649,1025 412,1028 379,1030 180,1032 96,1031 93,1032"/><TextEquiv><Unicode/></TextEquiv><TextEquiv index="1"><Unicode>Loripedem ſimul arma ad coniurata vocaſſeQ.</Unicode></TextEquiv></TextLine><TextLine id="l34"><Coords points="396,1085 486,1085 546,1082 648,1081 648,1056 475,1056 429,1058 282,1060 134,1060 134,1086 136,1087 301,1088"/><TextEquiv><Unicode/></TextEquiv><TextEquiv index="1"><Unicode>Protinus humentem cœli diuertit ad arcem,</Unicode></TextEquiv></TextLine><TextLine id="l35"><Coords points="683,1115 683,1082 546,1083 486,1086 396,1086 301,1089 200,1088 157,1089 135,1087 107,1087 107,1116 394,1116 537,1112 639,1112 646,1116 656,1116"/><TextEquiv><Unicode/></TextEquiv><TextEquiv index="1"><Unicode>Vnde ſolet pluuias imbresque adſpergere mundo,</Unicode></TextEquiv></TextLine><TextLine id="l36"><Coords points="596,1113 194,1119 93,1116 93,1141 596,1141"/><TextEquiv><Unicode/></TextEquiv><TextEquiv index="1"><Unicode>Vnde ciet mœſtis nimbos &amp; nubila terris.</Unicode></TextEquiv></TextLine><TextLine id="l37"><Coords points="699,1141 699,1170 773,1170 773,1141"/><TextEquiv><Unicode/></TextEquiv></TextLine><TextEquiv><Unicode/></TextEquiv></TextRegion></Page></PcGts>