872 1312
288 81 486 102 BRIII.
51 114 616 148 quoreæ tepidis Nymphæ latuere ſub vndis.
51 145 650 177 Forte caput ſumma paullum Neptunus ab vnda
52 175 666 205 Dum leuat, ad tantæ ſpectanda incendia flammæ,
51 205 628 235 Feruentesque auras, velut e candente camino,
51 234 589 270 Ore trahit tepido perfuſus tempora fumo;
50 264 577 297 Dum Phaetontæi rediiſſe incendia currus
17 293 591 361 Formidat ſumma eftugiens velociter vnda
96 322 615 354 Vrget equos, curruque celer dat lora volanti;
97 351 697 383 Nquoraque alta petens imas non deſerit vndas.
49 381 679 410 Hunc ſenior Glaucus cumque geone Palæmon,
48 410 637 441 Inous, ſummamque piger iam Phorcus aduſtus
98 440 709 472 Vndique cæſariem, & Triton Proteus que ſequuntur.
125 471 597 500 Ipſe procul tantos miratur Iupiter ignes,
99 500 622 530 Celſior auguſto e ſolio: qui terque quaterque
48 527 684 559 Concutiens caput horrificum, mare, ſidera, terram,
42 558 688 587 Et totum, attonitis Superis, tremefecit Olympum:
100 587 698 620 Nec minus expauit, quam cum ſuperaddere montes
48 615 688 649 Montibus excelſos ſummumque inuadere cœlum,
48 646 604 679 Atque ipſis inferre Deis fera bella Gigantes
101 675 609 707 Tentauere, ſuisque ipſum detrudere regnis:
48 702 607 737 Et metuit, tanto ne forte accenſus ab igne
47 733 616 767 therque, & ſummi regio flagraret Olympi
50 763 635 797 Quippe eſſe in fatis reminiſcitur, omnia auaro
47 790 695 825 Igne cremanda olim, & flamma abſumenda voraci.
105 820 732 855 Qui medio poſtquam cognouit ab æquore flammam-
106 850 643 883 Surgere, & æthereos recta conſcendere ad axes;
105 880 626 913 Hoc magis enxardens, dignas Ioue colligit iras.
49 907 673 942 Horret enim æquoreis,ne fratrem forte ſub vndis
49 939 587 970 Pœniteat regnique ſui ſorrisque ſecundæ.
51 965 665 1001 Quem, quoniam vidit caput exeruiſſe profundo,
52 996 679 1028 Se contra hos ignes putat exſtruxiſſe, Deumque-
50 1025 649 1064 Loripedem ſimul arma ad coniurata vocaſſeQ.
134 1056 648 1088 Protinus humentem cœli diuertit ad arcem,
107 1082 683 1116 Vnde ſolet pluuias imbresque adſpergere mundo,
54 1113 596 1141 Vnde ciet mœſtis nimbos & nubila terris.
488 1141 584 1166 Bbb s
