872 1312
290 74 487 96 BRIII.
88 109 649 142 Et gelidis linquit Neptunum & Nerea in vndis.
88 139 659 171 Neve iterum,accenſis vtroque ex agmine puppes
91 168 682 200 Quæ ſuperant animis pugnent exſtinctaque ſurgat
88 199 665 232 Inducatque nouos animo noua flamma timores,
92 230 507 259 Iupiter obſcura latas caligine terras
91 255 637 288 Occuluit, cœlumque inducta condidit vmbra,
88 287 570 318 Et claſſem longo diſcriminat interuallo,
88 316 583 348 Littoribusque ſuis acies utraſque reducit.
301 349 511 376 Heruei cenutphium.
98 374 684 408 Magnanimi manes Heruei, nomenque verendum,
127 404 604 436 Hic lapis obſeruat; non tamen oſſa tegit.
97 432 681 466 Auſ s enim Anglorum numeroſæ occurrere claſſi,
128 464 623 495 Quæ patriæ inſeſtans iam prope littus erat,
98 492 611 526 Chordigera inuectus regali puppe Britannis
128 523 554 554 Marte prius ſæuo cominus edomitis.
98 550 733 584 Arſit Chordigeræ in flamma; extremoque cadentem
131 583 536 610 Seruauit moriens excidio patriam.
101 613 605 639 Priſca duos ætas Decios miratur: at vnum
132 639 635 675 Qum conſerre queat noſtra duobus habet.
204 670 613 700 ommendatio fontu Aquæ belæ loci regi
104 699 637 731 Fos ego Aquæ bellæ, ſilua circumdatus alta,
105 728 657 761 Iampridem ceruis tantummodo cultus & apris,
105 760 578 791 Vicina impuro rorabam prata liquore.
107 787 687 819 Turbidus, & nullos ſperabam obſcurus honores.
106 817 620 850 At me nunc magni heroës, magnique relictis
106 845 708 878 Vrbibus inuitunt proceres; gaudentque liquorem-
107 877 609 910 Et guſtare meum, & ripas habitare virentes.
109 906 663 939 Quin etiam & cultæ per prata hortosque Napeæ
108 936 643 965 Diſcurſant, violasque & candida lilia carpunt,
110 964 587 996 Auratos paſſæ per eburnea colla capillos.
110 993 643 1019 Nec non & Charites adſunt & floribus aureos
111 1020 656 1053 Exornant variis crines miſcentque amarantho
113 1049 660 1080 Gramina Narciſſi, & Narciſſo gramina tymbræ,
113 1078 651 1113 Candida purpureo variantes colla Hyacinthio,
110 1107 697 1144 Ipſæ etiam Dryades properant, iterantque choreas.
712 1135 775 1158 Lati-
