<?xml version="1.0" encoding="UTF-8" standalone="no"?><PcGts xmlns="http://schema.primaresearch.org/PAGE/gts/pagecontent/2019-07-15" xmlns:xsi="http://www.w3.org/2001/XMLSchema-instance" xsi:schemaLocation="http://schema.primaresearch.org/PAGE/gts/pagecontent/2019-07-15 http://schema.primaresearch.org/PAGE/gts/pagecontent/2019-07-15/pagecontent.xsd"><Metadata><Creator/><Created>2022-04-09T07:02:57</Created><LastChange>1970-01-01T00:00:00</LastChange><Comments/></Metadata><Page imageFilename="0791.png" imageHeight="1312" imageWidth="872"><TextRegion id="r1" orientation="0.0" type="paragraph"><Coords points="1,1 870,1 870,1310 1,1310"/><TextLine id="l1"><Coords points="334,71 334,94 555,94 555,71"/><TextEquiv><Unicode/></TextEquiv><TextEquiv index="1"><Unicode>CERMANI</Unicode></TextEquiv></TextLine><TextLine id="l2"><Coords points="586,107 115,106 115,132 129,133 289,136 586,136"/><TextEquiv><Unicode/></TextEquiv><TextEquiv index="1"><Unicode>Lætitia ingenti captæ, &amp; dulcedine noſtri</Unicode></TextEquiv></TextLine><TextLine id="l3"><Coords points="628,140 463,139 452,137 398,138 231,135 115,135 115,161 126,162 436,167 628,167"/><TextEquiv><Unicode/></TextEquiv><TextEquiv index="1"><Unicode>Nereides fontis, ponti vada ſalſa relinquunt,</Unicode></TextEquiv></TextLine><TextLine id="l4"><Coords points="599,170 374,166 271,166 228,164 114,164 114,189 599,189"/><TextEquiv><Unicode/></TextEquiv><TextEquiv index="1"><Unicode>Et noſtra adcurrunt antris ad rura relictis.</Unicode></TextEquiv></TextLine><TextLine id="l5"><Coords points="649,194 645,197 637,199 328,196 280,193 115,194 115,219 136,219 149,221 218,221 252,223 314,223 372,225 649,225"/><TextEquiv><Unicode/></TextEquiv><TextEquiv index="1"><Unicode>Adde quod &amp; ſilua arridet, quod blandior aer</Unicode></TextEquiv></TextLine><TextLine id="l6"><Coords points="639,229 623,228 557,228 508,226 429,227 314,224 252,224 218,222 113,222 113,248 116,249 295,251 341,253 639,253"/><TextEquiv><Unicode/></TextEquiv><TextEquiv index="1"><Unicode>Exhalat, ephyris molles quod flantibus auræ</Unicode></TextEquiv></TextLine><TextLine id="l7"><Coords points="662,257 597,257 556,255 400,255 231,251 113,251 113,278 339,282 662,282"/><TextEquiv><Unicode/></TextEquiv><TextEquiv index="1"><Unicode>Funduntur gratis volucres quod cantibus auras</Unicode></TextEquiv></TextLine><TextLine id="l8"><Coords points="711,286 632,287 586,285 368,284 338,282 113,279 113,305 136,308 253,309 302,311 711,311"/><TextEquiv><Unicode/></TextEquiv><TextEquiv index="1"><Unicode>Vſque replent, tectæ nemorum viridantibus vmbris.</Unicode></TextEquiv></TextLine><TextLine id="l9"><Coords points="604,315 518,314 493,312 339,313 301,311 112,311 112,335 147,338 281,341 516,342 604,345"/><TextEquiv><Unicode/></TextEquiv><TextEquiv index="1"><Unicode>Hoc ego Franciſco, cui paret Gallia, Regi</Unicode></TextEquiv></TextLine><TextLine id="l10"><Coords points="659,341 636,341 629,345 615,346 587,346 568,344 516,343 281,342 111,339 111,363 143,364 151,366 284,369 344,368 453,371 659,371"/><TextEquiv><Unicode/></TextEquiv><TextEquiv index="1"><Unicode>Debeo, qui ſeniumque loci, vaſtamque ruinam</Unicode></TextEquiv></TextLine><TextLine id="l11"><Coords points="634,374 577,372 395,371 344,369 284,370 114,366 114,393 120,395 437,400 634,400"/><TextEquiv><Unicode/></TextEquiv><TextEquiv index="1"><Unicode>Nam me, ſi neſcis. Diuus Lodoicus, &amp; ipſe</Unicode></TextEquiv></TextLine><TextLine id="l12"><Coords points="599,403 547,401 342,400 279,398 112,398 112,423 145,423 172,426 261,426 293,428 599,428"/><TextEquiv><Unicode/></TextEquiv><TextEquiv index="1"><Unicode>Rex, olim coluit miſeratus qualia cernis,</Unicode></TextEquiv></TextLine><TextLine id="l13"><Coords points="565,431 293,429 261,427 112,426 112,452 127,452 141,454 293,457 565,457"/><TextEquiv><Unicode/></TextEquiv><TextEquiv index="1"><Unicode>Cœlo erecta ſibi matrique palatia fecit,</Unicode></TextEquiv></TextLine><TextLine id="l14"><Coords points="680,458 679,458 611,457 604,461 594,462 112,455 112,480 131,482 407,487 514,487 543,489 680,489"/><TextEquiv><Unicode/></TextEquiv><TextEquiv index="1"><Unicode>Siluæ vmbra, nec non ceruorum indagine capti,</Unicode></TextEquiv></TextLine><TextLine id="l15"><Coords points="612,491 575,491 514,488 407,488 220,484 109,484 109,516 201,516 220,514 309,516 612,516"/><TextEquiv><Unicode/></TextEquiv><TextEquiv index="1"><Unicode>Diana ſtimulante, nec indignaute Gradiuo.</Unicode></TextEquiv></TextLine><TextLine id="l16"><Coords points="647,520 609,521 487,518 210,516 210,544 647,544"/><TextEquiv><Unicode/></TextEquiv><TextEquiv index="1"><Unicode>Ad Franciſt um Rem de Venere marmoreâ</Unicode></TextEquiv></TextLine><TextLine id="l17"><Coords points="578,549 415,546 276,546 276,572 361,573 403,575 578,575"/><TextEquiv><Unicode/></TextEquiv><TextEquiv index="1"><Unicode>eidem ab e ite donata.</Unicode></TextEquiv></TextLine><TextLine id="l18"><Coords points="651,575 628,575 618,578 569,578 525,576 403,576 361,574 255,573 235,572 227,569 111,569 111,596 163,598 218,598 230,600 283,602 489,604 557,607 651,607"/><TextEquiv><Unicode/></TextEquiv><TextEquiv index="1"><Unicode>Cum tua ſub clypeo, tua cum ſit vita ſub armis,</Unicode></TextEquiv></TextLine><TextLine id="l19"><Coords points="539,607 489,605 283,603 247,601 107,601 107,625 131,626 142,628 244,629 318,632 539,632"/><TextEquiv><Unicode/></TextEquiv><TextEquiv index="1"><Unicode>Et te Bellona hinc adſerat ipſa ſibi;</Unicode></TextEquiv></TextLine><TextLine id="l20"><Coords points="623,633 618,632 591,632 581,637 552,637 518,635 318,633 244,630 107,630 107,654 256,660 378,661 499,664 623,664"/><TextEquiv><Unicode/></TextEquiv><TextEquiv index="1"><Unicode>Pro requie &amp; ceruos tantum veneris &amp; apros,</Unicode></TextEquiv></TextLine><TextLine id="l21"><Coords points="579,667 520,666 498,664 425,664 255,660 134,660 134,686 579,687"/><TextEquiv><Unicode/></TextEquiv><TextEquiv index="1"><Unicode>Et te Dictynna hinc dictitet eſſe ſuum:</Unicode></TextEquiv></TextLine><TextLine id="l22"><Coords points="631,692 623,692 614,696 560,696 458,695 336,691 259,691 206,688 106,688 106,713 195,715 279,719 349,719 370,721 431,721 542,724 631,724"/><TextEquiv><Unicode/></TextEquiv><TextEquiv index="1"><Unicode>Cumque tuæ ſpecies, Franciſce, auguſta figuræ</Unicode></TextEquiv></TextLine><TextLine id="l23"><Coords points="570,725 370,722 349,720 279,720 248,718 132,718 132,741 135,741 143,745 272,746 305,749 570,749"/><TextEquiv><Unicode/></TextEquiv><TextEquiv index="1"><Unicode>Parte Deum nulla Loripedem referat:</Unicode></TextEquiv></TextLine><TextLine id="l24"><Coords points="709,752 693,751 611,750 603,754 530,755 441,753 412,751 305,750 272,747 143,746 139,744 107,744 104,747 102,747 102,771 139,771 189,775 243,775 284,778 372,779 412,781 709,781"/><TextEquiv><Unicode/></TextEquiv><TextEquiv index="1"><Unicode>Illa quidem Phœbum, aut ſi quando audacia verbis</Unicode></TextEquiv></TextLine><TextLine id="l25"><Coords points="635,785 557,785 528,783 464,783 284,779 243,776 133,775 133,801 152,803 292,806 350,809 635,809"/><TextEquiv><Unicode/></TextEquiv><TextEquiv index="1"><Unicode>Vlla meis ſummum digna referre Iouem:</Unicode></TextEquiv></TextLine><TextLine id="l26"><Coords points="596,815 350,810 225,805 105,805 105,830 249,835 292,835 322,837 596,837"/><TextEquiv><Unicode/></TextEquiv><TextEquiv index="1"><Unicode>Cur donata tibi Venus eſt ex omnibus vni,</Unicode></TextEquiv></TextLine><TextLine id="l27"><Coords points="618,843 489,842 461,840 351,839 248,835 133,835 133,860 309,866 618,866"/><TextEquiv><Unicode/></TextEquiv><TextEquiv index="1"><Unicode>Quos ingens reges, quâ patet, orbis habet?</Unicode></TextEquiv></TextLine><TextLine id="l28"><Coords points="617,872 562,873 329,868 308,866 265,866 168,862 101,862 101,888 331,896 617,896"/><TextEquiv><Unicode/></TextEquiv><TextEquiv index="1"><Unicode>Renus eques vidit tam rari muneris auctor,</Unicode></TextEquiv></TextLine><TextLine id="l29"><Coords points="592,903 476,901 448,899 349,898 330,896 252,895 225,893 127,893 127,925 172,925 229,928 592,928"/><TextEquiv><Unicode/></TextEquiv><TextEquiv index="1"><Unicode>Martem vnum Veneri poſſe placere ſuæ.</Unicode></TextEquiv></TextLine><TextLine id="l30"><Coords points="346,929 346,950 474,950 474,929"/><TextEquiv><Unicode/></TextEquiv><TextEquiv index="1"><Unicode>Ad undem.</Unicode></TextEquiv></TextLine><TextLine id="l31"><Coords points="618,956 523,955 517,958 467,958 425,957 413,955 314,955 305,954 298,950 95,950 95,984 120,984 138,978 322,984 618,984"/><TextEquiv><Unicode/></TextEquiv><TextEquiv index="1"><Unicode>Quæ donata tibi Venus eſt, Franciſce, volebat</Unicode></TextEquiv></TextLine><TextLine id="l32"><Coords points="602,991 419,988 392,986 286,984 161,979 138,979 126,983 126,1006 138,1007 384,1015 602,1015"/><TextEquiv><Unicode/></TextEquiv><TextEquiv index="1"><Unicode>Illa loqui tecum: poſſe loqui ars dederat.</Unicode></TextEquiv></TextLine><TextLine id="l33"><Coords points="620,1021 544,1021 492,1018 442,1018 383,1015 238,1012 163,1008 98,1008 98,1040 110,1039 118,1033 135,1033 161,1034 166,1037 175,1038 215,1038 333,1044 469,1046 529,1049 620,1049"/><TextEquiv><Unicode/></TextEquiv><TextEquiv index="1"><Unicode>Sed dum præuertis; mille admirata loquenti</Unicode></TextEquiv></TextLine><TextLine id="l34"><Coords points="542,1050 469,1047 333,1045 215,1039 175,1039 166,1038 163,1036 125,1036 125,1071 186,1073 542,1073"/><TextEquiv><Unicode/></TextEquiv><TextEquiv index="1"><Unicode>Eſſe tibi Veneres, muta repente fuit.</Unicode></TextEquiv></TextLine><TextLine id="l35"><Coords points="368,1077 368,1098 473,1098 473,1077"/><TextEquiv><Unicode/></TextEquiv><TextEquiv index="1"><Unicode>De eadem.</Unicode></TextEquiv></TextLine><TextLine id="l36"><Coords points="627,1107 622,1105 552,1105 528,1103 521,1103 512,1106 378,1103 347,1104 322,1103 312,1098 303,1097 258,1095 95,1095 95,1129 181,1131 214,1134 627,1134"/><TextEquiv><Unicode/></TextEquiv><TextEquiv index="1"><Unicode>Saxea ſit quamuis, non eſt tamen inſcia fandi</Unicode></TextEquiv></TextLine><TextLine id="l37"><Coords points="686,1142 686,1176 775,1176 775,1142"/><TextEquiv><Unicode/></TextEquiv><TextEquiv index="1"><Unicode>Q</Unicode></TextEquiv></TextLine><TextEquiv><Unicode/></TextEquiv></TextRegion></Page></PcGts>