872 1312
289 78 488 97 BR
720 76 759 101 ;
124 113 626 143 Quam tibi donauit Cyprida Renus cq es.
51 141 677 181 Sed quoties vult ipſa loqui; tua labra tuumque os
123 172 594 202 Inſidet hinc dictis Suada Venusque tuis.
371 211 482 233 In eandem.
49 231 637 273 Forte tuam vidit Venerem, Franciſce, Cupido:
124 268 564 301 Moxque ait, o ſalue mater; & erubuit.
360 310 487 330 Adeundem.
1 337 712 386 Dum tecum eſt, Franciſce, Venus, Mars anxius illam
128 367 607 398 Querit, & obtundit cum Ioue Cœlicolas.
50 395 744 430 Iupiter huic tandem: Quin Phœbum conſulis? illum
126 427 624 458 Nulla quidem Veneris furta latere queunt
356 467 484 487 Ad eundem,
102 495 628 527 Quæ facunda prius fuerat Venus, ecce repente
129 525 503 554 Te viſo vſuram perdidit eloquii.
1 535 49 556 i
47 551 673 582 Hoc amor, hoc Franciſce, facit: qui ſcilicet abſens
91 582 574 615 Multa loquis præſens ſæpe tacere ſolet.
384 613 454 636 Eidem,
47 639 680 673 Anxia Mauortem dum quærit vbique, nec vſquam
128 671 566 697 Inuenit, amiſſum credidit eſſe Venus.
100 699 817 731 Tandem ea dum ad Ligeris te forte fluenta, domantem
128 730 567 759 Fortiter adſpiceret colla ferocis equi;
47 759 601 788 Ambaſii loca clam ſubit interiora palatii,
131 789 609 819 Spem cat iens reditus concubitusque tui
103 817 700 849 Quo dum Diua loco cernit de marmore ſignum
128 847 557 877 Ipſam ſe referens, elotypa inde fugit
100 874 749 907 Teque oculis iterum atque iterum dum luſtrat; amores
130 906 589 936 Falſa prius fuerat nec videt eſſe ſuos:
1 934 657 974 Nec meus, exclamat, Mars eſt, Franciſce, tibi par:
129 963 610 993 Hinc latet, adſpectu ſubtrahiturque meo.
1 987 694 1029 Nec Veneri Venus alma tuæ me confero; quæ me-
128 1021 592 1053 Et pomum & ceſtum iudice ferre poteſt.
322 1053 466 1072 Adhuc eidem.
50 1075 721 1116 Non ego ſum Cypris, nec pomum,quæ mihi dextra eſt
81 1108 589 1140 Sphæra refert, illi quod ſua forma dedit
709 1137 761 1157 Sum
