<?xml version="1.0" encoding="UTF-8" standalone="no"?><PcGts xmlns="http://schema.primaresearch.org/PAGE/gts/pagecontent/2019-07-15" xmlns:xsi="http://www.w3.org/2001/XMLSchema-instance" xsi:schemaLocation="http://schema.primaresearch.org/PAGE/gts/pagecontent/2019-07-15 http://schema.primaresearch.org/PAGE/gts/pagecontent/2019-07-15/pagecontent.xsd"><Metadata><Creator/><Created>2022-04-09T07:03:41</Created><LastChange>1970-01-01T00:00:00</LastChange><Comments/></Metadata><Page imageFilename="0792.png" imageHeight="1312" imageWidth="872"><TextRegion id="r1" orientation="0.0" type="paragraph"><Coords points="1,1 870,1 870,1310 1,1310"/><TextLine id="l1"><Coords points="488,76 350,78 289,78 289,97 488,97"/><TextEquiv><Unicode/></TextEquiv><TextEquiv index="1"><Unicode>BR</Unicode></TextEquiv></TextLine><TextLine id="l2"><Coords points="221,141 626,141 626,113 124,113 124,143 177,143"/><TextEquiv><Unicode/></TextEquiv><TextEquiv index="1"><Unicode>Quam tibi donauit Cyprida Renus cq es.</Unicode></TextEquiv></TextLine><TextLine id="l3"><Coords points="87,178 91,178 97,174 153,173 175,171 618,171 636,172 642,175 677,175 677,141 499,141 425,143 221,142 177,144 87,144"/><TextEquiv><Unicode/></TextEquiv><TextEquiv index="1"><Unicode>Sed quoties vult ipſa loqui; tua labra tuumque os</Unicode></TextEquiv></TextLine><TextLine id="l4"><Coords points="594,172 175,172 153,174 123,174 123,202 594,202"/><TextEquiv><Unicode/></TextEquiv><TextEquiv index="1"><Unicode>Inſidet hinc dictis Suada Venusque tuis.</Unicode></TextEquiv></TextLine><TextLine id="l5"><Coords points="371,211 371,233 482,233 482,211"/><TextEquiv><Unicode/></TextEquiv><TextEquiv index="1"><Unicode>In eandem.</Unicode></TextEquiv></TextLine><TextLine id="l6"><Coords points="87,268 89,268 205,270 524,267 582,267 604,268 611,272 637,272 637,233 530,231 527,234 519,237 487,239 328,240 323,239 315,234 130,235 107,234 87,231"/><TextEquiv><Unicode/></TextEquiv><TextEquiv index="1"><Unicode>Forte tuam vidit Venerem, Franciſce, Cupido:</Unicode></TextEquiv></TextLine><TextLine id="l7"><Coords points="124,268 124,301 564,301 564,268"/><TextEquiv><Unicode/></TextEquiv><TextEquiv index="1"><Unicode>Moxque ait, o ſalue mater; &amp; erubuit.</Unicode></TextEquiv></TextLine><TextLine id="l8"><Coords points="360,310 360,330 487,330 487,310"/><TextEquiv><Unicode/></TextEquiv><TextEquiv index="1"><Unicode>Adeundem.</Unicode></TextEquiv></TextLine><TextLine id="l9"><Coords points="87,368 107,367 449,367 493,365 552,365 647,366 655,371 712,371 712,337 451,337 358,339 319,339 314,337 87,336"/><TextEquiv><Unicode/></TextEquiv><TextEquiv index="1"><Unicode>Dum tecum eſt, Franciſce, Venus, Mars anxius illam</Unicode></TextEquiv></TextLine><TextLine id="l10"><Coords points="384,397 448,395 607,395 607,367 176,369 128,368 128,397 207,398"/><TextEquiv><Unicode/></TextEquiv><TextEquiv index="1"><Unicode>Querit, &amp; obtundit cum Ioue Cœlicolas.</Unicode></TextEquiv></TextLine><TextLine id="l11"><Coords points="744,395 619,395 582,397 448,396 384,398 207,399 126,398 87,399 87,426 134,426 367,427 449,425 667,425 674,430 744,430"/><TextEquiv><Unicode/></TextEquiv><TextEquiv index="1"><Unicode>Iupiter huic tandem: Quin Phœbum conſulis? illum</Unicode></TextEquiv></TextLine><TextLine id="l12"><Coords points="624,427 126,428 126,458 624,458"/><TextEquiv><Unicode/></TextEquiv><TextEquiv index="1"><Unicode>Nulla quidem Veneris furta latere queunt</Unicode></TextEquiv></TextLine><TextLine id="l13"><Coords points="356,467 356,487 484,487 484,467"/><TextEquiv><Unicode/></TextEquiv><TextEquiv index="1"><Unicode>Ad eundem,</Unicode></TextEquiv></TextLine><TextLine id="l14"><Coords points="628,495 102,495 102,527 268,526 389,523 536,524 542,527 628,527"/><TextEquiv><Unicode/></TextEquiv><TextEquiv index="1"><Unicode>Quæ facunda prius fuerat Venus, ecce repente</Unicode></TextEquiv></TextLine><TextLine id="l15"><Coords points="503,553 503,525 335,525 268,527 129,528 129,554 406,554"/><TextEquiv><Unicode/></TextEquiv><TextEquiv index="1"><Unicode>Te viſo vſuram perdidit eloquii.</Unicode></TextEquiv></TextLine><TextLine id="l16"><Coords points="673,551 537,551 527,554 251,555 190,557 116,556 95,555 87,551 87,582 673,582"/><TextEquiv><Unicode/></TextEquiv><TextEquiv index="1"><Unicode>Hoc amor, hoc Franciſce, facit: qui ſcilicet abſens</Unicode></TextEquiv></TextLine><TextLine id="l17"><Coords points="574,582 407,585 121,584 121,615 333,615 336,613 348,612 495,612 501,615 574,615"/><TextEquiv><Unicode/></TextEquiv><TextEquiv index="1"><Unicode>Multa loquis præſens ſæpe tacere ſolet.</Unicode></TextEquiv></TextLine><TextLine id="l18"><Coords points="384,613 384,636 454,636 454,613"/><TextEquiv><Unicode/></TextEquiv><TextEquiv index="1"><Unicode>Eidem,</Unicode></TextEquiv></TextLine><TextLine id="l19"><Coords points="680,639 498,639 491,641 406,643 342,643 331,639 87,639 86,673 264,673 392,672 439,670 571,670 605,671 609,673 680,673"/><TextEquiv><Unicode/></TextEquiv><TextEquiv index="1"><Unicode>Anxia Mauortem dum quærit vbique, nec vſquam</Unicode></TextEquiv></TextLine><TextLine id="l20"><Coords points="566,671 128,674 128,697 566,697"/><TextEquiv><Unicode/></TextEquiv><TextEquiv index="1"><Unicode>Inuenit, amiſſum credidit eſſe Venus.</Unicode></TextEquiv></TextLine><TextLine id="l21"><Coords points="774,699 602,699 584,701 482,700 305,703 144,703 100,701 100,730 105,731 341,731 398,729 584,729 590,731 728,731 774,730"/><TextEquiv><Unicode/></TextEquiv><TextEquiv index="1"><Unicode>Tandem ea dum ad Ligeris te forte fluenta, domantem</Unicode></TextEquiv></TextLine><TextLine id="l22"><Coords points="567,758 567,730 128,732 128,759 511,759"/><TextEquiv><Unicode/></TextEquiv><TextEquiv index="1"><Unicode>Fortiter adſpiceret colla ferocis equi;</Unicode></TextEquiv></TextLine><TextLine id="l23"><Coords points="601,760 582,759 371,760 277,762 119,762 87,761 87,788 601,788"/><TextEquiv><Unicode/></TextEquiv><TextEquiv index="1"><Unicode>Ambaſii loca clam ſubit interiora palatii,</Unicode></TextEquiv></TextLine><TextLine id="l24"><Coords points="609,816 609,789 318,790 281,792 131,791 131,819 400,819"/><TextEquiv><Unicode/></TextEquiv><TextEquiv index="1"><Unicode>Spem cat iens reditus concubitusque tui</Unicode></TextEquiv></TextLine><TextLine id="l25"><Coords points="663,817 401,819 324,821 199,820 128,821 103,819 103,849 418,848 470,846 586,846 592,849 664,849"/><TextEquiv><Unicode/></TextEquiv><TextEquiv index="1"><Unicode>Quo dum Diua loco cernit de marmore ſignum</Unicode></TextEquiv></TextLine><TextLine id="l26"><Coords points="554,876 557,875 557,847 470,847 418,849 185,849 130,850 128,852 128,877 461,877"/><TextEquiv><Unicode/></TextEquiv><TextEquiv index="1"><Unicode>Ipſam ſe referens, elotypa inde fugit</Unicode></TextEquiv></TextLine><TextLine id="l27"><Coords points="749,874 584,874 554,877 313,879 240,878 131,879 100,876 100,907 142,905 169,905 174,907 361,907 470,905 624,905 628,907 749,907"/><TextEquiv><Unicode/></TextEquiv><TextEquiv index="1"><Unicode>Teque oculis iterum atque iterum dum luſtrat; amores</Unicode></TextEquiv></TextLine><TextLine id="l28"><Coords points="424,934 483,935 589,933 589,906 470,906 236,909 190,909 174,908 169,906 130,907 130,936 356,936"/><TextEquiv><Unicode/></TextEquiv><TextEquiv index="1"><Unicode>Falſa prius fuerat nec videt eſſe ſuos:</Unicode></TextEquiv></TextLine><TextLine id="l29"><Coords points="87,966 91,964 97,963 212,965 317,963 649,962 657,966 657,934 557,934 483,936 424,935 247,938 128,938 105,936 100,934 87,933"/><TextEquiv><Unicode/></TextEquiv><TextEquiv index="1"><Unicode>Nec meus, exclamat, Mars eſt, Franciſce, tibi par:</Unicode></TextEquiv></TextLine><TextLine id="l30"><Coords points="129,963 129,993 610,993 610,963"/><TextEquiv><Unicode/></TextEquiv><TextEquiv index="1"><Unicode>Hinc latet, adſpectu ſubtrahiturque meo.</Unicode></TextEquiv></TextLine><TextLine id="l31"><Coords points="87,1024 91,1022 207,1024 261,1022 447,1022 613,1019 635,1020 642,1024 694,1024 694,987 654,987 642,991 351,995 253,994 156,995 87,993"/><TextEquiv><Unicode/></TextEquiv><TextEquiv index="1"><Unicode>Nec Veneri Venus alma tuæ me confero; quæ me-</Unicode></TextEquiv></TextLine><TextLine id="l32"><Coords points="592,1021 447,1023 261,1023 207,1025 128,1024 128,1053 592,1053"/><TextEquiv><Unicode/></TextEquiv><TextEquiv index="1"><Unicode>Et pomum &amp; ceſtum iudice ferre poteſt.</Unicode></TextEquiv></TextLine><TextLine id="l33"><Coords points="322,1053 322,1072 466,1072 466,1053"/><TextEquiv><Unicode/></TextEquiv><TextEquiv index="1"><Unicode>Adhuc eidem.</Unicode></TextEquiv></TextLine><TextLine id="l34"><Coords points="124,1109 365,1110 417,1108 514,1108 548,1106 630,1106 639,1111 721,1111 721,1075 514,1075 512,1077 504,1079 378,1081 277,1080 267,1075 239,1075 218,1077 87,1075 87,1108 124,1108"/><TextEquiv><Unicode/></TextEquiv><TextEquiv index="1"><Unicode>Non ego ſum Cypris, nec pomum,quæ mihi dextra eſt</Unicode></TextEquiv></TextLine><TextLine id="l35"><Coords points="589,1108 417,1109 365,1111 124,1110 124,1140 589,1140"/><TextEquiv><Unicode/></TextEquiv><TextEquiv index="1"><Unicode>Sphæra refert, illi quod ſua forma dedit</Unicode></TextEquiv></TextLine><TextLine id="l36"><Coords points="709,1137 709,1157 761,1157 761,1137"/><TextEquiv><Unicode/></TextEquiv><TextEquiv index="1"><Unicode>Sum</Unicode></TextEquiv></TextLine><TextEquiv><Unicode/></TextEquiv></TextRegion></Page></PcGts>