872 1312
344 71 554 95 NICO AI
130 106 682 135 Sum Dea, quæ delapſa polo, Franciſce, tibiorbs
156 135 577 172 Nuncio deberi totius imperium,
398 178 503 199 De eadem.
127 202 558 234 Qujd ſiſtis celeres gradus? quid aures
124 234 563 260 A vocem arrigis, heus viator? hæc eſt
124 260 545 292 Fandi neſcia, quippe ſculpta, Cypris.
124 289 457 318 Abi quo properas, abi viator.
267 424 644 462 VANDOPERANI
386 475 492 497 Ad doctos,
115 507 632 561 Te ali docti; non ſunt hæc carmina vobi
164 537 640 569 AFacta, nec in veſtras digna venire manus.
119 567 684 603 Heic nihil eſt prorſus caperata fronte legendum;
146 596 586 624 Vel quod Ariſtarchi lima ſeuera notet.
118 625 634 660 Atque hunc ne triſtis vexet cenſura libellum,
144 654 567 689 Pro titulo Nugas ipſe libenter habet.
116 682 656 719 Haud facile excelſo de monte renellitur ornus,
144 712 517 747 Cuius radices intima terra ligat.
116 739 680 779 Sic ſtudium, teneros quo quiſque exercuit annos,
140 771 584 806 Hoc placet, hoc ſero dedidiciſſe poteſt.
112 798 563 834 Ergo mihi adflauit taleis ætatula luſus;
136 828 586 861 Aut legat, aut faciat qui meliora volet.
266 870 522 897 Ad arolum Turnonium.
109 906 720 945 Quod datur exiguum eſt: animum ſed reſpice dantis.
135 935 651 970 Præſul, & hunc magni muneris inſtar habe.
328 979 477 1007 Ad Rubellam.
107 999 648 1040 Surripui tibi, dum dormis, mea bella Rubella,
131 1030 552 1070 Baſiolum dulci nectare dulce magis.
102 1059 645 1099 O male me ſanum, qui quod me torquet & vrit,
128 1087 547 1129 d dicam dulci nectare dulce magis.
