872 1312
283 72 534 95 BORRONII.
352 112 468 132 In Probism.
81 135 481 162 Iactas te bene noſſe cum Latinas
81 169 503 196 Tum Græcas, Probe, literas. at illæ
81 197 470 226 Quas fronti tibi carnifex inuſſit
81 224 482 254 Te reddunt, puto, literatiorem.
264 265 560 291 Ad Draconem Budi filium.
81 281 621 320 Siquiſquam antiqui iuris ſenſa abdita callet,
127 323 635 354 Atque idem linguam fecit vtramque ſuam;
97 352 711 379 Hunc te illum & iuuenem Budæo hæc ſæcula debet.
126 379 506 409 O fili, o iſto digne parente Draco.
276 412 588 439 ELuciano vel potius Auſonio.
81 438 720 478 Fac cito, quod gratum eſſe velis. quod fit cito. gratu:
124 469 617 498 At contra igratum quod cito non fit, erit
81 497 617 528 Gratia quæ properat fieri gratiſſima; ſed quæ
124 526 571 557 Sero fit, hac non eſt gratia grata minus.
282 567 515 593 Ad aam puellam.
81 592 616 625 s Caſſia nomen habes, fateor, dulciſſima virgo:
121 624 578 647 Peccaui & mea lux, Caſſia nomen habes.
81 649 660 688 Peccatum agnoſco: at cum ſis dulciſſima ſemper,
120 681 514 705 Dicebam merito Caſſia te caſiam.
336 722 436 741 In auaros.
90 749 692 779 Dum moritur, lacrimat, non quod moriatur, auarus;
121 779 582 809 Sed loculum tanti quod ſibi nollet emi.
315 810 470 835 De Aulo puero.
81 831 603 870 Sitibi conferret Ganymedem upiter, Aule,
117 866 556 896 Pulcrior ambigeret, vel ſuus eſſet vter.
225 896 562 924 In Lopidem Eraſiiobbreettaorem.
81 916 595 959 Qu vomit ampullas & ſeſquipedalia verba,
118 954 555 982 Obſtrepit & ſtudiis, Roterodame tuis.
81 978 620 1018 dQui tumet Hiſpana petulans & barbarus aura,
81 1012 639 1040 Hunc par eſt lapidem dicere, non Lopidemo
334 1044 446 1063 In eundem.
81 1068 667 1100 Qui Lopidem norunt cognomine; pectore greſſu;
80 1100 687 1137 i unc Lopidem, Lapidem, Loripedemque vocant.
700 1132 741 1151 A
