872 1312
283 72 534 95 BORRONII.
719 76 761 101 y
352 112 468 132 In Probism.
3 105 53 131 a
52 136 481 162 Iactas te bene noſſe cum Latinas
52 169 503 196 Tum Græcas, Probe, literas. at illæ
58 197 470 226 Quas fronti tibi carnifex inuſſit
51 224 482 254 Te reddunt, puto, literatiorem.
264 265 560 291 Ad Draconem Budi filium.
50 282 621 320 Siquiſquam antiqui iuris ſenſa abdita callet,
127 323 635 354 Atque idem linguam fecit vtramque ſuam;
97 352 711 379 Hunc te illum & iuuenem Budæo hæc ſæcula debet.
126 379 506 409 O fili, o iſto digne parente Draco.
1 411 51 427 hll
276 412 588 439 ELuciano vel potius Auſonio.
3 438 720 479 Fac cito, quod gratum eſſe velis. quod fit cito. gratu:
124 469 617 498 At contra igratum quod cito non fit, erit
49 497 617 528 Gratia quæ properat fieri gratiſſima; ſed quæ
124 526 571 557 Sero fit, hac non eſt gratia grata minus.
282 567 515 593 Ad aam puellam.
1 592 616 625 s Caſſia nomen habes, fateor, dulciſſima virgo:
121 624 578 647 Peccaui & mea lux, Caſſia nomen habes.
842 644 870 670 L
1 648 660 688 Peccatum agnoſco: at cum ſis dulciſſima ſemper,
120 681 514 705 Dicebam merito Caſſia te caſiam.
336 722 436 741 In auaros.
90 749 692 779 Dum moritur, lacrimat, non quod moriatur, auarus;
121 779 582 809 Sed loculum tanti quod ſibi nollet emi.
315 810 470 835 De Aulo puero.
48 831 603 871 Sitibi conferret Ganymedem upiter, Aule,
117 866 556 896 Pulcrior ambigeret, vel ſuus eſſet vter.
225 896 562 924 In Lopidem Eraſiiobbreettaorem.
38 916 595 960 Qu vomit ampullas & ſeſquipedalia verba,
118 954 555 982 Obſtrepit & ſtudiis, Roterodame tuis.
1 975 620 1018 dQui tumet Hiſpana petulans & barbarus aura,
55 1012 639 1040 Hunc par eſt lapidem dicere, non Lopidemo
841 1044 869 1057 I
334 1044 446 1063 In eundem.
1 1047 55 1070 i
50 1068 667 1100 Qui Lopidem norunt cognomine; pectore greſſu;
1 1100 687 1139 i unc Lopidem, Lapidem, Loripedemque vocant.
700 1132 741 1151 A
