<?xml version="1.0" encoding="UTF-8" standalone="no"?><PcGts xmlns="http://schema.primaresearch.org/PAGE/gts/pagecontent/2019-07-15" xmlns:xsi="http://www.w3.org/2001/XMLSchema-instance" xsi:schemaLocation="http://schema.primaresearch.org/PAGE/gts/pagecontent/2019-07-15 http://schema.primaresearch.org/PAGE/gts/pagecontent/2019-07-15/pagecontent.xsd"><Metadata><Creator/><Created>2022-04-09T07:05:43</Created><LastChange>1970-01-01T00:00:00</LastChange><Comments/></Metadata><Page imageFilename="0795.png" imageHeight="1312" imageWidth="872"><TextRegion id="r1" orientation="0.0" type="paragraph"><Coords points="1,1 870,1 870,1310 1,1310"/><TextLine id="l1"><Coords points="539,65 462,65 353,65 331,65 331,88 539,88"/><TextEquiv><Unicode/></TextEquiv><TextEquiv index="1"><Unicode>NCC LAI</Unicode></TextEquiv></TextLine><TextLine id="l2"><Coords points="403,128 529,127 529,103 308,103 308,130 370,130"/><TextEquiv><Unicode/></TextEquiv><TextEquiv index="1"><Unicode>Ad puerum rancum.</Unicode></TextEquiv></TextLine><TextLine id="l3"><Coords points="696,128 403,129 343,132 258,132 250,128 124,128 124,160 365,160 504,157 614,157 640,158 644,160 696,160"/><TextEquiv><Unicode/></TextEquiv><TextEquiv index="1"><Unicode>Si tibi Amor geminas humeris accommodet alas,</Unicode></TextEquiv></TextLine><TextLine id="l4"><Coords points="337,189 424,190 478,187 589,187 598,186 598,159 437,159 288,163 153,164 153,191 285,191"/><TextEquiv><Unicode/></TextEquiv><TextEquiv index="1"><Unicode>Armaque, crudelis quæ gerit ille, geras.</Unicode></TextEquiv></TextLine><TextLine id="l5"><Coords points="701,187 478,188 424,191 337,190 216,193 122,193 122,221 226,221 497,216 576,217 582,219 620,219 623,221 701,221"/><TextEquiv><Unicode/></TextEquiv><TextEquiv index="1"><Unicode>Atque ita compoſitum videat te mater Amoris,</Unicode></TextEquiv></TextLine><TextLine id="l6"><Coords points="575,218 497,217 226,222 151,221 151,243 575,243"/><TextEquiv><Unicode/></TextEquiv><TextEquiv index="1"><Unicode>Non illum, ſed te deieret eſſe ſuum.</Unicode></TextEquiv></TextLine><TextLine id="l7"><Coords points="364,256 364,282 494,282 494,256"/><TextEquiv><Unicode/></TextEquiv><TextEquiv index="1"><Unicode>In amillum.</Unicode></TextEquiv></TextLine><TextLine id="l8"><Coords points="126,283 126,314 583,314 583,283"/><TextEquiv><Unicode/></TextEquiv><TextEquiv index="1"><Unicode>Sarmentum eſſe vocabulum Latinum-</Unicode></TextEquiv></TextLine><TextLine id="l9"><Coords points="431,342 445,340 496,342 605,342 605,314 317,314 187,317 125,316 125,344 351,344"/><TextEquiv><Unicode/></TextEquiv><TextEquiv index="1"><Unicode>Nulla fronte negat Camillus. Oqum</Unicode></TextEquiv></TextLine><TextLine id="l10"><Coords points="568,343 407,343 354,345 317,344 175,347 128,346 128,372 568,372"/><TextEquiv><Unicode/></TextEquiv><TextEquiv index="1"><Unicode>Sarmentarius ipſe homo eſt Camillus.</Unicode></TextEquiv></TextLine><TextLine id="l11"><Coords points="387,380 387,409 482,409 482,380"/><TextEquiv><Unicode/></TextEquiv><TextEquiv index="1"><Unicode>o.</Unicode></TextEquiv></TextLine><TextLine id="l12"><Coords points="184,441 331,441 446,438 618,439 618,410 128,410 128,443 180,443"/><TextEquiv><Unicode/></TextEquiv><TextEquiv index="1"><Unicode>Qui volet,argenti cumulos miretur &amp; auri,</Unicode></TextEquiv></TextLine><TextLine id="l13"><Coords points="350,468 456,467 631,467 631,440 446,439 331,442 184,442 176,446 168,446 161,450 158,450 158,470 311,470"/><TextEquiv><Unicode/></TextEquiv><TextEquiv index="1"><Unicode>Et Lapidum Eoo quicquid ab orbe venit.</Unicode></TextEquiv></TextLine><TextLine id="l14"><Coords points="676,468 456,468 350,469 246,472 151,472 137,470 118,470 113,468 108,468 108,500 218,500 265,498 363,498 440,496 614,496 647,497 652,500 676,500"/><TextEquiv><Unicode/></TextEquiv><TextEquiv index="1"><Unicode>Hippocratem ediſcat, legesque, humanaque iurs</Unicode></TextEquiv></TextLine><TextLine id="l15"><Coords points="159,498 159,529 605,529 605,498"/><TextEquiv><Unicode/></TextEquiv><TextEquiv index="1"><Unicode>Qui volet, &amp; magni flagret amore lucri.</Unicode></TextEquiv></TextLine><TextLine id="l16"><Coords points="650,527 400,527 241,530 207,529 202,533 196,534 170,534 160,533 155,530 130,529 119,527 108,526 108,559 111,557 130,556 165,558 247,558 292,556 450,556 496,554 595,555 617,556 622,559 650,559"/><TextEquiv><Unicode/></TextEquiv><TextEquiv index="1"><Unicode>Contentus cithara, Muſisque. meaque puella,</Unicode></TextEquiv></TextLine><TextLine id="l17"><Coords points="572,556 496,555 450,557 292,557 247,559 158,558 158,580 572,580"/><TextEquiv><Unicode/></TextEquiv><TextEquiv index="1"><Unicode>Emoriar ſi Rex maximus eſſe velim.</Unicode></TextEquiv></TextLine><TextLine id="l18"><Coords points="419,613 615,613 615,586 290,586 260,588 120,587 114,591 108,590 108,615 228,615 236,613 368,615"/><TextEquiv><Unicode/></TextEquiv><TextEquiv index="1"><Unicode>Libertate mea felix ego, carmine vincam</Unicode></TextEquiv></TextLine><TextLine id="l19"><Coords points="671,614 419,614 368,616 236,614 228,616 157,616 157,645 671,645"/><TextEquiv><Unicode/></TextEquiv><TextEquiv index="1"><Unicode>Orphea Threicium, Phœbigenamque Linon.</Unicode></TextEquiv></TextLine><TextLine id="l20"><Coords points="373,652 373,678 506,678 506,652"/><TextEquiv><Unicode/></TextEquiv><TextEquiv index="1"><Unicode>In amillum.</Unicode></TextEquiv></TextLine><TextLine id="l21"><Coords points="127,680 127,711 475,711 475,680"/><TextEquiv><Unicode/></TextEquiv><TextEquiv index="1"><Unicode>Mentiris toties mihi: ſed iſtuc</Unicode></TextEquiv></TextLine><TextLine id="l22"><Coords points="359,738 557,739 557,711 128,711 128,740 268,740"/><TextEquiv><Unicode/></TextEquiv><TextEquiv index="1"><Unicode>Ipſum tam bene, tam facis diſert, vt</Unicode></TextEquiv></TextLine><TextLine id="l23"><Coords points="569,740 129,741 129,768 134,769 569,769"/><TextEquiv><Unicode/></TextEquiv><TextEquiv index="1"><Unicode>Omns lam videant, Camille, quam ſis</Unicode></TextEquiv></TextLine><TextLine id="l24"><Coords points="130,769 130,798 475,798 475,769"/><TextEquiv><Unicode/></TextEquiv><TextEquiv index="1"><Unicode>Orator malus, &amp; bonus poëta.</Unicode></TextEquiv></TextLine><TextLine id="l25"><Coords points="344,800 344,828 516,828 516,800"/><TextEquiv><Unicode/></TextEquiv><TextEquiv index="1"><Unicode>hriſtus loquitur.</Unicode></TextEquiv></TextLine><TextLine id="l26"><Coords points="651,827 129,827 129,856 651,856"/><TextEquiv><Unicode/></TextEquiv><TextEquiv index="1"><Unicode>Aër, terra, fretum, ſiluæ, mons, ignis, Olympus,</Unicode></TextEquiv></TextLine><TextLine id="l27"><Coords points="645,858 433,856 159,856 159,880 645,880"/><TextEquiv><Unicode/></TextEquiv><TextEquiv index="1"><Unicode>Omnia tranſibunt, ſed mea verba manent.</Unicode></TextEquiv></TextLine><TextLine id="l28"><Coords points="380,888 380,916 495,916 495,888"/><TextEquiv><Unicode/></TextEquiv><TextEquiv index="1"><Unicode>In omam.</Unicode></TextEquiv></TextLine><TextLine id="l29"><Coords points="663,914 129,914 129,943 663,943"/><TextEquiv><Unicode/></TextEquiv><TextEquiv index="1"><Unicode>Roma fuit: nequeo breuius te, Roma periſſe</Unicode></TextEquiv></TextLine><TextLine id="l30"><Coords points="159,944 159,975 627,975 627,944"/><TextEquiv><Unicode/></TextEquiv><TextEquiv index="1"><Unicode>Dicere. quid breuius dicere? Roma fuit.</Unicode></TextEquiv></TextLine><TextLine id="l31"><Coords points="365,975 365,1001 548,1001 548,975"/><TextEquiv><Unicode/></TextEquiv><TextEquiv index="1"><Unicode>EGræco Demerrij.</Unicode></TextEquiv></TextLine><TextLine id="l32"><Coords points="129,1001 129,1031 663,1031 663,1001"/><TextEquiv><Unicode/></TextEquiv><TextEquiv index="1"><Unicode>Pauper eram iuuenis; ſenio confectus abundo</Unicode></TextEquiv></TextLine><TextLine id="l33"><Coords points="160,1031 160,1062 640,1062 640,1031"/><TextEquiv><Unicode/></TextEquiv><TextEquiv index="1"><Unicode>Diuitiis: mihi ſors commoda neutra fuit.</Unicode></TextEquiv></TextLine><TextLine id="l34"><Coords points="644,1062 130,1062 130,1088 233,1090 454,1090 474,1088 499,1088 519,1090 644,1090"/><TextEquiv><Unicode/></TextEquiv><TextEquiv index="1"><Unicode>Olim vti poteram, cum res fortuna negabat:</Unicode></TextEquiv></TextLine><TextLine id="l35"><Coords points="600,1091 158,1090 158,1120 600,1120"/><TextEquiv><Unicode/></TextEquiv><TextEquiv index="1"><Unicode>Nunc vti nequeo, cum nihil illa negat.</Unicode></TextEquiv></TextLine><TextLine id="l36"><Coords points="799,1118 751,1118 751,1152 799,1151"/><TextEquiv><Unicode/></TextEquiv><TextEquiv index="1"><Unicode>Adu</Unicode></TextEquiv></TextLine><TextEquiv><Unicode/></TextEquiv></TextRegion></Page></PcGts>