<PcGts xmlns="http://schema.primaresearch.org/PAGE/gts/pagecontent/2017-07-15" xmlns:xsi="http://www.w3.org/2001/XMLSchema-instance" xsi:schemaLocation="http://schema.primaresearch.org/PAGE/gts/pagecontent/2017-07-15 http://schema.primaresearch.org/PAGE/gts/pagecontent/2017-07-15/pagecontent.xsd"><Metadata><Creator>User123</Creator><Created>2020-04-19T01:00:17</Created><LastChange>2020-04-19T01:00:17</LastChange></Metadata><Page imageFilename="0796.png" imageHeight="1312" imageWidth="872"><TextRegion id="r0" type="paragraph"><Coords points="1,1 870,1 870,1310 1,1310"/><TextLine id="r0_l001"><Coords points="190,8 190,23 287,23 287,8"/><TextEquiv index="1"><Unicode></Unicode></TextEquiv></TextLine><TextLine id="r0_l002"><Coords points="295,65 295,89 517,89 517,65"/><TextEquiv index="1"><Unicode>BORBONII.</Unicode></TextEquiv></TextLine><TextLine id="r0_l003"><Coords points="730,71 730,96 773,96 773,71"/><TextEquiv index="1"><Unicode></Unicode></TextEquiv></TextLine><TextLine id="r0_l004"><Coords points="216,103 216,128 583,128 583,103"/><TextEquiv index="1"><Unicode>A hirundinem Io itatio Politiani.</Unicode></TextEquiv></TextLine><TextLine id="r0_l005"><Coords points="50,165 55,164 74,164 81,162 334,162 599,165 604,164 604,134 514,135 477,133 359,133 301,131 177,132 166,128 141,129 112,125 63,124 58,123 54,116 1,116 1,149 3,150 2,161 3,165 6,168 46,168"/><TextEquiv index="1"><Unicode>Medeæ ſtatua eſt: natos cui credis hirundo</Unicode></TextEquiv></TextLine><TextLine id="r0_l006"><Coords points="826,148 826,179 870,179 870,148"/><TextEquiv index="1"><Unicode></Unicode></TextEquiv></TextLine><TextLine id="r0_l007"><Coords points="84,210 85,198 158,196 207,191 385,195 585,195 585,166 334,163 81,163 74,165 50,166 42,173 1,173 1,210 29,211 34,216 79,216"/><TextEquiv index="1"><Unicode>Feralio: viden hæc mactet vt ipſa ſuos?</Unicode></TextEquiv></TextLine><TextLine id="r0_l008"><Coords points="823,179 823,214 870,214 870,179"/><TextEquiv index="1"><Unicode></Unicode></TextEquiv></TextLine><TextLine id="r0_l009"><Coords points="184,195 184,222 661,222 661,195"/><TextEquiv index="1"><Unicode>Ad Philipum amera nobien</Unicode></TextEquiv></TextLine><TextLine id="r0_l010"><Coords points="639,228 619,226 569,226 549,225 545,223 56,223 54,223 53,226 40,226 40,256 69,256 76,251 501,253 578,256 639,256"/><TextEquiv index="1"><Unicode>Sunt quibus hæc ætas ſit ferrea viſa Philippe,</Unicode></TextEquiv></TextLine><TextLine id="r0_l011"><Coords points="616,257 501,254 118,252 118,278 122,274 142,274 174,275 182,282 369,282 616,285"/><TextEquiv index="1"><Unicode>Ouique boni in terris nil ſupereſſe putent.</Unicode></TextEquiv></TextLine><TextLine id="r0_l012"><Coords points="701,297 694,297 678,292 676,288 670,283 663,283 657,286 539,286 369,283 180,283 172,288 135,288 119,286 115,283 94,283 79,281 72,278 69,275 40,274 40,311 46,315 63,315 73,311 124,311 159,313 349,312 395,314 701,315"/><TextEquiv index="1"><Unicode>Nunc, clamant, periit virtus, doctrina, fidesque,</Unicode></TextEquiv></TextLine><TextLine id="r0_l013"><Coords points="114,314 114,343 516,343 516,314"/><TextEquiv index="1"><Unicode>Et pudor, &amp; veræ relligionis amor.</Unicode></TextEquiv></TextLine><TextLine id="r0_l014"><Coords points="679,343 552,343 545,345 81,343 81,350 77,354 57,354 55,356 40,356 40,375 92,375 100,370 155,372 410,372 498,373 536,375 679,375"/><TextEquiv index="1"><Unicode>Falluntur: quia vbi his dabitur te noſſe, videbunt,</Unicode></TextEquiv></TextLine><TextLine id="r0_l015"><Coords points="495,374 120,372 120,398 124,401 130,400 135,395 156,395 164,402 495,402"/><TextEquiv index="1"><Unicode>Quam ſit iudicii regula falſa ſui</Unicode></TextEquiv></TextLine><TextLine id="r0_l016"><Coords points="593,402 579,401 541,401 539,403 531,405 163,403 158,407 154,408 141,408 133,406 129,402 124,402 118,398 99,397 95,395 39,396 39,433 71,433 75,431 124,431 167,433 593,433"/><TextEquiv index="1"><Unicode>Eſſe tui paucos ſimileis, hoc ſcilicet vnum,</Unicode></TextEquiv></TextLine><TextLine id="r0_l017"><Coords points="701,433 640,433 634,436 625,437 416,434 104,433 104,469 189,469 191,466 302,466 309,461 331,460 375,461 392,464 480,464 513,466 516,468 542,469 701,469"/><TextEquiv index="1"><Unicode>Quod merito doleant, quodve querantur, habent.</Unicode></TextEquiv></TextLine><TextLine id="r0_l018"><Coords points="353,466 353,485 469,485 469,466"/><TextEquiv index="1"><Unicode>Dolori vis.</Unicode></TextEquiv></TextLine><TextLine id="r0_l019"><Coords points="1,467 1,496 41,496 41,467"/><TextEquiv index="1"><Unicode></Unicode></TextEquiv></TextLine><TextLine id="r0_l020"><Coords points="611,491 514,491 507,493 359,492 317,493 311,491 60,491 57,494 44,495 40,499 40,523 69,523 77,521 611,523"/><TextEquiv index="1"><Unicode>Tabeſcunt homines nimio mœrore, nec vlla</Unicode></TextEquiv></TextLine><TextLine id="r0_l021"><Coords points="116,523 116,554 656,554 656,523"/><TextEquiv index="1"><Unicode>Quæ proſint homini commoda mœror habet.</Unicode></TextEquiv></TextLine><TextLine id="r0_l022"><Coords points="1,534 1,566 41,566 41,534"/><TextEquiv index="1"><Unicode></Unicode></TextEquiv></TextLine><TextLine id="r0_l023"><Coords points="329,554 329,581 514,581 514,554"/><TextEquiv index="1"><Unicode>De ſe d Cupidine.</Unicode></TextEquiv></TextLine><TextLine id="r0_l024"><Coords points="599,581 558,581 551,583 513,584 300,583 290,582 284,579 146,579 128,576 39,576 39,612 66,612 69,610 81,609 121,609 148,611 599,612"/><TextEquiv index="1"><Unicode>Oblatæ iuuenem dum forma virginis ictum</Unicode></TextEquiv></TextLine><TextLine id="r0_l025"><Coords points="533,614 457,614 423,612 100,612 100,639 107,640 533,640"/><TextEquiv index="1"><Unicode>Me putat, elata lampade riſit Amor.</Unicode></TextEquiv></TextLine><TextLine id="r0_l026"><Coords points="592,640 577,640 568,643 128,642 69,639 62,635 60,623 1,623 1,655 34,655 35,666 39,671 67,671 71,669 110,669 139,671 592,671"/><TextEquiv index="1"><Unicode>Vt vero Hippolytum caſto me pectore vidit</Unicode></TextEquiv></TextLine><TextLine id="r0_l027"><Coords points="105,672 105,701 573,701 573,672"/><TextEquiv index="1"><Unicode>Vincere, demiſſa lampade fleuit Amor.</Unicode></TextEquiv></TextLine><TextLine id="r0_l028"><Coords points="813,674 813,715 870,715 870,674"/><TextEquiv index="1"><Unicode></Unicode></TextEquiv></TextLine><TextLine id="r0_l029"><Coords points="265,704 265,724 573,724 573,704"/><TextEquiv index="1"><Unicode>d Luc. Sledam Mediolan.</Unicode></TextEquiv></TextLine><TextLine id="r0_l030"><Coords points="86,731 86,753 369,753 369,731"/><TextEquiv index="1"><Unicode>Et deſiderio tni videndi</Unicode></TextEquiv></TextLine><TextLine id="r0_l031"><Coords points="85,761 85,791 459,791 459,761"/><TextEquiv index="1"><Unicode>Arſi ſemper, &amp; vſque deſlagraui.</Unicode></TextEquiv></TextLine><TextLine id="r0_l032"><Coords points="85,792 85,816 511,816 511,792"/><TextEquiv index="1"><Unicode>Nunc demum mihi, cui tuos ocellos</Unicode></TextEquiv></TextLine><TextLine id="r0_l033"><Coords points="84,822 84,850 518,850 518,822"/><TextEquiv index="1"><Unicode>Coram cernere, candidumque pectus</Unicode></TextEquiv></TextLine><TextLine id="r0_l034"><Coords points="2,851 2,875 42,875 42,851"/><TextEquiv index="1"><Unicode></Unicode></TextEquiv></TextLine><TextLine id="r0_l035"><Coords points="508,880 508,851 417,852 325,850 243,852 85,850 85,877 95,878 120,878 158,881 240,881 309,879 458,881"/><TextEquiv index="1"><Unicode>Contingit; ſupereſtnihil petendum</Unicode></TextEquiv></TextLine><TextLine id="r0_l036"><Coords points="1,875 1,905 42,905 42,875"/><TextEquiv index="1"><Unicode></Unicode></TextEquiv></TextLine><TextLine id="r0_l037"><Coords points="528,881 241,881 186,883 157,881 81,881 81,908 128,910 528,910"/><TextEquiv index="1"><Unicode>ADiis, quam vt tibi, Stella, largiantur,</Unicode></TextEquiv></TextLine><TextLine id="r0_l038"><Coords points="87,912 87,940 424,940 424,912"/><TextEquiv index="1"><Unicode>Quod nouere tu criditioni</Unicode></TextEquiv></TextLine><TextLine id="r0_l039"><Coords points="88,941 88,969 473,969 473,941"/><TextEquiv index="1"><Unicode>Deberi, Venerique, Gratiaqe.</Unicode></TextEquiv></TextLine><TextLine id="r0_l040"><Coords points="304,972 304,991 477,991 477,972"/><TextEquiv index="1"><Unicode>Al Io. eun.</Unicode></TextEquiv></TextLine><TextLine id="r0_l041"><Coords points="655,999 416,999 399,1001 378,999 43,999 43,1026 157,1029 285,1029 289,1031 346,1031 378,1029 381,1027 456,1027 511,1029 571,1029 594,1031 655,1031"/><TextEquiv index="1"><Unicode>Bellus es; elegit ſeciem hanc ſibi candida Virtus,</Unicode></TextEquiv></TextLine><TextLine id="r0_l042"><Coords points="845,1018 845,1048 870,1048 870,1018"/><TextEquiv index="1"><Unicode></Unicode></TextEquiv></TextLine><TextLine id="r0_l043"><Coords points="1,1024 1,1049 44,1049 44,1024"/><TextEquiv index="1"><Unicode></Unicode></TextEquiv></TextLine><TextLine id="r0_l044"><Coords points="270,1062 276,1058 292,1057 336,1059 476,1058 510,1059 515,1062 574,1062 574,1031 510,1029 379,1029 346,1032 289,1032 285,1030 216,1029 74,1029 74,1063 192,1063"/><TextEquiv index="1"><Unicode>Qua ſine nl bell, ue, facis.</Unicode></TextEquiv></TextLine><TextLine id="r0_l045"><Coords points="323,1062 323,1079 467,1079 467,1062"/><TextEquiv index="1"><Unicode>In ouie m.</Unicode></TextEquiv></TextLine><TextLine id="r0_l046"><Coords points="1,1088 1,1117 647,1117 647,1088"/><TextEquiv index="1"><Unicode>Qæris cur adeo intumuit tibi Porcule venter?</Unicode></TextEquiv></TextLine><TextLine id="r0_l047"><Coords points="114,1118 114,1144 564,1144 564,1118"/><TextEquiv index="1"><Unicode>Vt totum ventrem, Porcie, te faceret.</Unicode></TextEquiv></TextLine><TextLine id="r0_l048"><Coords points="845,1126 845,1152 870,1152 870,1126"/><TextEquiv index="1"><Unicode></Unicode></TextEquiv></TextLine><TextLine id="r0_l049"><Coords points="599,1152 599,1172 755,1172 755,1152"/><TextEquiv index="1"><Unicode>Cec In</Unicode></TextEquiv></TextLine><TextLine id="r0_l050"><Coords points="866,1229 843,1229 843,1268 866,1268"/><TextEquiv index="1"><Unicode></Unicode></TextEquiv></TextLine></TextRegion></Page></PcGts>