872 1312
295 65 517 89 BORBONII.
216 103 583 128 A hirundinem Io itatio Politiani.
77 124 604 165 Medeæ ſtatua eſt: natos cui credis hirundo
107 162 585 197 Feralio: viden hæc mactet vt ipſa ſuos?
184 195 661 222 Ad Philipum amera nobien
78 223 639 256 Sunt quibus hæc ætas ſit ferrea viſa Philippe,
118 252 616 285 Ouique boni in terris nil ſupereſſe putent.
78 280 701 315 Nunc, clamant, periit virtus, doctrina, fidesque,
114 314 516 343 Et pudor, & veræ relligionis amor.
78 343 679 375 Falluntur: quia vbi his dabitur te noſſe, videbunt,
120 372 495 404 Quam ſit iudicii regula falſa ſui
78 395 593 433 Eſſe tui paucos ſimileis, hoc ſcilicet vnum,
104 433 701 469 Quod merito doleant, quodve querantur, habent.
353 466 469 485 Dolori vis.
78 491 611 523 Tabeſcunt homines nimio mœrore, nec vlla
116 523 656 554 Quæ proſint homini commoda mœror habet.
329 554 514 581 De ſe d Cupidine.
78 576 599 612 Oblatæ iuuenem dum forma virginis ictum
100 612 533 640 Me putat, elata lampade riſit Amor.
78 639 592 671 Vt vero Hippolytum caſto me pectore vidit
105 672 573 701 Vincere, demiſſa lampade fleuit Amor.
265 704 573 724 d Luc. Sledam Mediolan.
86 731 369 753 Et deſiderio tni videndi
85 761 459 791 Arſi ſemper, & vſque deſlagraui.
85 792 511 816 Nunc demum mihi, cui tuos ocellos
84 822 518 850 Coram cernere, candidumque pectus
85 850 508 881 Contingit; ſupereſtnihil petendum
81 881 528 910 ADiis, quam vt tibi, Stella, largiantur,
87 912 424 940 Quod nouere tu criditioni
88 941 473 969 Deberi, Venerique, Gratiaqe.
304 972 477 991 Al Io. eun.
77 998 655 1031 Bellus es; elegit ſeciem hanc ſibi candida Virtus,
77 1028 574 1063 Qua ſine nl bell, ue, facis.
323 1062 467 1079 In ouie m.
78 1088 647 1117 Qæris cur adeo intumuit tibi Porcule venter?
114 1118 564 1144 Vt totum ventrem, Porcie, te faceret.
726 1152 755 1172 Cec In
