872 1312
330 70 545 96 ICOLA
349 112 480 138 In Marcum.
117 135 705 168 Tu vel opum compeſce famem, luerumque ſitire
144 168 623 197 Deſine; vel cur ſis quærere, Marce, macer.
347 199 518 226 In Char idemum
119 216 725 258 Scis quid ab antiquo diſtet Charidemus Homero?
146 254 590 285 Ille oculis captus corporis, hicanimi.
263 285 589 312 Duorum amiorumm eii phium.
110 313 671 348 Quos habuit quondam viuenteis vna voluntas,
146 343 636 370 Nunc vitâ ſunctos vrna habet vna duos.
346 384 502 406 In Turbilionem
117 411 718 443 Duxit heri vxorem qui pulcram adeoque venuſtam,
148 442 568 476 Ecce pater ſactus Turbilio eſt hodie.
119 474 647 501 Vidit vt infantem, Superis pro munere grates.
145 501 647 534 Egit. quæ hunc mulier nolit habere virum?
271 533 554 561 Marroni auari epitphium.
110 559 620 591 Ah fœtet nimis. huic foueæ Marronis auari
148 591 595 622 Corpus ineſt & mens.fiecte viator iter.
218 622 651 648 Iccæam, ſcrificllmm laarri non me te orecantem.
118 648 651 680 Sacriſicus modios precularum mille ſuſurrat:
146 680 568 709 Non aliter turpis ſimia labra mouet.
349 719 471 746 Ad patrem.
119 747 639 776 Vt teneris pulcer videar placeamque puellis,
148 776 614 807 Qurere me veſtem dicis amande pater.
119 806 673 834 Falleris: haud etenim veſtis ſed corpus amatur:
146 836 673 866 Namque petit nudum noſtra puella virum
347 874 533 895 Ad Io Maldinum.
117 901 640 933 Miraris quod amem? mirari deſine. cœlum,
146 932 591 961 Et maria, & terras, omnia cogit Amor.
117 960 675 992 In cœlo Superos, in terra hominesque ferasque,
145 988 584 1021 Et piſces in aquis, omnia cogit Amor.
117 1019 615 1051 Arias volucres, & quidquid ſpirat in orbe,
145 1048 646 1081 In flammam & furias omnia cogit Amor.
117 1077 648 1111 Dic, Maldine, mihi, qui tot tantisque potitur
146 1108 591 1142 Imperiis, uonne eſtimperioſus Amor,
726 1136 804 1169 Samj
