872 1312
279 67 501 92 BORBONII.
714 79 753 102 1
240 103 507 132 Samij pueri docti tumlus.
2 126 603 167 Ergo obiit Samius linguâ facundus vtraque?
106 162 519 193 Dictus, amorſecli deliciumque ſui?
40 185 591 229 Occidit ante diem: ſic Mors inimiciteregit.
102 223 605 254 Vtraque flet laceris mœſta Minerua comis.
247 255 506 277 Ad Carolum Turnonium,
42 269 554 313 Vt pullos gallina tegit ſeruatque ſub alis,
102 310 545 341 Ne ſurſum rapidæ præda ferantur aui:
24 335 571 370 Sic me cum Muſis, Mecœnas Carole, ſerua,
100 371 522 400 Perdere quem cœ cæ nititur ira Deæ.
24 400 653 433 Quod potuiſti olim, melius nunc poſſe memento:
99 431 601 463 Nec videas qui ſim, ſed modo qui fuerim.
298 464 442 488 In Maldinm.
16 488 523 521 Ridebas ictum telis me nuper Amoris,
98 520 652 552 Maldinc, at nunc ſcis tu quoque quid ſit Amor?
43 550 641 583 Vreprecor grauius grauius precor vre Cupido,
96 580 556 608 Quem tibi nolentem ſuccubuiſle vides.
285 611 428 635 Cre chriſtiano.
17 638 643 674 Dic mihi, cum tibi ſit Chriſtus tam multus in ore,
43 669 553 700 Cur vitâ Chriſtum ſiagitioſe, negas.
239 702 497 728 In te.
42 715 581 759 Hei mihi cur ſordent ſpreti lacerique poëtæ,
95 758 552 789 Quorum cœleſti pectora mente calenr
1 779 603 831 Ignauos homines mimos, ſcurrasque videmus
833 784 869 814 M
91 818 469 847 In pretio, ornari delitiisque frui.
3 830 570 876 Vnde hic inualuit rerum præpoſterus ordo?
1 863 41 889 -
92 876 632 907 Hei mihii quam nimium iuſta querela mea eſt:i
39 894 540 937 Sed valoat Dea cœca, piis inimica poetis;
1 930 549 963 i Qucis pro diuitiis nomen habere ſat eſt.
293 966 389 994 Deo
1 988 608 1026 Laudo bonos, caſtigo malos; ignoſcite vtrique:
41 1024 558 1054 Sum puer; & pueros libera lingua decet.
262 1056 489 1075 In medicum indot .
1 1078 624 1112 Si tibi literula accedat, quæ in Neſtore prima eſt,
1 1109 546 1142 Fies mendicus, qui modo eras medicus.
485 1147 570 1168 Csc a
