872 1312
346 74 560 96 NCcOoAI
244 112 617 140 Ad Iacob. Tuſſanum præceprorem.
114 137 661 169 Naſo tibi videor, Tuſſane. intelligo: nempe
165 171 632 200 Scribo Tomitanis carmina digna Getis.
369 210 509 232 Ad Lectorem.
138 237 634 275 Qui legit has nugas, oro ſit candidus, & ſe
169 268 562 299 SInon delectant ad meliora ferat.
140 297 639 328 Sæpe in neglectis reperitur gemma lapillis;
168 327 596 357 Sæpe cadus vilis nobile nectar habet.
383 368 512 394 Ad puellam.
140 396 745 427 Quei fit, vt inflammer magis, ac magis vrar in horas,
169 427 646 455 Contemplans oculos pulcra puella tuos?
114 455 642 484 Ex oculo dextro ridens Venus, eque ſiniſtro
171 486 643 515 In me contorquet tela proteruus Amor.
142 514 725 543 Me miſerum, quid agam? fax plus ſatis vna fuiſſet:
172 545 572 574 Infelix, cogor ferre quid ergo duas.
387 576 513 594 Ad cændem.
145 602 735 633 Quris aquam virgo duo ſunt mea lumina fontes,
172 633 672 662 x quibus, oro, vide ſlumina quanta fluant.
145 662 741 692 Quod ſi ignem quæris, mea ſunt præcordia flammæ:
173 693 715 721 Sic, vt aqua in me ignem ſuſcitet; ignis aquam.
371 724 512 744 E Græco.
145 750 708 781 Qui modo Amor fuerat, nunc eſt ſartago culinæ:
172 780 670 810 Vrit & hæc: mentem quis neget eſſe fabro?
337 821 546 841 De Io. Flrio Rhetore.
143 847 618 875 Ver aperit ſlores, & rident omnia vere:
172 877 617 906 Vere nihil totus pulcrius annus habet.
144 906 690 935 Sed quos ver præbet flores, moriuntur & arent.
171 937 595 964 Perpetuos flores Florius vnus habet.
401 969 517 989 In Sutorem.
142 993 648 1024 Derenſus nuda nudus cum Thaide Sutor;
174 1024 631 1050 Hic non ſutor erat, credo: fututor erat.
340 1058 571 1086 n tagninam puellam.
145 1083 661 1117 Cornici certe Stagnina ſimillima noſtraeſt:
175 1113 687 1147 Quo ſe merſat aquis hoc manet atra magis-
719 1145 812 1179 pe-
