872 1312
276 77 544 100 BORBONII.
269 110 485 132 De Andreâ Alciato.
1 137 611 170 Dlcitur Alcides domuiſſe immania monſtra,
112 167 616 198 Sub quibus, & languens & miſer, orbis erat.
43 197 634 231 Barbariem monſtrum multo truculentius illis,
110 228 503 252 Strauiſti. Alcida maiores Alciate.
319 261 453 287 De comptulo.
41 279 651 321 Quottidie ad ſpeculum qui ſe muliebriter ornat,
108 318 617 347 Compoſitamque ſinit molliter ire comam:
43 346 568 377 Qui ſua difcinctâ denudat pectora veſte,
106 377 589 408 Cuius in articulis plurima gemma micat.
23 407 578 436 Huc oculos qui femineos collimat & illuc;
108 438 521 467 Qui præter flores nil violasve tenet.
1 467 654 497 Tam bene per vicos qui incedit tamque modeſte,
104 496 550 526 Et bene curatâ qui cute tam bene olet.
1 527 526 558 Quinulla nouit non adridere libenter,
104 556 508 586 Qui ſemifractâ verbula voce ſonat,
42 586 646 616 Bellus aduleſcens ſuauisque & honeſtus habetur,
101 616 677 647 Dignus amore hominum, dignus amore Deim.
42 646 536 677 Hoccine miraris mirari deſine, talem
2 675 589 711 Eſſe decet, quem non femina, ſed vir amet.
271 709 484 736 I vdAsc.
1 712 49 741 Aq
13 740 620 773 Ah qum difficile eſt falſos cognoſcere fratres,
66 772 502 803 Quos hodie veſtis prodigioſa tegit.
61 801 580 833 Sed miſerum vulgus taleis miratur, & eſſe
98 831 542 861 Cœleſteis animas ſemideosque putat.
73 860 589 893 Horum ſi ignores fucum ſimulataque verba,
98 890 522 920 Et veſtem videas, eſſe putabis oues.
62 919 627 950 Falleris: intus ſunt vulpesque lupique rapaces:
98 948 547 981 Aut ſi quid peius vulpibus atque lupis.
343 984 422 1003 Ann-.
41 1003 701 1040 Ver, ſtas, Autumnus, Hyems, ſunt quattuor vnum;
57 1038 599 1065 Quæ ſi membra ſimul iunxeris, Annus erit.
321 1071 419 1098 EGræco.
42 1095 710 1128 Omne breue eſt, homini miſero quod viuitur, æuum;
1 1113 538 1154 Vel liceat nobis omnibus eſſe ſenes.
672 1158 740 1188 opti-
441 1162 536 1186 Ccc
