872 1312
336 89 546 112 NICOLAI
129 125 667 158 Optima ſed citius fugit ætas. dum ſumus ergo;
161 158 622 186 Omnia ſint potius pocula, cantus, amor.
128 187 727 216 Inſtat hyems, ſeniumque malum; tunc nulla puellæ
160 216 675 246 Segne minis ingnen ſuſcitat empta decem.
317 246 553 271 In Gelliani codicis.
129 274 557 305 Attica nox hæc eſt, nulli ceſſura diei;
162 305 640 335 Quod dedit egregiæ Gellius artis opus.
130 335 676 362 Sermonis Veneres heic ſunt.omnesque Latinæ
159 363 577 394 Deliciæ. vulgo non patet iſta penus.
334 393 564 421 Ad G. Piſcem potam.
132 422 649 453 Qui tam dulce canis iuuenili carmen auenâ,
163 452 606 481 Piſcis, & Aonium fundis ab ore melos.
121 480 592 514 Illos vt melius modulatos eſſe negarim,
163 511 559 544 Qui traxere lyrâ ſaxa ferasque ſuâ;
121 541 661 571 Temini relligio eſt Piſcem appellare; canoræ
163 571 568 599 Sirenis potius nomine dignus eras.
405 602 473 621 Virtus.
129 627 636 655 Pulra, Dei donum, Virtus facit eſſe beatos:
159 658 616 688 Poſt cineres Virtus viuere ſola facit.
363 690 529 711 Somnus & mors.
132 718 729 747 Qio Mors nata fuit, Somnus patre natus eodem eſt.
162 747 666 777 Quam bene ſunt ſimiles ſrater & ipſa ſoror.
298 781 555 808 I Plautulum poëtam.
133 808 711 836 Carmine proſcindis merito lacerasque nouercam
161 836 641 859 Plautule: nam nimis eſt illa nouerca tibi.
131 865 611 898 Sed te fert rumor letale parare venenum:
161 896 579 927 Quid facis infelix? quo furioſe ruis?
129 925 669 956 Hic niſi mentitur rumor, ſcis quid facis amens
158 955 651 979 Plautule? confundis carmina criminibus.
367 989 489 1017 Ad patrem.
128 1013 619 1044 Frigida noſtra, pater. dixiſti carmina: ſan
157 1045 609 1076 Frigent quæ fecit carmina potor aquæ.
345 1078 520 1098 In haridemum.
131 1102 778 1135 Qui nunc ſe Hippocratem Charidemus nuncupat, illi
154 1133 651 1166 Multo eſſet melius ſe facere Harpocratem.
754 1162 821 1184 A
