<?xml version="1.0" encoding="UTF-8" standalone="no"?><PcGts xmlns="http://schema.primaresearch.org/PAGE/gts/pagecontent/2019-07-15" xmlns:xsi="http://www.w3.org/2001/XMLSchema-instance" xsi:schemaLocation="http://schema.primaresearch.org/PAGE/gts/pagecontent/2019-07-15 http://schema.primaresearch.org/PAGE/gts/pagecontent/2019-07-15/pagecontent.xsd"><Metadata><Creator/><Created>2022-04-09T07:10:24</Created><LastChange>1970-01-01T00:00:00</LastChange><Comments/></Metadata><Page imageFilename="0802.png" imageHeight="1312" imageWidth="872"><TextRegion id="r1" orientation="0.0" type="paragraph"><Coords points="1,1 870,1 870,1310 1,1310"/><TextLine id="l1"><Coords points="276,68 276,91 497,91 497,68"/><TextEquiv><Unicode/></TextEquiv><TextEquiv index="1"><Unicode>BORBONII</Unicode></TextEquiv></TextLine><TextLine id="l2"><Coords points="489,134 489,109 285,109 285,136 366,136"/><TextEquiv><Unicode/></TextEquiv><TextEquiv index="1"><Unicode>A Ioan. Tempium.</Unicode></TextEquiv></TextLine><TextLine id="l3"><Coords points="67,168 72,167 199,168 276,166 569,166 596,167 601,170 715,169 715,139 706,139 703,134 491,134 473,136 366,137 239,137 233,134 66,134 66,168"/><TextEquiv><Unicode/></TextEquiv><TextEquiv index="1"><Unicode>Tempius hoc nomen. ſeu dant tibi Theſſala Tempe,</Unicode></TextEquiv></TextLine><TextLine id="l4"><Coords points="563,167 276,167 199,169 111,168 111,197 563,197"/><TextEquiv><Unicode/></TextEquiv><TextEquiv index="1"><Unicode>Nulla quibus fertur terra beata magis:</Unicode></TextEquiv></TextLine><TextLine id="l5"><Coords points="580,226 580,199 535,199 491,197 228,198 167,200 103,199 68,196 66,194 66,224 105,224 105,226 138,227 554,227"/><TextEquiv><Unicode/></TextEquiv><TextEquiv index="1"><Unicode>eScu potius tanta pietate vocaris abiſtâ</Unicode></TextEquiv></TextLine><TextLine id="l6"><Coords points="607,224 589,224 583,227 554,228 444,227 309,229 135,229 105,227 105,257 288,257 299,255 331,255 337,257 607,257"/><TextEquiv><Unicode/></TextEquiv><TextEquiv index="1"><Unicode>Tam piuss egregie quudtat vtrumque tii.</Unicode></TextEquiv></TextLine><TextLine id="l7"><Coords points="401,286 422,284 501,285 501,259 283,259 283,287 320,287"/><TextEquiv><Unicode/></TextEquiv><TextEquiv index="1"><Unicode>De ilberto Duclerio.</Unicode></TextEquiv></TextLine><TextLine id="l8"><Coords points="66,317 290,318 526,315 615,315 620,317 620,282 548,282 542,285 507,286 422,285 401,287 238,288 228,285 117,285 90,282 66,282"/><TextEquiv><Unicode/></TextEquiv><TextEquiv index="1"><Unicode>Siquiſquam orator bonus eſt idemque poëta,</Unicode></TextEquiv></TextLine><TextLine id="l9"><Coords points="380,346 590,345 590,317 112,319 112,348 276,348"/><TextEquiv><Unicode/></TextEquiv><TextEquiv index="1"><Unicode>Si quenquam dotis laus vtriuſque decet;</Unicode></TextEquiv></TextLine><TextLine id="l10"><Coords points="232,376 363,377 468,375 575,375 579,377 653,377 653,342 633,342 622,346 546,347 101,349 66,347 65,378 194,378"/><TextEquiv><Unicode/></TextEquiv><TextEquiv index="1"><Unicode>Quem Peitho miratur, amatque canorus Aollo,</Unicode></TextEquiv></TextLine><TextLine id="l11"><Coords points="533,377 232,377 194,379 127,378 112,379 112,408 367,408 451,406 494,406 498,408 533,408"/><TextEquiv><Unicode/></TextEquiv><TextEquiv index="1"><Unicode>Vtraque Ducherio gloria iure datur.</Unicode></TextEquiv></TextLine><TextLine id="l12"><Coords points="297,409 297,437 454,437 454,409"/><TextEquiv><Unicode/></TextEquiv><TextEquiv index="1"><Unicode>morloquitur.</Unicode></TextEquiv></TextLine><TextLine id="l13"><Coords points="717,437 683,437 678,436 672,431 641,429 631,427 583,427 560,430 500,429 498,431 490,433 436,433 403,437 252,439 242,435 124,435 75,430 66,430 66,466 717,466"/><TextEquiv><Unicode/></TextEquiv><TextEquiv index="1"><Unicode>NHunc arcum metuunt Reges, Tellus, Mare, Cœlu</Unicode></TextEquiv></TextLine><TextLine id="l14"><Coords points="348,496 440,495 555,496 555,467 419,467 184,470 104,468 104,498 161,498 169,496 216,496 224,498 332,498"/><TextEquiv><Unicode/></TextEquiv><TextEquiv index="1"><Unicode>Præque meis frigent omnia tela louis.</Unicode></TextEquiv></TextLine><TextLine id="l15"><Coords points="181,497 181,520 543,520 543,497"/><TextEquiv><Unicode/></TextEquiv><TextEquiv index="1"><Unicode>De Germ. Srivio &amp; Salm. Macrinoe.</Unicode></TextEquiv></TextLine><TextLine id="l16"><Coords points="368,557 393,555 393,529 66,528 66,558 249,558"/><TextEquiv><Unicode/></TextEquiv><TextEquiv index="1"><Unicode>tas egregios duos poëtas</Unicode></TextEquiv></TextLine><TextLine id="l17"><Coords points="538,556 386,556 368,558 250,558 204,561 82,558 82,582 538,582"/><TextEquiv><Unicode/></TextEquiv><TextEquiv index="1"><Unicode>Hæc fert aurea. Brixium ac Macrinum:</Unicode></TextEquiv></TextLine><TextLine id="l18"><Coords points="466,614 535,614 541,617 541,589 271,588 179,590 81,589 81,616 98,618 238,618"/><TextEquiv><Unicode/></TextEquiv><TextEquiv index="1"><Unicode>Lingua maximus eſt vterque vtraque,</Unicode></TextEquiv></TextLine><TextLine id="l19"><Coords points="494,645 494,615 300,617 189,620 119,620 82,617 82,646 250,647"/><TextEquiv><Unicode/></TextEquiv><TextEquiv index="1"><Unicode>Ex æquoque beata vena vtrique eſt.</Unicode></TextEquiv></TextLine><TextLine id="l20"><Coords points="450,646 251,647 214,649 125,649 81,647 81,670 450,670"/><TextEquiv><Unicode/></TextEquiv><TextEquiv index="1"><Unicode>Mellitas citharâ Macrinus odas</Unicode></TextEquiv></TextLine><TextLine id="l21"><Coords points="80,676 80,708 466,708 466,676"/><TextEquiv><Unicode/></TextEquiv><TextEquiv index="1"><Unicode>Flacci perſonat inſtar, &amp; pudicos</Unicode></TextEquiv></TextLine><TextLine id="l22"><Coords points="382,734 478,734 478,708 80,708 80,734 113,736 346,736"/><TextEquiv><Unicode/></TextEquiv><TextEquiv index="1"><Unicode>Mores coiugis optimæ &amp; amores</Unicode></TextEquiv></TextLine><TextLine id="l23"><Coords points="477,735 382,735 346,737 274,737 228,739 128,738 81,735 81,761 477,761"/><TextEquiv><Unicode/></TextEquiv><TextEquiv index="1"><Unicode>Effert laudibus, &amp; ſuos, &amp; omneis</Unicode></TextEquiv></TextLine><TextLine id="l24"><Coords points="567,796 567,767 281,767 214,769 139,769 121,767 83,767 83,797 267,797 361,794 519,794 524,797 544,797"/><TextEquiv><Unicode/></TextEquiv><TextEquiv index="1"><Unicode>Doctos, quique bonas amant Camœnas:</Unicode></TextEquiv></TextLine><TextLine id="l25"><Coords points="473,823 473,796 328,796 182,799 81,798 81,824 95,824 107,826 390,826"/><TextEquiv><Unicode/></TextEquiv><TextEquiv index="1"><Unicode>Atque hoc ingenios &amp; eleganter</Unicode></TextEquiv></TextLine><TextLine id="l26"><Coords points="312,854 436,853 436,827 80,827 80,854 89,854 97,856 278,856"/><TextEquiv><Unicode/></TextEquiv><TextEquiv index="1"><Unicode>Feſtiueque adeo facit poeta, vt</Unicode></TextEquiv></TextLine><TextLine id="l27"><Coords points="505,882 505,855 312,855 278,857 252,856 178,858 125,858 80,855 80,883 482,883"/><TextEquiv><Unicode/></TextEquiv><TextEquiv index="1"><Unicode>Huic dicas Veneres Cupidinesque-</Unicode></TextEquiv></TextLine><TextLine id="l28"><Coords points="536,912 536,884 404,884 363,886 199,885 170,888 80,886 80,913 450,913"/><TextEquiv><Unicode/></TextEquiv><TextEquiv index="1"><Unicode>Omneis, &amp; Charites, Apollinemque, &amp;</Unicode></TextEquiv></TextLine><TextLine id="l29"><Coords points="515,913 289,915 176,918 79,915 79,938 515,938"/><TextEquiv><Unicode/></TextEquiv><TextEquiv index="1"><Unicode>Muſas omnia &amp;ad fatum &amp; volenteis</Unicode></TextEquiv></TextLine><TextLine id="l30"><Coords points="476,945 282,945 186,947 79,945 79,974 295,974 332,972 462,972 467,974 476,974"/><TextEquiv><Unicode/></TextEquiv><TextEquiv index="1"><Unicode>Dictare, vtque ſuo fauere alumno.</Unicode></TextEquiv></TextLine><TextLine id="l31"><Coords points="433,1002 433,973 332,973 254,976 80,975 80,1002 88,1003 364,1003"/><TextEquiv><Unicode/></TextEquiv><TextEquiv index="1"><Unicode>Alter Brixius, aptus &amp; politus,</Unicode></TextEquiv></TextLine><TextLine id="l32"><Coords points="398,1032 429,1030 452,1031 452,1003 184,1006 121,1006 79,1003 79,1032 87,1033 334,1033"/><TextEquiv><Unicode/></TextEquiv><TextEquiv index="1"><Unicode>Emunctus. lepidus, facetus, acer,</Unicode></TextEquiv></TextLine><TextLine id="l33"><Coords points="497,1032 399,1032 184,1036 129,1036 81,1033 81,1062 95,1063 279,1063 388,1060 492,1060 497,1061"/><TextEquiv><Unicode/></TextEquiv><TextEquiv index="1"><Unicode>Scribendis epigrammaton libellis,</Unicode></TextEquiv></TextLine><TextLine id="l34"><Coords points="483,1063 77,1063 77,1090 483,1090"/><TextEquiv><Unicode/></TextEquiv><TextEquiv index="1"><Unicode>Primam dicitur obtinere palmam:</Unicode></TextEquiv></TextLine><TextLine id="l35"><Coords points="403,1119 403,1091 193,1094 122,1094 78,1091 78,1119 93,1119 107,1121 346,1121"/><TextEquiv><Unicode/></TextEquiv><TextEquiv index="1"><Unicode>Nec molles elegos inerudite</Unicode></TextEquiv></TextLine><TextLine id="l36"><Coords points="380,1154 386,1150 409,1150 412,1152 467,1152 482,1151 488,1148 504,1148 504,1115 459,1115 451,1119 440,1120 288,1122 256,1124 120,1124 93,1120 66,1119 66,1150 75,1151 85,1153 89,1156 355,1156"/><TextEquiv><Unicode/></TextEquiv><TextEquiv index="1"><Unicode>Tornat, nec male ſurgit hexametris:</Unicode></TextEquiv></TextLine><TextLine id="l37"><Coords points="661,1147 661,1175 747,1175 747,1147"/><TextEquiv><Unicode/></TextEquiv><TextEquiv index="1"><Unicode>Pulere</Unicode></TextEquiv></TextLine><TextEquiv><Unicode/></TextEquiv></TextRegion></Page></PcGts>