872 1312
316 72 527 99 NICOLAI
117 115 559 144 Pulcre, apte, bene, dextere Maronem
116 145 571 174 Naſonemque refert, PropertiumquePs
119 174 484 204 Inprimisque ſales Catullianos,
118 205 435 234 Ecquis eſt hodie poëta toto
123 232 574 263 Qu ſic fulminet ac triumphet orbe?
121 263 473 291 Atas o optima, talibus poetis,
121 292 511 320 Atas aurea ſeculumque felix
119 322 493 345 Diues Gallia Brixio & Macrino.
370 360 553 389 De Gul Budæo.
122 388 579 418 Ingenia ingeniis vt cedant Itala Gallis,
148 418 486 449 Budci virtus vnius vna ſatis.
123 448 636 477 Gallicus Alcides hic eſt; vtriuſque Mineruæ
144 477 580 506 Perpetuus torrens, eloquiique parens.
358 517 487 536 In Pharum.
87 545 690 575 In puteum impurus ceciditPharus ille, parum vir.
144 574 594 604 Dignus erat flammis, ni periiſſet aquis.
309 613 565 641 De taſſerculo Roſæ puellæ.
87 640 629 672 Mortuus in paruâ eſt inuentus pixide paſſer,
143 672 598 702 Paſſer. amor pulcræ deliciumque Roſæ.
87 702 682 731 Longe aliter periit, quaim quem tua Lesbia deflet,
142 732 590 760 Lesbia, pars animæ, docte Catulle, tuæ.
116 760 656 791 Non hunc eſuries, non hunc ſitis arida preſſit;
141 791 553 819 Inſidiæ nullæ, nullus acerbus odor.
116 820 608 849 Cum deſiderio nimioque arderet amore
139 849 541 879 Abſentis Dominæ, tabnit & periit.
352 882 479 901 Ad puellam.
110 909 618 939 Olim qui Veneris vultum depinxit Apelles,
139 939 575 966 Maximus & primus fertur in arte ſuâ.
107 968 627 997 Ecce tamen genitor tuus eſt præſtantior illo;
139 997 563 1025 Cuius peniculo ſis Dea facta Venus.
105 1025 601 1058 Ipſa quidem multos vrebat Apellis imago,
135 1057 593 1085 Atque aliquot iuuenes cepit amore ſui.
94 1085 711 1117 Non habuit tamen illorum vnde reſtingueret ignes:
131 1115 630 1145 Tu ſimulnflammas, & medicamen habes.
708 1143 778 1179 E-
