872 1312
284 72 538 94 BORBONII.
246 111 608 140 Loiſæ, Franciſ&i Regi matris epitaph.
48 133 662 171 Heic ſita ſum, cuius ductu auſpicioque quierunt
126 169 547 198 Bella: cupis nomen ſc:re? Loiſa fui.
47 200 635 231 Non obii aſt abii: nam fama æterna loquetur,
127 231 517 260 Exegi vitæ quæ monimenta meæ.
256 322 545 348 In d,deſ.
47 349 356 380 Quod ſibi vix multo i
407 350 630 379 eperere labore,
126 379 503 408 Vno Budæus compa at Aſſe ſibi.
343 413 470 430 In Amorem.
2 431 712 489 Res mala qum ſit amor, non ſum qui dicere poſſim:
120 469 545 492 Non ſi ferrea vox, vel ſit ahena mihi.
48 495 654 530 Sum tamen expertus multos in amore dolores;
125 528 635 558 Nec ſat adhuc noui res mala quam ſit amor.
1 559 642 592 At ſcio; triſte latet dulci ſub amore venenum:
126 588 592 617 Hoc vno, didici res mala quam ſit amor.
46 609 734 652 Res mala non tamen eſt amor obſeruatus vtrimque;
108 647 655 678 Sed moritur quiſquis non redamatur amans.
330 679 491 700 In Ponrilianum.
98 707 430 737 O quid. Pontiliane, cogitaſti,
96 737 488 766 Vt de iudice prouoces ad illum,
98 767 607 798 Quem noſti male Porculum, eſſe ventrem
94 798 467 827 Porcis atque lupis edaciorem.
98 827 473 855 Si udex prior ille te momordit;
96 856 455 879 Hic te Porculus ore deuorabit.
356 888 465 907 In oiv.
94 915 730 945 Femina. flamma, fretum, tria ſunt mala, oile. verum
123 945 612 973 Tu tribus his geſtas peius in ore malum.
213 976 566 1003 AIuhannem, cognomento egem.
94 1001 642 1033 Regis habes merito cognomen: conuenit apte.
123 1033 557 1062 Te regis.o quanto dignus es imperiol
213 1064 554 1090 In Pulam verſiſicatorem ineptum.
47 1090 645 1121 Scribe, emitte, crepa; bulloſa poemata, Bulla
124 1121 569 1156 Scribe, neca bullis, Bulla, recede tuis.
683 1128 869 1172 ca
466 1153 562 1175 Ccc
