872 1312
337 73 547 97 NICOLAI
117 110 718 139 Socribe vel vmbrifero veniunt quot ab æthere bullæ:
144 141 573 167 Scribe, leuis bullas auferet aura tuas.
233 170 609 198 Ad Io. Veurium opt. ſpet adoleſcentem.
117 198 632 229 Si mihi cum puero bellumnon eſſet Amore,
147 228 614 257 Si non flamma mihi plus ſoret na ſatis:
107 258 607 288 Ferre tuos ignes, Vcuri, tua ſpicula poſſem,
143 288 585 317 Forſan & abiect lampade terga dares.
114 317 676 347 At nunc cum ſæuo tua caſtra Cuoidine iungens,
143 347 599 377 Me miſerunr perdis, bisque perire facis.
333 379 513 399 In Gelliam anum.
115 404 671 436 Vt cubitem tecum, quantum tibi, Gellia poſcis,
143 435 617 467 Accipe tantundem, Gellia, ne cubitem.
362 470 426 488 Homo.
93 493 630 526 Eſt homo, quo melius toto nil ſpirat in orbe:
141 525 602 556 Eſt homo, quo ſpirat peius in orbenihil.
331 558 488 584 Ad Cupidinem.
93 585 674 617 Vel redamet quod amo, vel fac ne tangar amore
141 613 610 644 Vel neuter flagret fac, vel vterque flagret.
297 645 568 674 In Senecionem quendam.
113 671 663 704 Quarto quoque die radi tibi quid rogo prodeſt?
139 703 586 728 Te faciunt anni, non tua barba, ſenem.
369 735 480 755 In eundem.
112 761 581 793 Si quo formoſus poſſes euadere pacto
139 793 553 823 Conſulerem; rugas eiice de facie.
324 826 508 852 Sgi epitathium.
110 851 609 882 Sargius heic iaceo, necuit quem copia vini
107 881 633 912 Hic mihi viuendi finis fuit atque bibendi.
307 914 522 942 De fure &cauſidico.
106 939 676 971 Cauſſidicum oblato fur munere conſulit ampl,
132 972 569 1000 Damnari furti dum timet atque capi.
105 999 651 1032 Cauſſidicus libris multumque diuque volutis:
133 1031 573 1061 Si fugeres, inquit forſitan effugeres.
278 1062 571 1090 In Claudium a Rupeforti ..
104 1085 634 1121 Rupe ſub hac forti cognomine, dulcia Virtus,
133 1120 610 1152 Sincerusque comes frigora captat Amor.
689 1147 767 1173 Gollu.
