872 1312
256 85 535 109 BOBONII.
87 113 655 155 Colludunt teneres caſtæ, & cum Pallade Muſæ,
128 155 643 185 Suada, Lepor Candor, Liber, Apollo, Charis.
87 186 649 215 Nunc demum tua tela videns hac rupe rctundi,
127 216 661 246 Terga miſer, Liuor, verte; fuge ad laqueum-
316 246 521 267 In Pumicem nomine.
97 275 422 305 uni deſieris procacitate
87 302 514 330 Pumex, eſſe mihi ac meis moleſtus;
101 334 478 364 Iſtæ quas ribi credis eſſe amicas,
87 364 501 394 Etfruſtraquibus obſtrepis, puellæ,
103 394 513 423 Te, pro Pumice, Pulicem vocabunt.
292 426 532 453 Ad Laur. Philangelum.
101 452 602 482 Rhetora, Laurenti, ſi te nouiſſet Homerus;
128 484 518 507 Non eſt Neſtor tantus in Hliade.
299 514 522 539 DeBudao & Eraſmo.
100 540 662 574 Scis quid ab Hollando Francus Budæus Eraſmo
128 574 552 601 Differat? hic dictis allicit: ille rapit.
254 603 540 632 Ad puellam niue luſitantem.
100 632 598 661 Candida candenti geſtis niue ludere virgo,
127 660 674 692 Nunc quando exſtinctis floribus horret hyemt
99 690 635 721 Aſt inter digitos tibi nix perit atque liqueſcit:
116 719 654 753 Sic pereunt homines, quos tua forma coquit.
316 752 495 774 EGreco Politiani.
90 775 594 811 Pallenteiolam mittis: palloris abund
126 809 589 839 Eſt mihi, ſe cuius ſanguine paſcit Amor.
357 841 459 862 E eodem.
99 868 629 900 Dans folia & flores, cupienti carpere fructum,
129 900 601 930 Significas omnem ludere nos operam-
347 932 466 950 Im Gelliam.
86 956 616 988 Cur faciem vnguentis & fuco, Gellia. tingis?
128 986 667 1017 Crede mihi,ex Hecubâ non facies Helenam-
301 1018 519 1046 In impertunè petacem.
85 1042 654 1078 Me petis auxilium fruſtra; neque cernis, amice,
129 1074 562 1104 Fortunæ quantis merſer & ipſe malis.
86 1099 701 1136 Nemo homini præſtare poteſt, quod non habet ipſe:
127 1133 565 1163 Si cœcum ducit cœcus, vterque cadit.
687 1158 766 1189 Talii
