872 1312
335 76 600 97 NICOLAI
309 113 555 140 Taſtibij Medici tumlus.
120 137 666 171 Aaltibius iacet heic medicâ clariſſimus arte;
154 168 538 200 Oui fuit ætatis dictus Apollo ſuæ.
124 200 636 228 gros omne genus curabat & arte leuabat:
150 228 531 258 Aſt aliis medicus, defuit ipſe ibi.
310 269 549 296 Potenum vita ſolicita.
108 296 654 329 Semper habet varias immenſa potentia curas,
150 328 598 356 Et refici placido membra ſopore vetat.
120 357 690 386 Non prodit Princeps niſi milite cinctus & armis;
148 386 577 415 Infelix, aliquo ſemper ab hoſte timet.
118 414 689 446 Veſcendum eſt quoties, aliquis præguſtet oportet,
148 445 644 474 Prælibetque prius quam bibat ille merum.
119 473 609 505 Eſſe parum tutum declarant talia Regem;
149 503 658 534 Quam graue ſuſtineat magna tyrannis onus.
117 532 654 561 Nempe ſatellitium metuendos indicat hoſtes:
146 563 613 594 Toxica, præguſtans eſſe cauenda, monet.
96 588 709 620 Ergo mctu quinam vacat heic locus? illa timorem
145 623 608 657 pellunt, eadem plena timore vides.
212 663 602 692 Ad Claud. Lonuinm.
114 691 630 720 Si tot carminibus laudant ſimulacra poëtæ,
141 720 588 751 Frigidaque humanâ ſaxa polita manu:
115 751 678 782 Quanto te melius vatum chorus omnis in vnum
142 779 667 809 Conferat, & Muſæ quidquid honoris habent?
113 808 565 837 Virtutis raræ viuum & ſpirabile, Præſul
140 839 556 869 Te non mortalis dextera fecit, opus.
312 878 544 904 Vit ci ſus ad mortem.
112 906 668 936 Fallimur, & cœci mortem procul eſſe putamus;
141 936 583 966 Illa tamcn medio corpore clauſa latet.
96 964 717 997 Quandoquidem ex illâ quâ primum naſcimur horâ,
139 994 565 1024 It vitæ iuncto mors comes atra pede:
96 1024 638 1061 Partem aliquam vitæ ſemper furatur, & ipſam
139 1054 620 1082 Diminuit vitam quælibet hora tuam.
96 1077 715 1114 Et morimur ſenſim & momento exſtinguimur vno;
137 1111 569 1143 Non ſecus ac lampas deſiciente oleo.
713 1147 774 1169 Mos
