872 1312
316 72 565 94 BORBONII.
678 76 776 99 tr
54 108 757 139 Mors nihil vt perimat tamen ipſo in tempore præſto eſt,
128 140 711 170 Quin nunc, ah miſeri, dum loquimur, morimur.
302 172 571 191 Ad Carolum Turnonium.
1 197 650 235 .Carole Mecœnas, quod ſaluâ fronte rogamus;
130 231 576 262 Si potes hoc ſalus fronte negare, nega,
358 261 489 289 Ad puellam.
49 284 648 314 Præ te, non duri montes, non robora dura;
1 308 50 329 tt
131 320 559 348 Du ior eſt glacies pectore nulla tuo.
50 350 649 376 Non adam as præ te durus, non marmora dura;
131 378 581 401 Dutitiem vincunt nulla metalla tuam.
53 408 621 438 Sis quam dura voles, certe moriere ciuis que
131 438 489 466 Fies, o virgo: mitior ergo veni.
53 466 701 495 Non ſum adeo informis quin tim te dignus amicd:
132 497 591 527 In ſpeculo formam cogor amare meam.
105 526 605 551 Oſcula da centum, da circum brachia collo.
133 555 604 585 Sim tuus, & mea ſis: accipe daque fidem.
53 582 765 620 Quem fugis? ad demens cur me mbra decora iuuentæ
134 614 583 638 Cur etiam ſordent munera noſtra tibi?
103 643 700 674 Dura manes? aliam inueniam quæ carmine noſtro
135 674 552 698 Clara erit:at ſero facta dolebis auus,
345 705 531 732 Hominis fragilitas.
53 728 693 761 Sis bonus & iuſtus; tamen huic cum fata vocabunt,
134 761 545 794 Sat vitio verbi quod tibi poſſit erit.
372 794 489 814 In Codrum.
53 821 711 854 Barbatum eſt mentum mens eſt tibi barbara Codre:
134 851 531 876 Barbaries barbæ conuenit iſta tuæ.
356 887 501 912 Optio matronæ.
59 910 666 944 Quæ nimis eſt iuuenis, vel cui bona tranſiit ætas;
135 941 551 970 ngenue liceat dicere; neutra placet.
51 964 591 998 Si tamen heic nobis vtriuſuis oprio detur;
137 999 648 1028 Malo nimis iuuenem; tu que valebis anus.
51 1028 635 1059 Aſt integta ætas, ſtata ſi modo forma ſequatur
138 1059 543 1088 Et placidi mores, eſt ea digna loue.
370 1088 496 1116 Optio amicæ.
1 1115 714 1155 e Et iuuenem & facilem Venerem volo. delige talem-
728 1147 773 1168 Nee
