872 1312
328 71 541 94 NICOLAI
144 108 692 138 Nec nimium pinguems nec nimium gracilem
390 140 498 160 De eadem.
103 166 663 196 Eſte procul vetulæ, procul procul eſte ſeueræ:
145 196 606 225 Et iuuene, & facili virgine gaudet amor.
285 228 603 255 In malum quempiam IDuc m.
117 255 695 284 Dux malus & magnus cum ſis, ecue omnia per te
146 284 688 313 Sunt male: quæ male ſunt omnia, peius erunt.
99 313 653 340 Peius erunt, ſi non falſa eſt qnæ fama ſuſurrat;
144 343 588 373 Qui iibi ſuccodet te quoque peior erit.
114 373 566 399 Ex ouo corui, coruus naſcatur oportet:
143 399 628 428 Naturam referunt ſemina quæque ſam.
348 431 534 452 Verus Cd iſtus.
99 460 576 487 lluſtrat radiis totum soligneus orbem:
143 488 597 518 Ile tumen tempus quo tenebreſcet erit.
99 517 616 553 At Chriſtus, qui vera Dei ſtat patris imago.
138 547 556 582 Solus hic æterni lumina Solis habet.
305 576 576 605 In CCloem m a atorium.
99 597 584 632 Caſtorius iudex, aſcribâ Caſtorediffert
141 635 597 665 Implicat hic prædam retibus; ille vorat.
329 665 554 692 Ad Dioorronem.
111 694 505 722 Cur me lere vetas, amice, & angi,
111 723 559 752 Corro, lux mea, mel meum, meum cor?
111 752 623 781 Cur tam me heic miſerum dia atque ſolum
111 782 447 812 Cum deſideio tui relinquis?
109 811 544 840 Nam ſolus videor mihi, miſerque, &
109 840 434 870 Plane dimidiatus eſſe, vbi tu
108 870 576 895 Non ſis, lux mea, mel meum, meum cor.
339 900 494 929 Ad Rubellam.
108 929 527 957 Sis gtata, & facilis, Rubella, ſemper;
107 958 500 981 Fac dicare Rubtlla, non Rebellis.
327 989 517 1014 De ſua conditione.
108 1018 617 1047 Semper ero infelix? alienoque obrutus ære?
137 1047 587 1076 Confectus curis poſtha oituſque cocis?
103 1074 619 1105 ger? pannoſus? patriis procul actus aboris?
134 1106 628 1135 Mancipio ſimilis? ſqualidus? xul? inops?
715 1136 769 1158 Non
