872 1312
286 61 538 87 BORBONII.
326 102 480 123 Ad matorem.
63 122 614 163 Quiſquis amas, moneo, ferro præcordia dura;
109 157 609 193 Nec nimium propera: ſed patienter ama.
62 183 593 223 Perfer nequitias anmoſque & verba puellæ;
102 217 514 247 Fortius eſtetiam verbera poſſe pati
62 245 628 278 Si modo ſollicitos aliquis Deus audit amanteis,
96 275 546 306 Qui patitr, voti tempore compos erit.
329 310 470 330 In Fortunam.
63 324 590 361 Cur non a cunctis Fortunæ numen amatur?
96 365 606 399 Hanc adamat dius, quam miſer odit inops.
230 396 566 427 In Sphiſtam d Poetam ineptum.
63 414 604 456 Hunc nodum diſſolue mihi, ſpinoſe Sophiſta;
100 455 570 483 Plurima cum facias carmina. nulla facis.
348 487 443 512 In Iuſtos.
62 512 686 547 Nunc bona pars hominum, cæei, duri, atque gigantes,
101 543 512 575 Se credunt factis poſſe placere Deo.
63 570 645 602 Hæc gens, immenſum manibus reſcindere cœlum
101 601 562 626 Tentat, & fummâ trudere ſede louem.
74 632 591 662 O genus inſanum, qui vos qui faſcinat error?
88 662 556 691 Qii dæmon? quæ vos exagitant furiæi
62 687 571 720 Si voſmet facilis iuſtos, quid oportuit ipſum
98 721 700 752 Ferre crucem Chriſlum? verbera? probra? necem?
62 745 672 780 Iuſlitiam Chriſtum veſtram eſſe agnoſcite tandem:
99 778 580 810 Dicite, peccatum nos ſumus, atque nihil.
63 806 680 847 Omnis homo hic nihil eſt, aliquid qui ſe putat eſſe:
102 838 558 868 Eſt aliquid, quiſquis ſe pu:at eſſe nihil.
316 872 480 898 De Gul. Budæo.
62 895 532 928 Ingrata in Supetos ne ſis, o Gallia, felix,
63 927 451 949 Gallia diuino facta beata viro.
63 953 689 988 Iam nihil eſt Italus quod Gallo inſultet habemus
63 986 534 1016 Budæum, maius quo nihil eſſe poteſt.
63 1010 512 1045 Budæo Latium, Budæo Græcia debes
101 1045 618 1079 Vtraque vel quidquid Pallas honoris habet.
346 1075 459 1095 Viedum.
62 1092 614 1146 Non ſecus atque ſues moti ſeruamur, & hora
663 1135 740 1159 Craſti-
