872 1312
346 76 552 100 ICOLAI
166 112 644 141 Craſtina quld portet dicere nemo poteſt.
137 141 713 171 Omnibus hoc notum cum ſit; viuamus, & omnis
164 171 596 200 Adpoſito valear cura dolorque mero.
389 204 536 229 Ad Rbeam.
135 224 620 253 Non ſie Enceladus vaſta terretur in tnâ,
169 258 663 290 Nec fratres, nec quos inſimus Orus habet.
122 286 651 317 Non ſic in fornace calent liquefacta matalla,
167 317 617 347 Vt caleo nam me ſic tua forma coquit
134 347 740 372 Sunt geminæ ardentes faculæ tua lumiina, viramuis
164 375 652 404 Lux Phœaea ſtupet, victaque Luna rubet.
367 406 558 432 Dolerougi vicem.
131 432 642 462 Sæpe ſuos imitata duces plebecula ſimplex;
165 462 620 488 Qui manibus ſiunt, hos putat ſſe Deos
122 490 621 519 Imibit errores varios, fraudata magiſtris
164 520 596 547 Qui doceant noſtri uſla verenda Dei.
121 547 637 578 Scinditur in varias vulgus miſerabile ſectas.
164 579 607 606 Vix vatuum inuenlas ſeditione locum.
122 604 710 644 Reſpice nos, Deus alme precor, miſerere tuorum
154 635 632 664 Paſtoreſque bonos adſere; perde malos.
332 667 580 688 In Palladium oranum.
127 693 705 723 Quidam adeo fœda & male olentia carmina fecit,
159 723 612 752 Vt grauius nullum ſtercus olere putes.
124 751 765 783 Et tamen huic clarum ſumptumque a Pallade nomen,
154 782 704 812 Num te o gens, quæ fers talia monſtra, puder?
362 814 563 833 Ad Lud. Carinum.
126 839 564 868 Quæris, quid timeam, Carine frater?
123 868 511 901 Non haſtas ego, non acuta tela;
123 896 521 928 Non vim, non rabidi pericla belli,
122 927 516 953 Non ignes, odium, minas, ruinas,
120 955 616 986 Non ventos, mare, fulmen, aſtra, monſtra,
120 984 545 1016 Non peſtes, furias, famem, tyrannos,
120 1014 543 1047 Non per cæca vagas ſepulcra formas,
118 1043 585 1075 Non ſpectra horrida, noxioſque manes.
118 1072 561 1102 Non quidquid breniter ſoler timeri
120 1101 562 1135 uul i uodqus nutat nocerepoſſe.
690 1141 775 1166 Iorm
