<?xml version="1.0" encoding="UTF-8" standalone="no"?><PcGts xmlns="http://schema.primaresearch.org/PAGE/gts/pagecontent/2019-07-15" xmlns:xsi="http://www.w3.org/2001/XMLSchema-instance" xsi:schemaLocation="http://schema.primaresearch.org/PAGE/gts/pagecontent/2019-07-15 http://schema.primaresearch.org/PAGE/gts/pagecontent/2019-07-15/pagecontent.xsd"><Metadata><Creator/><Created>2022-04-09T07:18:13</Created><LastChange>1970-01-01T00:00:00</LastChange><Comments/></Metadata><Page imageFilename="0814.png" imageHeight="1312" imageWidth="872"><TextRegion id="r1" orientation="0.0" type="paragraph"><Coords points="1,1 870,1 870,1310 1,1310"/><TextLine id="l1"><Coords points="271,76 271,100 541,100 541,76"/><TextEquiv><Unicode/></TextEquiv><TextEquiv index="1"><Unicode>BORBON.II</Unicode></TextEquiv></TextLine><TextLine id="l2"><Coords points="455,110 350,111 240,108 66,108 66,140 220,142 455,142"/><TextEquiv><Unicode/></TextEquiv><TextEquiv index="1"><Unicode>Formidabiliusmalum puella eſt</Unicode></TextEquiv></TextLine><TextLine id="l3"><Coords points="474,146 219,142 66,141 66,170 251,172 474,172"/><TextEquiv><Unicode/></TextEquiv><TextEquiv index="1"><Unicode>Hs, &amp; triſtius imminentiuſque:</Unicode></TextEquiv></TextLine><TextLine id="l4"><Coords points="303,201 362,200 423,201 427,203 440,203 440,176 411,176 401,174 380,173 66,172 66,205 296,205"/><TextEquiv><Unicode/></TextEquiv><TextEquiv index="1"><Unicode>Cui meperdere, ſi libet, licebit.</Unicode></TextEquiv></TextLine><TextLine id="l5"><Coords points="352,206 352,233 474,233 474,206"/><TextEquiv><Unicode/></TextEquiv><TextEquiv index="1"><Unicode>I Rufum.</Unicode></TextEquiv></TextLine><TextLine id="l6"><Coords points="624,232 66,232 66,259 301,260 372,262 508,262 535,264 624,264"/><TextEquiv><Unicode/></TextEquiv><TextEquiv index="1"><Unicode>Cur ita me iuuenem iuuenis iuueniliter ardes?</Unicode></TextEquiv></TextLine><TextLine id="l7"><Coords points="104,262 104,291 629,291 629,262"/><TextEquiv><Unicode/></TextEquiv><TextEquiv index="1"><Unicode>Femina non ego ſum; nec puto Rufe, vir es.</Unicode></TextEquiv></TextLine><TextLine id="l8"><Coords points="339,293 339,314 480,314 480,293"/><TextEquiv><Unicode/></TextEquiv><TextEquiv index="1"><Unicode>Ad Inuidum:</Unicode></TextEquiv></TextLine><TextLine id="l9"><Coords points="647,321 66,321 66,348 288,350 359,349 409,351 647,353"/><TextEquiv><Unicode/></TextEquiv><TextEquiv index="1"><Unicode>Non legis, &amp; carpis; quæ nec capis inuide carpis,</Unicode></TextEquiv></TextLine><TextLine id="l10"><Coords points="605,355 602,354 408,351 105,351 105,380 305,380 312,378 327,377 348,377 355,380 605,380"/><TextEquiv><Unicode/></TextEquiv><TextEquiv index="1"><Unicode>Inuide, quid carpis: fac meliora, legam.</Unicode></TextEquiv></TextLine><TextLine id="l11"><Coords points="484,383 281,384 281,406 287,408 484,410"/><TextEquiv><Unicode/></TextEquiv><TextEquiv index="1"><Unicode>Eræco Samii.</Unicode></TextEquiv></TextLine><TextLine id="l12"><Coords points="625,407 533,407 525,411 309,410 287,409 281,407 76,407 76,437 81,437 85,439 89,437 147,439 224,439 261,437 347,439 625,439"/><TextEquiv><Unicode/></TextEquiv><TextEquiv index="1"><Unicode>Seuvictor, ſeu ictus eris, maculere neceſſeſt,</Unicode></TextEquiv></TextLine><TextLine id="l13"><Coords points="104,438 104,469 493,469 493,438"/><TextEquiv><Unicode/></TextEquiv><TextEquiv index="1"><Unicode>Si ſit cum vili ſtercore pugna tibi.</Unicode></TextEquiv></TextLine><TextLine id="l14"><Coords points="335,471 335,491 472,491 472,471"/><TextEquiv><Unicode/></TextEquiv><TextEquiv index="1"><Unicode>d amictim.</Unicode></TextEquiv></TextLine><TextLine id="l15"><Coords points="594,496 565,496 523,493 515,497 492,498 394,497 287,498 277,493 118,492 82,488 66,488 66,526 594,526"/><TextEquiv><Unicode/></TextEquiv><TextEquiv index="1"><Unicode>Dum tu Græcaris, nos pergræcamur. &amp; alter</Unicode></TextEquiv></TextLine><TextLine id="l16"><Coords points="105,528 105,554 609,554 609,528"/><TextEquiv><Unicode/></TextEquiv><TextEquiv index="1"><Unicode>Gaudia habet Veneris; Palladis alter habet.</Unicode></TextEquiv></TextLine><TextLine id="l17"><Coords points="73,557 73,586 572,586 572,557"/><TextEquiv><Unicode/></TextEquiv><TextEquiv index="1"><Unicode>Diſparibus ſtudiis ſic ambo fallimur; vt ſis</Unicode></TextEquiv></TextLine><TextLine id="l18"><Coords points="102,587 102,616 549,616 549,587"/><TextEquiv><Unicode/></TextEquiv><TextEquiv index="1"><Unicode>Tu dignus ſolâ Pallade, nos Venere.</Unicode></TextEquiv></TextLine><TextLine id="l19"><Coords points="660,616 596,616 585,620 407,616 66,616 66,642 76,642 106,642 142,645 245,645 293,643 325,643 344,645 660,645"/><TextEquiv><Unicode/></TextEquiv><TextEquiv index="1"><Unicode>Heic ego Priamides formam contemplor amicama</Unicode></TextEquiv></TextLine><TextLine id="l20"><Coords points="500,648 496,647 394,647 343,645 101,645 101,667 500,667"/><TextEquiv><Unicode/></TextEquiv><TextEquiv index="1"><Unicode>Iſthic tu tetricæ Palladis ora vides.</Unicode></TextEquiv></TextLine><TextLine id="l21"><Coords points="66,706 650,706 650,669 66,669"/><TextEquiv><Unicode/></TextEquiv><TextEquiv index="1"><Unicode>Pallada ſolus habe, quæ te male torqueat; &amp; ſis</Unicode></TextEquiv></TextLine><TextLine id="l22"><Coords points="65,734 515,734 515,706 66,705"/><TextEquiv><Unicode/></TextEquiv><TextEquiv index="1"><Unicode>Inter Cecropios gloria prima Deos.</Unicode></TextEquiv></TextLine><TextLine id="l23"><Coords points="66,760 612,760 612,734 66,734"/><TextEquiv><Unicode/></TextEquiv><TextEquiv index="1"><Unicode>Docta lacus teneat Pallas; Venus aurea lucoss</Unicode></TextEquiv></TextLine><TextLine id="l24"><Coords points="247,792 320,790 340,791 344,793 421,793 485,795 491,794 491,765 96,764 91,767 68,767 66,766 66,797 239,797"/><TextEquiv><Unicode/></TextEquiv><TextEquiv index="1"><Unicode>s Luceat vt cœlo lux noua ſæpe ſuo.</Unicode></TextEquiv></TextLine><TextLine id="l25"><Coords points="295,795 295,823 498,823 498,795"/><TextEquiv><Unicode/></TextEquiv><TextEquiv index="1"><Unicode>Reſbondeproamico.</Unicode></TextEquiv></TextLine><TextLine id="l26"><Coords points="589,823 66,823 66,848 103,848 114,850 155,851 320,851 326,854 401,852 576,854 581,855 589,860"/><TextEquiv><Unicode/></TextEquiv><TextEquiv index="1"><Unicode>Dum pergræcaristu, nos Græcamur; &amp; alter</Unicode></TextEquiv></TextLine><TextLine id="l27"><Coords points="540,855 66,854 66,875 540,875"/><TextEquiv><Unicode/></TextEquiv><TextEquiv index="1"><Unicode>Delicias Veneris, Pellado alter habet.</Unicode></TextEquiv></TextLine><TextLine id="l28"><Coords points="689,882 586,880 581,883 575,884 479,883 427,884 280,883 265,881 229,880 203,882 140,882 66,879 66,907 126,908 149,911 243,910 264,912 689,912"/><TextEquiv><Unicode/></TextEquiv><TextEquiv index="1"><Unicode>Sic natura dedi, enrem vt tu ego Plada amarem,</Unicode></TextEquiv></TextLine><TextLine id="l29"><Coords points="566,915 559,914 480,914 445,912 264,913 243,911 149,912 136,910 97,910 97,937 119,939 255,939 278,941 566,941"/><TextEquiv><Unicode/></TextEquiv><TextEquiv index="1"><Unicode>Diſparibus ſtnoiis, diſparibuſque animis.</Unicode></TextEquiv></TextLine><TextLine id="l30"><Coords points="613,939 604,943 581,944 471,945 450,944 441,942 402,941 278,942 255,940 119,940 87,937 66,936 66,965 123,965 178,969 232,968 399,970 613,970"/><TextEquiv><Unicode/></TextEquiv><TextEquiv index="1"><Unicode>Me fouet heic allas non teerica, lætus Apollo,</Unicode></TextEquiv></TextLine><TextLine id="l31"><Coords points="523,972 448,972 398,970 95,970 95,995 126,998 523,998"/><TextEquiv><Unicode/></TextEquiv><TextEquiv index="1"><Unicode>Et Carites vnâ Pieridſque nouem.</Unicode></TextEquiv></TextLine><TextLine id="l32"><Coords points="628,998 572,998 566,1001 66,998 66,1024 85,1026 264,1027 307,1029 628,1029"/><TextEquiv><Unicode/></TextEquiv><TextEquiv index="1"><Unicode>Solus habe Venerem, qnæ ſic te effeminat, vt ſis</Unicode></TextEquiv></TextLine><TextLine id="l33"><Coords points="516,1056 548,1057 548,1032 511,1030 419,1029 307,1030 264,1028 95,1028 95,1053 105,1054 159,1057 270,1056 457,1058"/><TextEquiv><Unicode/></TextEquiv><TextEquiv index="1"><Unicode>Inter membroſos mentula prima Deos.</Unicode></TextEquiv></TextLine><TextLine id="l34"><Coords points="580,1062 568,1062 564,1060 551,1058 516,1057 457,1059 380,1058 377,1059 270,1057 159,1058 135,1056 66,1056 66,1094 74,1088 88,1087 93,1084 510,1086 521,1087 529,1090 551,1091 558,1095 564,1096 580,1096"/><TextEquiv><Unicode/></TextEquiv><TextEquiv index="1"><Unicode>Docla locoslætos &amp; amæna toiaria Pallas;</Unicode></TextEquiv></TextLine><TextLine id="l35"><Coords points="272,1116 310,1115 410,1116 461,1114 488,1114 493,1116 515,1117 515,1088 438,1086 335,1087 93,1085 88,1088 74,1089 66,1095 66,1118 269,1118"/><TextEquiv><Unicode/></TextEquiv><TextEquiv index="1"><Unicode>Limoſus habitet Cypia ſprca lecus.</Unicode></TextEquiv></TextLine><TextLine id="l36"><Coords points="258,1117 258,1139 524,1139 524,1117"/><TextEquiv><Unicode/></TextEquiv><TextEquiv index="1"><Unicode>Ad anlu noium.</Unicode></TextEquiv></TextLine><TextLine id="l37"><Coords points="668,1155 668,1168 712,1168 712,1155"/><TextEquiv><Unicode/></TextEquiv></TextLine><TextEquiv><Unicode/></TextEquiv></TextRegion></Page></PcGts>