872 1312
271 76 541 100 BORBON.II
39 108 455 142 Formidabiliusmalum puella eſt
1 134 474 172 Hs, & triſtius imminentiuſque:
39 172 440 205 Cui meperdere, ſi libet, licebit.
352 206 474 233 I Rufum.
38 232 624 264 Cur ita me iuuenem iuuenis iuueniliter ardes?
104 262 629 291 Femina non ego ſum; nec puto Rufe, vir es.
339 293 480 314 Ad Inuidum:
22 321 647 353 Non legis, & carpis; quæ nec capis inuide carpis,
105 351 605 380 Inuide, quid carpis: fac meliora, legam.
281 383 484 410 Eræco Samii.
76 407 625 439 Seuvictor, ſeu ictus eris, maculere neceſſeſt,
104 438 493 469 Si ſit cum vili ſtercore pugna tibi.
335 471 472 491 d amictim.
40 488 594 526 Dum tu Græcaris, nos pergræcamur. & alter
105 528 609 554 Gaudia habet Veneris; Palladis alter habet.
73 557 572 586 Diſparibus ſtudiis ſic ambo fallimur; vt ſis
102 587 549 616 Tu dignus ſolâ Pallade, nos Venere.
1 616 660 645 Heic ego Priamides formam contemplor amicama
101 645 500 667 Iſthic tu tetricæ Palladis ora vides.
40 669 650 706 Pallada ſolus habe, quæ te male torqueat; & ſis
1 706 515 734 Inter Cecropios gloria prima Deos.
39 734 612 760 Docta lacus teneat Pallas; Venus aurea lucoss
1 764 491 797 s Luceat vt cœlo lux noua ſæpe ſuo.
295 795 498 823 Reſbondeproamico.
38 823 589 860 Dum pergræcaristu, nos Græcamur; & alter
38 854 540 875 Delicias Veneris, Pellado alter habet.
38 876 689 912 Sic natura dedi, enrem vt tu ego Plada amarem,
97 910 566 941 Diſparibus ſtnoiis, diſparibuſque animis.
39 932 613 970 Me fouet heic allas non teerica, lætus Apollo,
95 970 523 998 Et Carites vnâ Pieridſque nouem.
39 998 628 1029 Solus habe Venerem, qnæ ſic te effeminat, vt ſis
95 1028 548 1058 Inter membroſos mentula prima Deos.
839 1032 869 1053 M
39 1056 614 1096 Docla locoslætos & amæna toiaria Pallas;
41 1085 515 1118 Limoſus habitet Cypia ſprca lecus.
258 1117 524 1139 Ad anlu noium.
423 1146 506 1169 Dd a
832 1242 862 1264 I
