872 1312
306 73 555 95 BORBONII.
77 105 634 138 u Fundit aquas, mœror flamina, corque faces.
202 140 643 169 A Potrum Palmerium. Pont. Viennenſ.
77 169 598 198 Vnde tibi palmæ cognomen, præſul? b illo
82 199 554 230 Quod viium Virtus vicerit omne tua.
296 231 483 257 Ad puellam.
77 256 587 286 Deſine iam variis menutibus vrere, virgo,
120 287 590 317 Eiaculans in cor lampadas vſque meum.
92 317 654 338 Nam tua ridentis viuam dant lumina flammam:
120 346 694 375 Hinc viuam in flammam me quoque vertit amor.
343 377 500 405 Egraco Samii
77 401 648 434 tMagnus es, & pollens opibus nec propia vittus,
121 434 594 463 Nec genus in cauſsâ; ſed Dea cæca fuit.
296 465 513 492 EGræo Luciani.
76 490 708 523 Qui bene agunt, iis vita quidem breuis omnis: at illis
121 522 586 553 Qui male, nox ſæclis longior vna decem.
335 553 510 573 I Laur. Vallam.
76 579 579 609 Romani eloquii certiſſima gloria Laurens,
119 610 630 635 Dum voluit ſummum claudere Valla diem;
78 639 680 669 Protinus adcurrunt Chatites, ploranſque Minerua,
122 669 620 699 Et Venus, & Peitho, Pieridumque chuorus;
78 697 623 727 Clauſeruntque oculos cari morientis alumni
121 727 537 758 Clamantes, Latii gloria Valla, vale.
273 758 564 786 Duorum ſatru epitahion.
78 784 622 812 Hæc vna vrna duos fratres habet; vra duobus
122 817 525 846 Natalis fuerat quæ, fuit lora necis.
357 847 486 874 Ad puelam.
78 871 612 903 Accipe multiplici contextam fore corollam,
122 904 545 933 Quam feci digiis, dulcis amica meis.
78 932 661 960 Accipe: verum iſtud ſibi quid velit accipe donum:
123 962 548 992 Vt pereunt flores, ſic tua forma perit.
270 992 577 1021 In ædes liani prædiuitis.
93 1019 527 1050 Regia ſum fxis hodie miratus ocellis
123 1050 550 1072 Ornamenta domus, Marſiliane. tuæ.
93 1077 596 1108 Flectere quo tandem potuiſti carmine fata?
123 1106 634 1140 Qââ togo, Dædaleas nactus es arte manus?
693 1134 755 1158 Vnde
