872 1312
277 61 507 86 BORBONII.
713 63 755 87 s
288 99 541 126 Ad Franc. Galcottum.
49 124 636 156 Subdita Muſa tibi oſt: Muſæ ſum ſubditus ipſe;
115 156 659 185 Meque eadem famulo, teque ſuperbit hero.
1 185 574 215 Niligitur mirum, ſi me, Franciſee, relico
116 215 551 245 Te colit, & quicquid iuſſeris, illa ſacit
303 248 545 275 Chr. Lo glitepitaphin.
1 275 574 309 Nuper apud manes crudeli funere raptem
116 305 562 335 Longolium Cicero vidit & obſtupuit:
2 335 704 369 Queis nouns hic error? noſtri altera venit imago?
1 364 640 395 d Vtra, ait, vmbra mea eſt? aut vter eſt Cicero?
298 396 530 420 In potam aledicu.
1 423 534 457 Non Muſæ ſed te Furiæ fecere poetam.
118 454 598 486 Qui probris homines adficis atq; Deos.
1 473 612 512 AEt tua ais bell ſiuere omnia carmina & apte;
1 512 534 551 dAtnon illa fluunt ſed furioſa ruunt.
339 545 491 565 EG aco Samii.
1 573 534 616 s Aligeri accepto crudeli vulnere nati,
118 603 525 632 Sic ait ingenti victa dolore Venus:
50 691 516 720 Qui ſeruaturos ſe iurauere pudorem
2 711 30 737 t
118 720 583 751 Perpetuum; nec te, nec tua tela timent?
1 745 651 775 iContra Amor: o mater, ne ſæui; vruntur & illi,
1 776 511 810 ;? Et ſenſere meas oſſa per ima faces.
1 806 634 839 u Vruntur grauius quam quos conubia iungunt;
120 839 569 868 Sed furtim coeuut, & ſua furta tegunt.
360 872 488 891 Vir æxr.
3 888 639 930 Nemo opibus felix, nam rerum copia tandem,
121 929 550 957 Quamuis adſiduo parta labore, perit.
55 957 526 986 Perduntur ſenio vires, & gratia formæ
119 987 636 1015 Eſſluit, & morbi membra dolore premunt.
49 1016 664 1044 Vi bene momento manet illecebroſa voluptas,
1 1044 612 1086 et fugiens ſtabilem neſcit habere gradum.
52 1075 605 1110 Inelita ſed Virtus animum perfectius ornat;
123 1104 589 1135 Perſtat, & anferri mente repoſta nequit.
706 1134 757 1160 V,
459 1134 565 1161 Ddd
2 1136 88 1170 u
