872 1312
277 61 507 86 BORBONII.
288 99 541 126 Ad Franc. Galcottum.
78 124 636 156 Subdita Muſa tibi oſt: Muſæ ſum ſubditus ipſe;
115 156 626 185 Meque eadem famulo, teque ſuperbit hero.
78 185 574 215 Niligitur mirum, ſi me, Franciſee, relico
116 215 551 245 Te colit, & quicquid iuſſeris, illa ſacit
303 248 545 275 Chr. Lo glitepitaphin.
77 275 574 309 Nuper apud manes crudeli funere raptem
116 305 562 335 Longolium Cicero vidit & obſtupuit:
78 335 677 367 Queis nouns hic error? noſtri altera venit imago?
77 364 640 395 d Vtra, ait, vmbra mea eſt? aut vter eſt Cicero?
298 396 530 420 In potam aledicu.
78 423 534 455 Non Muſæ ſed te Furiæ fecere poetam.
118 454 598 486 Qui probris homines adficis atq; Deos.
77 479 612 512 AEt tua ais bell ſiuere omnia carmina & apte;
118 512 534 547 dAtnon illa fluunt ſed furioſa ruunt.
339 545 491 565 EG aco Samii.
78 573 534 605 s Aligeri accepto crudeli vulnere nati,
118 603 525 632 Sic ait ingenti victa dolore Venus:
77 691 516 720 Qui ſeruaturos ſe iurauere pudorem
118 720 583 751 Perpetuum; nec te, nec tua tela timent?
78 745 651 775 iContra Amor: o mater, ne ſæui; vruntur & illi,
78 778 511 810 ;? Et ſenſere meas oſſa per ima faces.
77 806 634 839 u Vruntur grauius quam quos conubia iungunt;
120 839 569 868 Sed furtim coeuut, & ſua furta tegunt.
360 872 488 891 Vir æxr.
78 889 639 930 Nemo opibus felix, nam rerum copia tandem,
121 929 550 957 Quamuis adſiduo parta labore, perit.
78 957 526 986 Perduntur ſenio vires, & gratia formæ
119 987 636 1015 Eſſluit, & morbi membra dolore premunt.
78 1016 664 1044 Vi bene momento manet illecebroſa voluptas,
78 1044 612 1075 et fugiens ſtabilem neſcit habere gradum.
78 1075 605 1110 Inelita ſed Virtus animum perfectius ornat;
123 1104 589 1135 Perſtat, & anferri mente repoſta nequit.
706 1134 757 1160 V,
