872 1312
344 69 574 103 NICOLAI
117 103 613 137 Virtus eſt ſenii ignara, & poſt fata ſuperſtes
145 135 607 166 Durat, & ad cœlum præuia pandit iter:
118 162 596 195 Nempe Dei donum, Virtus felicitat vna;
147 192 566 220 Poſt cineres Virtus viuere ſola facit.
343 227 560 249 Ad Ioan. Gimoliacum.
122 248 651 284 Cm virtute tuum referas atq; ore parentem,
148 281 561 309 Dulce decus Muſæ, Ginoliace, meæ:
123 310 723 347 Gratulor hoc nobis, nihil amplius eſſe quod optem:
149 341 601 372 Pergemodo: nam ſic itur ad aſtra, puer.
266 372 616 400 In qendam B. pro V.proiirentem.
125 397 678 426 Quidam ſuauis homo, cum nos hortatur amicos
154 427 574 456 Viuere; non dicit, Viuite, ſed Bibite.
244 460 663 490 In Glb. Ducherium. & Ant. Auguſtum.
123 484 466 513 Viuamus:genialis hic dies eſt,
116 511 554 543 Clamat Ducherius: ſed hunc libenter
116 544 532 576 Auguſtus meus audiens: vt inquit;
116 570 485 602 Viuamus, genialiter bibamus.
410 604 574 631 Io. Peliſſini.
124 630 658 663 Dulcia quæ nobis Deus otia fecit, agamus
151 661 589 693 Peliſſo; & curas pectore pelle graueis.
121 690 654 722 Viuamus, quo ſe magis ac magis impius vrat
149 720 616 749 Liuor, & huic rodat viſcera noſter amor.
326 754 535 780 Perro Valerio, muſico.
121 779 680 812 Seu citiiaram pulſas, ſeu dulcia fratribus imples
149 810 636 836 Organa, cum modulos audio, Petre, tuos:
118 837 674 867 Diſpeream ſi non videor mihi corda trahentem
148 867 548 901 Audire, & ſiſti flumina, ſaxa ſequi.
307 901 514 922 Ad Lndov. Viuem.
118 925 653 955 Ingenium, corpus, mores, facundia, candor,
145 954 636 988 Et ſtylus, inuicto quo velut enſe vales:
116 984 671 1011 Hæc pretioſa vt ſint; tamen iſto nomine Viues:
147 1013 579 1048 Nil tibi te dignum fata dedere magis
303 1048 577 1072 Ad laudium Pobertetum.
114 1072 700 1104 Dum tua Muſa domi dominæ ſua brachia tendit;
141 1104 627 1138 Aes venit haud vllis cognita temporibus:
712 1126 817 1168 Dum
