872 1312
296 65 553 109 BORBORNII.
92 113 634 143 Dumque illæ inter ſe vario ſermone fruuntu,
119 143 561 173 Doſtrinæ exoritur pugna & Amicitiæ.
93 172 637 203 Vtraq; vtriq; dedit vinci, tum vimcere: vicit
117 203 569 229 Nam tua Doctrina; ſed mea Amicitia.
300 242 516 264 Ad Ldov Carinum.
93 268 630 303 Non ſat habes nos ingenio ſuperare, Carine;
122 301 542 333 Linguiſq;, & Muſæ dexteritate tuæ;
96 332 590 359 Sed nunc officiis, & eis me vincere tentas,
122 361 636 391 Muneribus, quæ vel principe digna putem
96 391 518 416 Eſto: viciſti, viciſti talibus: at non,
123 419 598 445 Abs te vt ſincero vincar amore, feram
240 461 604 489 Loiſæmatris regis, Epitaphion.
97 492 674 521 Heus tu, hoc ſubmiſâ carmen lege voce, Viator:
126 523 529 554 Heic Regis mater, dia Loiſa cubat
99 550 706 583 Hanc ſtrepitu turbare caue: dormire putandum eſt
126 582 631 613 Nempe Deam, & talem non potuiſſe mori.
352 613 495 633 Ad Lectorem.
93 640 659 670 Noſtra tibi nimium ſi carmina longa videntur;
93 672 557 701 Dimidium legito; ſic minuetur iter.
93 701 618 734 Quod ſi dimidium eſſe vides prolixius æquo
128 730 530 760 Dimidium longi perlege dimidii.
322 760 513 790 Ad libellum ſium.
102 787 583 821 Ipſe dari flammis, moriens neida iuſſit
130 821 592 851 Virgilius, quâ non pulcrius extat opus.
104 846 634 879 Cur te igitur talem patior ſupereſſe, libelle?
133 878 607 910 Quo nihil eſt rudius, nec puerile magis?
104 908 590 938 Tot calamis, tot cenſuris, tot deniq; naſis,
99 935 622 966 Tot manibus mauis, qum periiſſe ſemel?
106 963 641 999 Quid? prodis? at crede, breui prodiſſe pigebit,
117 994 646 1028 Teq; domi, ah ſero, continuiſſe voles.
108 1022 676 1056 Sic pulli implumes perduntur amore volandi,
136 1053 602 1085 Cum migrant nido, matre dolente, ſuo.
672 1109 791 1132 AN-
