872 1312
305 177 582 199 TRECENSIS.
248 224 649 256 Mos plantandæ arboris ante ianuam præ-
385 256 525 283 ceptoris, vnde.
117 293 620 339 Iſcipuli Maiis priſco de more, Ralendis,
192 326 612 357 Doctoris decorant limina prima ſui.
116 354 560 380 Scilicet auoctâ frondoſis arbore ſiluis,
148 383 576 414 Gymnaſii decorant limina prima ſui.
113 412 559 445 Qu fuit a priſcis inducti moris origo,
147 443 555 470 Accipias paucis ueſcia turba modis
118 472 645 502 Sæuus Amor Phœbo transfixerat oſſa ſagitt,
147 500 622 533 Quæ facit vt fixus protinus omnis amet.
115 530 684 562 Protius in pulcram vertit ſua lumina Daphnen,
146 559 581 590 Et upit adſpectæ Phœhus amore frui.
114 588 631 621 Læſerat at Nymphæ diuerſum pectora telum,
147 618 633 647 Ouod facit vt nunquam læſus amare velit
115 647 712 679 Inſequitur Daphnen Phœbus: fugit illa ſequentem
146 678 623 709 Quod petit hic ſummis viribus illa negat.
112 707 625 736 Et ncgat, & fertur velox per gramina; donec
143 735 575 767 Ad fluuium cari velut anhela patris:
109 764 577 797 Heic vbi prælongo curſus defeſta labore,
142 795 599 827 Apatre conſumptis viribus orat opem;
110 824 588 855 Scilicet vt ſaluo mutetur forma pudore;
128 853 585 885 Et faciem capiat pulcra figura nouam.
110 883 598 915 Irrita non abeunt tam caſtæ vota puellæ;
141 913 571 937 Facta fuit vatum laurus amata Deo.
109 942 654 977 Indoluit Clarius mutatam Phœbus amicam;
140 971 549 1002 Non hilati tales & dedit ore ſonos.
106 1001 630 1031 Tu mea perpetuis gaudebis frondibus arbor;
142 1032 548 1062 Ante meas ſtabis, Laurea fixa fores.
104 1060 541 1091 Laurea diuini geſtabunt ſerta poetæ;
136 1089 562 1126 Culta tuis ramis porta docentis erit.
723 1129 790 1155 Hos
