872 1312
186 58 684 85 IOANNISRRVCHERII. s
92 99 570 132 os vbi ſermones finiuit triſtis Apollo,
129 128 540 160 Aunuere eſt moto vertice viſa ſuo
92 156 613 191 Diſcipuli hinc vecta frondoſis arbore ſiluis,
130 187 570 221 Gymnaſii decorant limina prima ſui.
93 216 739 251 Sed quia nec viſum eſt, nec, Laure, videbitur vnquam.
129 246 624 278 Vt locus omnigenas proferat omnis opes;
93 275 655 308 Heic, vbi vel raro vel nunquam naſceris; arbor
130 308 565 339 Officium peragit quælibet na tuum.
219 335 645 365 Ardua obit, qui diſfiultatem obſeruat.
93 365 563 400 Adſpicias ventos, ipſis terrebere ventis;
133 394 620 430 Nec dabis æquoreis carbaſa danda Notis
93 424 621 459 Adſpicias poſcat quos Virtus pulcra laboress
130 455 561 485 Virtutis nulum ſegnis inibis opus.
254 483 617 514 Indocti magiſtri, diſcipulus i: doctus.
104 513 573 548 Vrſa prius fracto labetur in æquora cælo,
138 543 679 578 Tardigradus celerem quam det aſellus equum,
93 572 632 606 Gnarus ab ignaro nunquam doctore redibis:
135 602 551 631 Si redeas, munus creditur eſſe Dei.
209 635 612 664 Improborum conſortim probos depraieat.
93 663 580 695 Inter oues ſanas erret ſi morbidus agnus
132 695 556 725 Inficiet ſanas morbidus agnus oues.
93 722 552 755 Inſicit vnius morbi contagio multos;
134 749 606 782 Inficit & multos improba turha probos.
205 779 644 814 Incitatur qui facile ad qtiæ note ra pocliuis.
93 808 714 847 Quadrupedem in planum fertur deducere campum,
135 840 583 872 Sponte malo ſuadens turpia facta viro.
93 862 690 903 Et ſtimulare bouem promptâ ceruice trahentem,
136 899 619 933 Sponte probo ſuadet qui proba facta viro
274 931 580 956 lulllare m to ſuetido ir cent.
93 955 682 991 s Stupa per admotum leuiter ſuccenditur ignem;
135 986 596 1019 Tuta procul poſita quæ valet eſſe rogo.
93 1016 555 1045 Ardet amore leui vicinæ ſæpe puellæ,
137 1043 640 1078 Vrunt quem nullæ, dum procul illa, faces.
247 1074 656 1101 Otiu m nutrit Amorem, negotium occidit.
93 1101 643 1138 Non tua Caalides fotmidant arma, Cupidos
