872 1312
210 57 678 91 noo IOANNIS BC
143 106 579 133 Vt quæ peruigiles otia nulla colant.
118 133 681 169 Otia nulla colas; pulcrum neu ſperne laborem,
144 163 520 192 Qi cupis illæsa virginitate frui
302 195 601 220 Imuidi fortnatorum adſecla.
115 214 671 253 Nonniſi ſplendenti de lumine ducitur vmbra;
102 251 691 282 Quod ſimul exſtinctum eſt, protinus illa fugit.
115 280 603 310 Nonniſi de cenſu conſurgit diuite Liuor:
147 308 616 339 Cenſus vbi periit, Liuor & ipſe perit.
316 419 553 447 Vita piorum, militia.
107 452 662 503 Ilitiæ ſpecies vitaeſt, mihi credito, ſancta:
198 483 631 512 V Omnis ab hac longe deſidioſus abeſt.
108 512 662 545 Gymnaſtes duram ſedqui Deus addocet artem,
144 542 548 571 Vt vincas, vires ſuſficit ipſe nouas.
108 568 690 608 Macte animo, pia turba, viden luctando Iacobus
143 601 608 632 Vincit, & victo Numine nomen habet.
310 632 583 654 Proimior Deus, in acerbis.
93 659 658 689 Degrauat Electos quo ſarcina maior, amicum
112 688 553 718 Se Numen profert auxiliare magis.
115 716 681 748 Teſtis Hebræa tibi ſoboles;quæ paſſa Tyranmum,
140 747 575 778 Diuinam duro tempore ſenſit opem.
289 778 655 807 Obſequare Deo potius, quam homini.
114 805 671 837 Non iugulaſſe mares, fuit obſtriticibus æquum:
142 836 646 864 Irrita namque Deo lex, rata nulla mihi eſt.
107 861 598 895 Sic decet ac prodeſt regalibus interdictis,
144 895 658 923 Quæ truculenta, tuas haud ſcelerare manus.
289 926 492 954 Omnia ſunt ingrata.
113 951 638 983 Per fraterna fouet dum ius, opprobtia Moſes
142 983 578 1013 Exulat: hæc meritis gratia ſæpe redit.
114 1013 677 1043 Nec tamen iniunctum piget exantlare laborem:
142 1043 659 1072 Namque piis merces plena, placere Deo eſt.
283 1074 601 1102 Sudor poſitus ante pietatem.
101 1099 633 1134 Non edit Iſrael ſine amaris caulibus agnum.
694 1133 810 1166 Tolle
