872 1312
209 68 599 102 AVGVSTINI CALILI.
101 104 660 136 Tolle tuam, Chriſtum qui cupis eſſe, crucem.
96 132 659 173 x Quos amat, ærumnis etenim Deus angit: at illis
96 165 546 195 Lætior exhauſto palma labore venit.
266 196 552 225 Nſequamur Dcos alienos.
96 218 674 255 i Caltha ſuum ſequitur conſtanter lutea Phœbum,
127 253 589 285 Complicat & flores Sole cadente ſuos
96 282 614 316 Huius ad efligiem ſapiens compoſtus, adoret
103 313 565 346 Vnumperpetuo rite colatque Deum.
258 346 583 374 Ne ſurpemere.
95 373 663 404 ll Rex Macetum implexos præcidit acinace nexus,
130 401 604 438 Qos poterat nemo diſſoluiſſe, manu.
96 432 559 465 Iugiter intricent ne te mala iurgia, iure
128 463 511 493 Iurando litem ſic iugulare licet.
95 488 628 523 Dignus at inciderit niſi tanto vindice nodus,
128 522 528 552 Diſſidii teſtem parce citare Deum
318 556 483 580 Honoa parentes.
96 579 647 612 u: Damna per, & cædes, per tela cruenta, per ignes
131 609 605 641 Capta Anchiſiades extulit vrbe patrem.
95 640 642 670 Sic adamato, tuoſq; iuua, & reuerere parentes,
119 668 548 714 Quſquis aues vitâ proſperiore frui.
354 701 484 727 Non occides.
105 722 716 753 Cæde manum abſtineas: homicidia conditor vrbis
133 756 620 787 Vindicat, illa etiam quæ ſine teſte videt.
96 784 659 826 Quis tua cæca putet violentaq; poſſe referri,
109 815 576 846 Ibice, fata vagas per Palamedis aues?
231 845 593 877 Magiſtratus haud maledicendum.
96 870 607 907 e Perſonam cum ſuſtineat, nomenq; decuſq;
135 903 646 934 Numinis; in proceres ne iace probra tuos:
107 930 659 962 Dementem ne imiteris eum, qui ſumma ſagittis
135 962 584 994 Aſtra petens, ictu ſe fodit ipſe ſuo.
307 993 547 1021 Peregris opitulandum.
96 1018 612 1051 Aduena non aliam quatit alæ verbere, curâ
138 1050 582 1081 Sed vigili roſtro grus iuuat ipſa gruem.
96 1076 639 1111 Non ignare mali, miſeris ſuccurrere diſcas
132 1109 567 1142 Ipſe, peregrinis cum peregrinus ages
716 1132 772 1164 Sapi-
