872 1312
209 68 599 102 AVGVSTINI CALILI.
101 104 660 136 Tolle tuam, Chriſtum qui cupis eſſe, crucem.
1 124 659 173 x Quos amat, ærumnis etenim Deus angit: at illis
73 165 546 195 Lætior exhauſto palma labore venit.
266 196 552 225 Nſequamur Dcos alienos.
1 218 674 255 i Caltha ſuum ſequitur conſtanter lutea Phœbum,
4 250 39 281 M
127 253 589 285 Complicat & flores Sole cadente ſuos
1 281 614 321 Huius ad efligiem ſapiens compoſtus, adoret
103 313 565 346 Vnumperpetuo rite colatque Deum.
258 346 583 374 Ne ſurpemere.
1 373 663 417 ll Rex Macetum implexos præcidit acinace nexus,
130 401 604 438 Qos poterat nemo diſſoluiſſe, manu.
54 432 559 465 Iugiter intricent ne te mala iurgia, iure
128 463 511 493 Iurando litem ſic iugulare licet.
54 488 628 523 Dignus at inciderit niſi tanto vindice nodus,
4 499 54 526 i
128 522 528 552 Diſſidii teſtem parce citare Deum
2 530 55 564 u
318 556 483 580 Honoa parentes.
2 579 647 618 u: Damna per, & cædes, per tela cruenta, per ignes
131 609 605 641 Capta Anchiſiades extulit vrbe patrem.
1 622 63 652 i
52 640 642 670 Sic adamato, tuoſq; iuua, & reuerere parentes,
119 668 548 714 Quſquis aues vitâ proſperiore frui.
354 701 484 727 Non occides.
105 722 716 753 Cæde manum abſtineas: homicidia conditor vrbis
1 745 54 775 s
133 756 620 787 Vindicat, illa etiam quæ ſine teſte videt.
64 784 683 826 Quis tua cæca putet violentaq; poſſe referri,
109 815 576 846 Ibice, fata vagas per Palamedis aues?
1 838 54 867 -
231 845 593 877 Magiſtratus haud maledicendum.
1 866 607 907 e Perſonam cum ſuſtineat, nomenq; decuſq;
135 903 646 934 Numinis; in proceres ne iace probra tuos:
1 927 64 953 -
107 930 659 962 Dementem ne imiteris eum, qui ſumma ſagittis
135 962 584 994 Aſtra petens, ictu ſe fodit ipſe ſuo.
6 984 58 1022 i
307 993 547 1021 Peregris opitulandum.
56 1018 612 1051 Aduena non aliam quatit alæ verbere, curâ
138 1050 582 1081 Sed vigili roſtro grus iuuat ipſa gruem.
1 1076 639 1117 Non ignare mali, miſeris ſuccurrere diſcas
132 1109 567 1142 Ipſe, peregrinis cum peregrinus ages
716 1132 772 1164 Sapi-
