872 1312
274 75 657 100 Ae c ssrt t.
271 106 605 133 Sapiens non penddtt mmultitudine.
112 132 619 164 Errantum numero rectum poſtponere noli
144 161 589 194 Si ſapis, inſiſtes ſemper honeſta ſequi
114 191 691 224 Solis ad exemplum, quem non eclipticæ ab arcto
142 221 578 251 Calle planetarum deuia turba rapit.
325 252 540 273 Senectus venerabil,
110 271 617 309 Tu reuererc ſenem, caniſq; adſurgito: canis
137 307 652 340 Eſt tibi iure, puer, frons veneranda pilis.
111 337 612 367 Sed neq; tu longo ſenium reputaris ab æuo:
137 365 543 396 Cani ſunt, virtus integritaſque viri.
223 396 668 424 Chriſtia. orum ita, ærumnoſa, & fructuoſa,
106 425 595 455 Luctari ventis & amygdala celſa procellis,
136 455 560 483 Atq; rebellis amat rumpere ſaa ſoli:
99 479 601 515 DFrigore adueſo teneros expromere flores;
99 513 546 541 Maturet fructus vt tamen ipſa ſuos.
99 539 615 573 Vapulet egregie, per damna feracior extat:
98 568 687 600 Qin truncum atq; pedem tundere ſæpe iuuat
99 598 608 631 Atfructuinualidis nullus præſentior ægris.
129 630 611 653 Hinc bene Chriſticolis adſimulata fuit.
275 660 519 689 Liber aperti & clauſus.
99 688 580 718 Indagare Dei ſecreta modeſtus abhorre;
125 717 579 749 Illaled in pretio quæ patefecit, habe.
99 747 617 778 Hoc tibi conſultum ſeriſq; nepotibus offert,
129 777 601 806 Qui patet ac partim clauditur iſte liber.
284 811 581 835 Vugo noua ta nt aclo,
95 836 645 866 Vt quadragenos chlamys integra ſeruiat annos,
125 866 546 896 Quis non æterni dixerit entis opus i
96 895 643 927 At cœlos ſine labe polum tot vertere ſccla,
121 925 637 952 Non ſtupet, admiransnil niſi turba nouum.
252 1017 543 1049 PARISIENSIS.
261 1049 554 1070 Mlanous Io. Pieri Valeriani.
78 1077 651 1121 Nte alios quos terra dedit, quos Itala virtus,
153 1109 426 1140 ternoſemperdig ua
707 1143 759 1163 San-
