872 1312
150 73 684 102 IOAN. GRECORCAANNT.
69 109 571 155 Sanctæ ſeu mentis opes ſeu candida puri
76 142 560 173 Spectes ingenii lumina, primus erat.
371 176 473 198 Dcodem.
93 200 672 232 Docte iaces: tua fama viget; tua ſcripta leguntur.
121 231 546 259 Ecli qui potuit viuere poit obitum.
208 365 623 395 &ceph. Paſeaſii eſigiem ſie manibus.
85 403 627 452 Aſchaſium pictâ vidit quicumque tbeliâ,
156 434 617 464 Miratur geminis quod careat manibus
91 464 685 492 Non eget is manibus, quem nouimus artibus olim
117 491 592 520 Extremum ſummis impoſuiſſe manum.
355 524 466 543 In cider.
89 551 612 589 Oui varias ſanctis manibus tractaueritarteis,
117 582 644 611 Iuraque, & eloquiuin, carmen, & hiſtoriams
87 610 605 639 Paſchaſius quidni longas credatur habere,
117 640 580 670 Oales dicuntur Regibus eſſe, manus?
86 669 542 699 At pictor nullas efſinxit. nempe tabella
114 700 617 730 Tam longas, breuior non capit vlla manus
304 730 450 759 Ad pictorem.
87 757 571 789 Cur, Pictor, nec enim ſine arte factum eſt,
74 789 507 820 Fingis Paſchaſium manu carentem?
85 818 502 849 Ne me, ſi videas manum in tabella,
83 847 505 876 Dum ſummos oupide illius labores
82 878 460 908 Percunctaberis, eneces rogando;
82 907 474 937 Ipſe te cupide enecem loquendo,
214 1014 605 1052 I Stph Paſihaſi efſigiem, manbus
356 1057 451 1071 canten.
77 1077 704 1143 Vi præſto vſque fuit ncc amicis defuit rnquam,
158 1109 654 1149 ioue ſua miſeris præſtititurte manums
683 1141 749 1174 E
