872 1312
233 49 733 90 ooIERONNMIANDONII.
107 92 703 130 Extremanque manum cui contigit addere Muſis;
150 125 629 155 Hunc nullas pictoriuſſit habere manus.
119 154 643 183 Deſine mirari: nam cunctis qui iolet eſſe
149 185 586 215 Auxilio, alterius non eget ille manu.
290 293 604 316 AVRELIANENSIS.
264 330 518 356 Ad Ianum Dou.
110 361 676 413 oſcebam doctos mihi nuper Apollinis arcus,
186 391 668 419 Vulneris vltores, quod mihi ſecit Amor:
122 421 781 451 Doctus Amor, Pharetramque gerens, arcumq; bicornem,
153 450 576 479 Et certa in cæcis lumina luminibus:
121 478 693 510 Et genere illuſtris quis Amor antiquior alter?
150 508 545 536 Ille Deæ proles, & Iouis ille nepos
113 537 631 572 Ergo vbi protenſo telum mihi iecerat arcu,
151 567 594 595 Noſtraq; ſlammanti læſerat oſſa face;
113 594 663 627 Plorabam flammas, & non medicabile vulnus,
152 625 620 654 Sed mage, vindictam non ſupereſſe mihi
120 654 635 680 Mendicata mihi Phœbi ſunt tela ſed eheu,
150 684 664 714 Plaga ardens noſtra eſt non medicata tamen.
120 714 616 743 Illa mihi radios, & doctum denegat arcum,
139 743 614 773 Seu quia non vnquam fauerit ille mihi;
121 774 698 802 Seu quod in antiquum nollet contrarius hoſtem
150 802 549 831 Ire, reformidans bella Cupidinea.
122 832 686 864 Quid facerem infelix, cui vindex nullus Apollo,
149 862 553 889 Nec male ſperatæ cura ſalutis erat?
108 891 604 921 Erro vagus, quærens ſolis ſi forſan in agris
149 920 581 951 Vlceribus noſtris herba ſalubris hiet.
121 949 623 981 Vt fera dictamum Cretæo in vertice capra,
136 979 508 1008 Lethali telo quærere fixa, ſolet.
120 1008 629 1040 Defuit herba mihi deſerta per arua vaganti:
139 1038 631 1070 Ergo hoſtem ſupplex cogor adire meum;
122 1068 594 1097 Si velut moniâ dux olim cuſpide læſus
152 1097 583 1131 Myſius, hac ipsa cuſpide ſenſit opem
747 1125 802 1163 s
