872 1312
204 64 623 85 FLOR. CHRISTIA
1 89 535 130 ie poſſem telis, quæ me læſere, iuuari,
107 130 583 161 Vt, quod erat vulnus, ſit medicina mali.
34 161 585 193 Oraui ſupplex iterum, auxiliumque rogaui,
107 191 536 221 Turpauit noſtras lacrima fuſa geas.
34 220 673 245 Tandem ille arridens, noſtrum miſeratus & vlcus
108 250 582 280 Et pharetram & fellis tela reponit humi
35 339 597 372 Et radiante oculo Phœbi iam lumina ſumit.
106 369 599 400 Deniq; cum citharæ pectine Phœbus erat.
7 383 626 434 Ducibus his telis repetit mea vulnera, moxque
107 430 519 460 Sedata eſt rabies vulneris illa prior.
35 457 691 490 Nec ſatis hoc: pharetram ſimilem ſimileſq; ſagittas
105 488 611 519 Mi dedit, & ſubito ſum quoq; factus Amor.
34 519 594 552 Sic ego Amor, ſic ille fuit, ſic mutua vterque
34 549 551 581 mulus alterius ſpicula iecit Amor.
34 578 561 607 Sic fuimus fratres, ſic, qui fuit ante puſilli
104 608 574 638 Corporis, exiguo tempore creuit Amor.
34 631 661 667 Hoc meritum eſt, o Douſa, tuum, qui tincta lepore
101 667 610 698 Carmina meq; iubes fundere, meq; iuuas.
34 687 734 732 Forte ferut Venerem cum nondum oracula Phœbus
831 709 869 727 .
101 726 587 758 Diceret antiquam conſuluiſſe Themin,
34 750 581 798 Qâ poſſet ratione ſuus grandeſcere natus,
103 787 589 823 Qe vetet pueri creſcere membra ſui.
75 814 681 842 Solus, ait, Themis eſt: Amor cſt addendus Amori
102 844 611 877 Da comitem, poterit tunc Amoreſſe gigas.
3 875 589 907 Sic iam noſter Amor paruus, facunde poe ta,
101 906 562 935 Poſſit Atlantæis æmulus eſſe iugis.
195 932 645 964 In atullum, Tibullm & Propertium Ioh,
368 967 463 993 Scaligoi.
69 993 608 1020 Ille ſui decus æui, & nobilis mbra Catullus,
101 1026 545 1055 Quo Verona bono patria ciue tumet,
71 1053 564 1084 Benaci quondam Phœbo ſeccſſit ad oram
96 1082 536 1116 Inſula qua felix Sirmio pæn ſita eſt.
69 1112 574 1151 Qu loca natura peramœna ituque beata,
683 1140 738 1161 Car-
482 1144 533 1166 Ees
