872 1312
270 68 538 91 CHRISTIANI.
720 72 758 98 o
31 102 640 133 Sie hæc Scaligero lingua eſt vernacula, quæ non
107 132 520 161 Intellecta aliis, vel peregrina fuit.
31 161 617 191 Credibile eſt tanto gaudere interprete vatem
107 191 560 222 Ciue ſuo, aut potius Principe iure ſuo.
86 221 605 250 Tuq; foci o iuuenis ſemper lucentis amator,
85 251 591 281 Coruini ille cliens, adſiduuſque comes:
83 280 591 310 Qui ſine Ioſepho poteras obſcurus haberi,
112 312 627 342 Acceptam huic lucem gratus opemq; refer:
82 342 593 371 Et gaude, quod Coruini de gente propages,
110 370 578 400 Temporis & belli vulnera magna ſecat.
82 400 690 429 Hoc quoque Callimachus debere fatebitur Vmbe,
111 431 559 460 Iamq; ſuum tali vindice carmen amat.
34 460 603 488 Cui tanti vates debent ſua luinina, quæ nos
112 490 552 519 Digna reponemus præmia Scaligero?
85 519 639 549 Tres igitur gandete, Catulle, Tibulle, Properti:
112 549 537 578 Omnis laudabit gaudia veſtra liber.
276 580 506 608 I obitm Iaei Valcimi.
85 607 649 637 Quid querar? an poſcam triſtes epicedia Muſas
84 638 617 668 Aut Cens vatem lacrimas? mihi Thracia iura
84 667 591 697 Biſtonioſque placet ritus laudare, vbi nulla
84 698 559 726 Funera mentito decantat præfica luctu;
84 727 551 756 Nec placat nigros puerilis nænia manes,
85 755 641 787 Multa ſuper tumulo ploraus: ſed lumine caſſos
83 787 557 818 Excipiunt riſu natos longoqs cachinno.
85 817 607 846 Scilicet humanæ magna hæc veſania mentis,
84 845 590 875 Felices plorare animas, cum morte beatâ.
85 875 599 904 Vitam infelicem ſalſæqie incommoda lucis
83 905 640 934 Linquimus, & puro terram mutamus Olympo.
115 934 625 962 Ille quidem deflendus erit, cui nulla ſalutis
1 932 41 959 L
1 959 40 987 s
88 963 542 991 Spes, cui nulla fuit certo ſiducia cœlo,
87 993 561 1022 Qui vitam rectore & præceptore Epicuro
86 1022 498 1045 Direxit, vel fortuito res ire caducas
89 1050 603 1079 Sperauit lapſu, miſeroſque inglorius annos
87 1079 505 1101 Duxit in æternæ ſecura obliuia vitæ.
114 1109 663 1140 At nos, queis plenum ſacro dedit vbere nectar
695 1140 751 1169 R.c
437 1141 534 1162 Ee
