<?xml version="1.0" encoding="UTF-8" standalone="no"?><PcGts xmlns="http://schema.primaresearch.org/PAGE/gts/pagecontent/2019-07-15" xmlns:xsi="http://www.w3.org/2001/XMLSchema-instance" xsi:schemaLocation="http://schema.primaresearch.org/PAGE/gts/pagecontent/2019-07-15 http://schema.primaresearch.org/PAGE/gts/pagecontent/2019-07-15/pagecontent.xsd"><Metadata><Creator/><Created>2022-04-09T07:32:49</Created><LastChange>1970-01-01T00:00:00</LastChange><Comments/></Metadata><Page imageFilename="0830.png" imageHeight="1312" imageWidth="872"><TextRegion id="r1" orientation="0.0" type="paragraph"><Coords points="1,1 870,1 870,1310 1,1310"/><TextLine id="l1"><Coords points="270,68 270,91 538,91 538,68"/><TextEquiv><Unicode/></TextEquiv><TextEquiv index="1"><Unicode>CHRISTIANI.</Unicode></TextEquiv></TextLine><TextLine id="l2"><Coords points="640,102 78,102 78,130 153,130 228,132 640,133"/><TextEquiv><Unicode/></TextEquiv><TextEquiv index="1"><Unicode>Sie hæc Scaligero lingua eſt vernacula, quæ non</Unicode></TextEquiv></TextLine><TextLine id="l3"><Coords points="520,133 107,132 108,160 520,161"/><TextEquiv><Unicode/></TextEquiv><TextEquiv index="1"><Unicode>Intellecta aliis, vel peregrina fuit.</Unicode></TextEquiv></TextLine><TextLine id="l4"><Coords points="617,161 565,161 555,164 80,161 78,162 78,191 617,191"/><TextEquiv><Unicode/></TextEquiv><TextEquiv index="1"><Unicode>Credibile eſt tanto gaudere interprete vatem</Unicode></TextEquiv></TextLine><TextLine id="l5"><Coords points="560,195 547,194 389,192 200,193 107,191 107,219 134,222 560,222"/><TextEquiv><Unicode/></TextEquiv><TextEquiv index="1"><Unicode>Ciue ſuo, aut potius Principe iure ſuo.</Unicode></TextEquiv></TextLine><TextLine id="l6"><Coords points="605,222 601,224 490,224 173,222 134,223 122,221 83,222 86,235 86,250 605,250"/><TextEquiv><Unicode/></TextEquiv><TextEquiv index="1"><Unicode>Tuq; foci o iuuenis ſemper lucentis amator,</Unicode></TextEquiv></TextLine><TextLine id="l7"><Coords points="591,254 479,252 85,251 85,279 206,281 591,281"/><TextEquiv><Unicode/></TextEquiv><TextEquiv index="1"><Unicode>Coruini ille cliens, adſiduuſque comes:</Unicode></TextEquiv></TextLine><TextLine id="l8"><Coords points="591,285 586,283 549,284 447,282 206,282 83,280 83,310 591,310"/><TextEquiv><Unicode/></TextEquiv><TextEquiv index="1"><Unicode>Qui ſine Ioſepho poteras obſcurus haberi,</Unicode></TextEquiv></TextLine><TextLine id="l9"><Coords points="627,312 135,312 128,315 112,316 113,340 194,342 231,342 255,340 292,340 316,342 627,342"/><TextEquiv><Unicode/></TextEquiv><TextEquiv index="1"><Unicode>Acceptam huic lucem gratus opemq; refer:</Unicode></TextEquiv></TextLine><TextLine id="l10"><Coords points="593,344 528,344 485,342 82,342 82,367 96,368 150,370 302,369 381,371 593,371"/><TextEquiv><Unicode/></TextEquiv><TextEquiv index="1"><Unicode>Et gaude, quod Coruini de gente propages,</Unicode></TextEquiv></TextLine><TextLine id="l11"><Coords points="578,373 381,372 302,370 110,370 111,399 236,400 247,398 286,398 303,400 578,400"/><TextEquiv><Unicode/></TextEquiv><TextEquiv index="1"><Unicode>Temporis &amp; belli vulnera magna ſecat.</Unicode></TextEquiv></TextLine><TextLine id="l12"><Coords points="690,400 617,400 611,402 82,400 82,427 122,429 690,429"/><TextEquiv><Unicode/></TextEquiv><TextEquiv index="1"><Unicode>Hoc quoque Callimachus debere fatebitur Vmbe,</Unicode></TextEquiv></TextLine><TextLine id="l13"><Coords points="559,432 111,431 111,458 134,460 559,460"/><TextEquiv><Unicode/></TextEquiv><TextEquiv index="1"><Unicode>Iamq; ſuum tali vindice carmen amat.</Unicode></TextEquiv></TextLine><TextLine id="l14"><Coords points="603,460 594,463 399,462 346,460 78,460 78,488 603,488"/><TextEquiv><Unicode/></TextEquiv><TextEquiv index="1"><Unicode>Cui tanti vates debent ſua luinina, quæ nos</Unicode></TextEquiv></TextLine><TextLine id="l15"><Coords points="112,490 112,519 552,519 552,490"/><TextEquiv><Unicode/></TextEquiv><TextEquiv index="1"><Unicode>Digna reponemus præmia Scaligero?</Unicode></TextEquiv></TextLine><TextLine id="l16"><Coords points="639,519 361,519 333,520 325,522 296,522 273,520 225,521 85,519 85,547 113,547 132,549 639,549"/><TextEquiv><Unicode/></TextEquiv><TextEquiv index="1"><Unicode>Tres igitur gandete, Catulle, Tibulle, Properti:</Unicode></TextEquiv></TextLine><TextLine id="l17"><Coords points="112,549 112,578 537,578 537,549"/><TextEquiv><Unicode/></TextEquiv><TextEquiv index="1"><Unicode>Omnis laudabit gaudia veſtra liber.</Unicode></TextEquiv></TextLine><TextLine id="l18"><Coords points="276,580 276,608 506,608 506,580"/><TextEquiv><Unicode/></TextEquiv><TextEquiv index="1"><Unicode>I obitm Iaei Valcimi.</Unicode></TextEquiv></TextLine><TextLine id="l19"><Coords points="649,607 328,607 262,609 235,609 229,607 85,607 85,637 649,637"/><TextEquiv><Unicode/></TextEquiv><TextEquiv index="1"><Unicode>Quid querar? an poſcam triſtes epicedia Muſas</Unicode></TextEquiv></TextLine><TextLine id="l20"><Coords points="617,639 254,638 201,639 174,642 152,642 146,638 125,638 120,641 84,641 84,664 106,665 110,667 120,668 617,668"/><TextEquiv><Unicode/></TextEquiv><TextEquiv index="1"><Unicode>Aut Cens vatem lacrimas? mihi Thracia iura</Unicode></TextEquiv></TextLine><TextLine id="l21"><Coords points="591,668 120,669 109,667 84,667 84,696 89,697 591,697"/><TextEquiv><Unicode/></TextEquiv><TextEquiv index="1"><Unicode>Biſtonioſque placet ritus laudare, vbi nulla</Unicode></TextEquiv></TextLine><TextLine id="l22"><Coords points="84,698 84,726 559,726 559,698"/><TextEquiv><Unicode/></TextEquiv><TextEquiv index="1"><Unicode>Funera mentito decantat præfica luctu;</Unicode></TextEquiv></TextLine><TextLine id="l23"><Coords points="551,728 546,727 84,727 84,753 129,754 145,756 551,756"/><TextEquiv><Unicode/></TextEquiv><TextEquiv index="1"><Unicode>Nec placat nigros puerilis nænia manes,</Unicode></TextEquiv></TextLine><TextLine id="l24"><Coords points="641,755 588,755 579,757 441,756 325,758 172,758 129,755 85,755 85,783 94,783 101,785 245,787 641,787"/><TextEquiv><Unicode/></TextEquiv><TextEquiv index="1"><Unicode>Multa ſuper tumulo ploraus: ſed lumine caſſos</Unicode></TextEquiv></TextLine><TextLine id="l25"><Coords points="480,816 557,815 557,787 83,787 83,813 87,814 107,814 122,816 400,816 462,818"/><TextEquiv><Unicode/></TextEquiv><TextEquiv index="1"><Unicode>Excipiunt riſu natos longoqs cachinno.</Unicode></TextEquiv></TextLine><TextLine id="l26"><Coords points="477,844 607,844 607,817 480,817 462,819 400,817 85,817 85,841 90,842 203,846 414,846"/><TextEquiv><Unicode/></TextEquiv><TextEquiv index="1"><Unicode>Scilicet humanæ magna hæc veſania mentis,</Unicode></TextEquiv></TextLine><TextLine id="l27"><Coords points="516,873 590,874 590,845 477,845 373,848 343,846 203,847 151,845 84,845 84,872 108,872 148,875 294,875 308,873 345,875 496,875"/><TextEquiv><Unicode/></TextEquiv><TextEquiv index="1"><Unicode>Felices plorare animas, cum morte beatâ.</Unicode></TextEquiv></TextLine><TextLine id="l28"><Coords points="599,875 497,875 458,877 344,875 85,875 85,904 599,904"/><TextEquiv><Unicode/></TextEquiv><TextEquiv index="1"><Unicode>Vitam infelicem ſalſæqie incommoda lucis</Unicode></TextEquiv></TextLine><TextLine id="l29"><Coords points="83,905 83,934 640,934 640,905"/><TextEquiv><Unicode/></TextEquiv><TextEquiv index="1"><Unicode>Linquimus, &amp; puro terram mutamus Olympo.</Unicode></TextEquiv></TextLine><TextLine id="l30"><Coords points="115,934 115,962 625,962 625,934"/><TextEquiv><Unicode/></TextEquiv><TextEquiv index="1"><Unicode>Ille quidem deflendus erit, cui nulla ſalutis</Unicode></TextEquiv></TextLine><TextLine id="l31"><Coords points="88,963 88,991 542,991 542,963"/><TextEquiv><Unicode/></TextEquiv><TextEquiv index="1"><Unicode>Spes, cui nulla fuit certo ſiducia cœlo,</Unicode></TextEquiv></TextLine><TextLine id="l32"><Coords points="561,993 87,993 87,1020 286,1022 561,1022"/><TextEquiv><Unicode/></TextEquiv><TextEquiv index="1"><Unicode>Qui vitam rectore &amp; præceptore Epicuro</Unicode></TextEquiv></TextLine><TextLine id="l33"><Coords points="498,1022 86,1022 86,1045 498,1045"/><TextEquiv><Unicode/></TextEquiv><TextEquiv index="1"><Unicode>Direxit, vel fortuito res ire caducas</Unicode></TextEquiv></TextLine><TextLine id="l34"><Coords points="603,1050 546,1050 509,1052 139,1052 89,1050 89,1077 97,1078 603,1079"/><TextEquiv><Unicode/></TextEquiv><TextEquiv index="1"><Unicode>Sperauit lapſu, miſeroſque inglorius annos</Unicode></TextEquiv></TextLine><TextLine id="l35"><Coords points="505,1080 360,1081 87,1079 87,1101 505,1101"/><TextEquiv><Unicode/></TextEquiv><TextEquiv index="1"><Unicode>Duxit in æternæ ſecura obliuia vitæ.</Unicode></TextEquiv></TextLine><TextLine id="l36"><Coords points="114,1109 114,1140 663,1140 663,1109"/><TextEquiv><Unicode/></TextEquiv><TextEquiv index="1"><Unicode>At nos, queis plenum ſacro dedit vbere nectar</Unicode></TextEquiv></TextLine><TextLine id="l37"><Coords points="695,1140 695,1169 751,1169 751,1140"/><TextEquiv><Unicode/></TextEquiv><TextEquiv index="1"><Unicode>R.c</Unicode></TextEquiv></TextLine><TextEquiv><Unicode/></TextEquiv></TextRegion></Page></PcGts>