872 1312
295 66 570 88 FLORENTIS
129 100 697 131 Relligio, qui iamdudum duce & auſpice Chriſts
132 130 617 159 Cernimus heredes ſperati commoda cæli
133 160 608 191 Ouis furor: æternæ fruituro lucis amico
130 188 769 220 Agemere? aut tenebris quæ tandem imponere finem
131 220 689 249 Inuidia eſt? ſiquidem nos magnæ munera vitæ
131 249 678 279 IIduimuſq; nouâ vitâ exuimusque perennem
131 280 662 310 iorte noua mortem, & mortis ſeruilia regna.
131 307 675 337 Nec ſum adeo ignarus, nullo non poſſe moueri
130 337 643 366 Afectu mentes noſtras humanaque corda:
131 366 624 395 Non ita nos duros fragilis natura creauit.
130 396 620 427 Impetus, ira, dolor, metus, exſultatio, riſus,
130 426 618 455 Humanis animis hæc primitus inſinuata,
129 455 609 486 Naturæ voluit Deus eſſe repagula noſtræ.
125 483 635 514 Ergo gaudemuſq; ſecundis, inque dolemus
125 513 635 543 Aduerſis: ſic nos morituros flemus amicos.
163 543 687 573 Sed nos res propius rimamur, & altius ægras
125 569 683 604 Erigimus mentes quamuis ſolamina amantum
124 600 621 631 Sing fletus, & ſit quiddam pietatis in ipſis,
128 631 630 661 Nulla iuuant lamenta pios, & flere beatas
126 660 666 692 Inuidia eſt mentes. ideo potior patris Enni,
128 689 691 719 Qum Graii quondam ſententia priſca Solonis,
125 720 665 749 Mors mea ne lacrimis careat, qui dixit: at ille
126 749 629 772 Nemo mihi lacrimis nec fletu funera faxit.
156 780 644 809 Non ergo, Valcine, licet te maximus orbis
123 807 646 837 Defleat, amiſſumque velut deſerta maritum
123 838 700 868 Francia te procul exclamet, plangatq; Lemannus
121 867 573 895 ciſtia p llato faciant & funera vultu
123 897 628 927 Iuraq; nimbiferæque Alpes, & dia Genaua;
122 927 687 954 Gaudia propterea tua flent: incommoda noſtra
120 955 680 981 Ploramus duce tanto orbati & non tua damna:
120 986 599 1017 Grex veluti amiſſo balat paſtore, lupique
118 1015 681 1047 Incurſum metuit, potius quam damna magiſti.
118 1046 622 1072 Aut velut immerſo nauis rectore, rudentes
119 1075 637 1104 Stridere, & incipiunt medii ſe ſoluere funes
119 1104 608 1140 Sc nos palaimus, ſic nos ſine limite curſus
721 1130 800 1159 es-
