872 1312
267 76 532 98 CHRISTIAN.
715 83 755 107 tos
80 110 530 141 Deſicit, & noſtræ caligant vela carinæ.
110 141 665 170 Sed tamen, o moriens bona ſuſtentacula nobis
80 170 577 202 Liquiſti; nos inſtruxiſti inſignibus armis
1 188 37 221 n,
80 203 620 233 Romanæ contra prædonem & prælia cymbæ,
80 231 574 263 Et vos qui colitis lapides & ludicra ligna,
80 260 586 293 Puppaſq; & viuo ſimulacra carentia ſenſu:
81 291 614 322 Vt quondam emeritus, quiq; eiurata ſolebat
80 321 555 351 Munia militiæ annoſus deponere miles,
80 351 573 381 Herculeis ſua ſuſpendebat poſtibus arma,
80 380 522 411 Placatura Deos, & defenſura nepotes.
110 411 557 439 Tu vero interea viuis Valcine beatus,
80 441 544 471 Et manet æterno felix tua gloria cœlo:
82 471 562 500 Qun etiam terris viuis longæuus & orbi.
80 500 589 531 Nec morietur enim ſacræ facundia linguæ,
81 531 658 563 Certamenq; tuis magnum eſt cum morte libellis.
282 563 526 587 Ad Paulum M.ſſm.
80 590 603 619 Has laurus Latioque arbuſta luentia melle,
80 619 517 650 Atq; illibatos viuo de fonte liouores,
78 648 611 682 Cum Phæbo Cereris tibi ſuggeſſere miniſtræ;
80 679 553 708 Et frugi vatem, & dulcem fecere Meliſſe:
80 709 575 742 Cuius ob os veteres obuertant ora Latini,
79 738 624 769 Et dubiam palmam ſibi Tranſalpinus Apollo
79 768 656 798 Iam faciat, grandi en plaudit Germania alumno,
63 796 610 830 Inſolitis mirata ardere caloribus Arcton.
79 828 632 861 Tale tibi, o Francæ & Germanæ gloria gentis,
79 856 559 883 Muſa dedit carmen, caſtum Deoides illæ
78 886 648 918 Finxeruntq; bonum, ſed vt eſt intonſus Apollo,
79 917 647 947 Vt puræ hæ quæ mella legunt flauentia; ſic hinc
80 946 616 978 Aut haurire nefas, aut nulla arbuſta profanos
80 976 636 1009 Cædere, nempe locum pollens ſeruat Dea, cuius
79 1005 637 1038 Qui temerat numen, temnitq; improuidus iras,
80 1034 617 1066 Diſcat Triopidæ cerritam horreſcere pœnam.
141 1067 691 1098 In Ioh. Scaligeri Emendationem temporum, & comp-
336 1099 526 1126 tum ..thiopicum.
80 1123 627 1157 Gentili adſcendit quondam ſuper æthera ſcal
428 1161 523 1185 Eee
704 1157 753 1187 Ad
