872 1312
223 74 520 104 CHRISTIANI.
69 101 656 133 Omnia quæ a primis inuenta auctoribus, omnis
69 131 622 160 Græcia, deinde ſuos Romana potentia in vſus
69 162 542 192 Paullatim deriuauit, variat tamen ordo,
69 191 615 223 Et ratio annorum: ipſa fides perſæpe laborat
69 222 624 253 Hiſtoriæ; vſque adeo fuit hoc caligine tectum.
69 250 607 283 Quamuis digna fuit Romano Principe ſancti
69 280 627 313 Cura alendarii, fruſtra tamen omnibus iſtud
69 310 632 341 Tentatum: neq; conſtabat ſibi computus anni,
69 339 570 371 Auguſtus qualem dederat, vel Iulius ante.
69 368 604 400 Curia nec nodum potuit ſoluiſſe Calabra.
83 399 617 432 Quem nunc Cæſarei ſoboles doctiſlima patris
72 425 688 461 Scaliger omnem aperit; priſcisque indicta nouiſ
82 460 521 490 Ignorata auctor nobis miracula diues
82 487 584 518 Promit, deſcriptis iamdudum nobilis aſtris
83 517 645 549 Aſtrologus, nuper columen fulmentaq; Sphæræ
83 547 557 575 Barbaricæ, obſcuri lux inuidioſa Manili,
84 576 625 608 Tempora qui melius poſt ſidera digerit anni,
69 607 506 639 Atq; dies inter deſignat rite Calares.
68 635 617 668 Propterea thiopum linguas atq; induit ora
69 665 625 695 Phænicum, Phænix venerandus & vnicus ales
69 697 591 727 Scaliger, & faſtos illinc & tempora quæque
69 720 678 756 Ordinat, utquod nunc totus bene computat orbis,
68 753 604 787 Scaligero gratus poſthac totum impuret vni
69 794 455 826 Mundi totius imperitus ille eſt,
69 826 421 854 Cultus inſcius elegantioris.
69 853 400 884 Expers illicis eruditionis:
68 884 490 914 Cui non Francia Galliæque notæ,
88 911 548 942 Verum is Gallica, Franciamque neſcit,
86 942 543 971 Cui non cognitus aut parum probatus
89 970 529 1002 Eſt Paſquaſſius: lraud quod in forenſ
90 1002 454 1024 Nomen militia dedit diſertum.
90 1032 444 1061 Et ſtipendia militante lingua,
93 1059 498 1090 Sub magno meruit prius Magiſtro,
95 1089 490 1118 Sub maiore hodie meret Thuano,
85 1118 524 1150 Vocis fulmine pertonans Senatum,
