872 1312
350 75 598 105 FLORENTIS
123 107 494 136 Et uidiæ reum clientem,
122 139 513 170 Et fraudi eripit aſſeritque vitam.
124 170 549 199 Haud quod ſeria vel iocoſa tractans
125 200 550 228 Summos carmine prouocat Poetas,
123 228 519 257 Priſcos prouocat, anteit recentes,
124 259 575 287 Doctus, promptus, acutus & rotundus,
123 287 505 315 Melle cum libet illinens poema
123 316 560 345 Felle cum licet & libet: Sed vno hoc
125 345 491 375 Seſe nomine poſtulat probari,
125 375 483 405 Quod venaticus vt canis ſagaci
123 404 525 433 Ruſpans are feras vagus latentes,
122 434 546 464 Errantem in proprio ſinu parentem
122 464 533 486 Franciam, & lua dona neſcientem:
123 490 513 517 Sic ducit, docet, intimos receſſus
119 522 537 550 Veſtigat, vocat ad nouum decorem,
118 551 503 585 luſtrem faciens, nitore cogens
119 581 500 609 Lumen & columen ſuæ parcntis,
118 609 465 638 Et vere reciconians, piuſque:
120 638 575 668 Vt nunc iure relinquat ambigendum,
118 669 572 698 An vitam hæc dederit parens alumno,
118 699 539 727 An contra dcderit parenti alumnus.
113 727 682 751 Vnum hocnon dubium eſt, tamen dolendum:
117 757 551 789 Magno hic lumine Franciam beauit;
112 787 479 811 Illum Francia non ſatis beauit,
323 818 596 839 In ſPetri Pihæi Phædrum,
114 845 544 876 Phrix ille ſeruus, mente ſanus Liberâ
102 875 515 900 Græcas iocoſus fecit ex re fabulas,
114 904 574 935 Adfabulatus quæ docerent Socratem:
115 935 570 964 Grgcis trimetris vinxit illas Babrius,
115 963 583 991 Et poſt Latinis Phœdrus, olim Cæſaris
108 993 584 1024 Libertus Augufli, ſtylo atque tempore
113 1024 543 1052 Par proximusve Laberio vel Publio:
111 1052 649 1085 Onem nunc tenebris erutum Orcinæ ſpecus
109 1081 567 1112 Pitnæe, ſuperis reddis auris; maximam
105 1112 592 1143 Initurusa me gratiamu, imo ab omnibus
729 1144 803 1173 pe-
