872 1312
260 70 545 92 CIRISTIANI.
694 70 793 92 So
33 109 511 139 Spero eruditis: cteros nihil moror
84 138 543 170 Queis priſca ſordet litterarum puritas.
33 164 550 198 Tantum viderem doctiores Principes
33 195 543 234 Qum litteratos ſeruulos, quales erant
37 228 512 258 . ſopus, & Libertus iſte Principis.
317 259 519 287 E Gallic iibracii.
34 288 519 315 Cum lucis ortu mox labores incipe,
87 318 534 342 Veneratus ante numen æternum ei:
33 342 577 379 Poſt veſpere orto. deſitus poſtquaim labor,
33 369 543 405 Colas eundem, ſic & annum tranſigas.
89 427 553 457 Sedens adora, quod iubent Græci, Deus
88 457 598 485 Curſum exſecratur præcipem precantium,
87 486 512 517 Et poſtulat ſe corde tranquillo coli:
35 515 537 551 Sed tale ſolus cor Deus potis eſt dare.
75 558 602 594 Comperce dictis talibus: grande hoc opus
89 593 521 621 Virtute fretus, aut me apte audacia,
35 622 477 653 Manu peregi: rectius dices; boni
91 650 717 685 Si quid mihi actum eſt quantulum eſt auctor Deus.
91 699 557 729 Mortale corpus iſtud, in quo cernimus
91 727 624 760 Carnem atq; neruos, cumq; pelle ſanguinem,
90 757 617 787 Hominem vocare mitte; quo nihil pulcrius,
93 788 662 823 Quemque eſſe ſacrum vult ſibi Templum Deus.
92 832 492 865 Beatus ille, ſperibus quiſquis ſuis
92 865 515 890 Vno locatis im Deo, Deum inuocat;
94 892 562 923 Et cum ſerena tempora, & cum nubila:
93 923 600 952 Nec fidere vnquam rebus humanis amat,
94 952 547 977 Tune in caducis rebus & mortalibus,
95 982 500 1014 Speres locare certus auderes tuas?
94 1009 557 1040 At maximus Rex omnis eſt eiuſmodi:
85 1041 499 1071 Securitatis nullus eſt egens magis.
94 1083 588 1119 Frugi bonuſq;, gaudium eſt Natus patris.
95 1115 557 1150 Siprorſus optas talem habere filiums
668 1139 763 1165 Rectam
413 1150 505 1171 Eee
