872 1312
260 70 545 92 CHRISTIANI.
81 109 511 139 Spero eruditis: cæteros nihil moror
84 138 543 170 Queis priſca ſordet litterarum puritas.
81 168 550 198 Tantum ô viderem doctiores Principes
81 198 543 232 Quàm litteratos ſeruulos, quales erant
81 228 512 258 Æſopus, & Libertus iſte Principis.
317 259 519 287 Ex Gallico Babracii.
80 288 519 315 Cum lucis ortu mox labores incipe,
87 318 534 342 Veneratus ante numen æternum Dei:
81 345 577 379 Poſt veſpere orto. deſitus poſtquam labor,
81 377 543 405 Colas eundem, ſic & annum tranſigas.
89 427 553 457 Sedens adora, quod iubent Græci, Deus
88 457 598 485 Curſum exſecratur præcipem precantium;
87 486 512 517 Et poſtulat ſe corde tranquillo coli:
81 515 537 551 Sed tale ſolus cor Deus potis eſt dare.
80 558 602 594 Comperce dictis talibus: grande hoc opus,
89 593 521 621 Virtute fretus, aut me apte audaciâ,
81 622 477 653 Manu peregi: rectius dices; boni
91 650 717 685 Si quid mihi actum eſt (quantulum eſt) auctor Deus.
91 699 557 729 Mortale corpus iſtud, in quo cernimus
91 727 624 760 Carnem atq; neruos, cumq; pelle ſanguinem,
90 757 617 787 Hominem vocare mitte; quò nihil pulcrius,
93 788 662 823 Quemque eſſe ſacrum vult ſibi Templum Deus.
92 832 492 865 Beatus ille, ſperibus quiſquis ſuis
92 865 515 890 Vno locatis im Deo, Deum inuocat;
94 892 562 923 Et cùm ſerena tempora, & cum nubila:
93 923 600 952 Nec fidere vnquam rebus humanis amat,
94 952 547 977 Túne in caducis rebus & mortalibus,
95 982 500 1014 Speres locare certus auderes tuas?
94 1009 557 1040 At maximus Rex omnis eſt eiuſmodi:
85 1041 499 1071 Securitatis nullus eſt egens magis.
94 1083 588 1119 Frugi bonuſq;, gaudium eſt Natus patris.
95 1115 557 1150 Si prorſus optas talem habere filium;
668 1139 763 1165 Rectam
