872 1312
332 79 595 103 LORETIS
110 105 580 134 Recta m tenellus, te duce inſiſtat viam,
109 134 682 169 Magnum eſt viæ compendium, exemplum patris
109 180 508 209 Si natus eſt parente laudatiſſimo,
109 209 590 236 Cur ſponte tritum non tuâ adfectus iter?
111 238 584 269 Sin forte talis non fuit, laudem merens,
110 269 565 296 Cur vindicare non ſtudes hoc dedecus.
110 317 557 347 Non parua res eſt, ſtirpe nobile ſatum,
108 347 524 376 Habere clari generis auctores avos:
112 375 541 405 Sed poſteris lucere maior gloria eſt,
110 405 563 434 Quam deinde ſolâ luce maiorum frui.
109 450 570 481 Plus eſto honoris, quâm tuæ vitæ libens:
111 479 659 510 Sed hunc honorem intelligo & verum autumo,
110 508 653 537 Quem quiſque debet reddere omnibus mods,
108 538 505 569 Regi Deoq;, legibuſque & Patriæ.
109 583 556 615 Ne differas in craſtinum quod hoc die
108 613 545 645 Feciſſe poſſis: quin nec ignauus fuas,
108 642 533 676 Homineſque pigros æmulari deſine,
109 673 626 706 Qui per alios faciunt, quod ipſi ex ſe queunt.
110 720 607 751 Cæci ambulantis ne viam pede obſtruas:
109 748 548 778 Nec ſis in homines mortuos iniurius,
108 781 546 810 Famam quiete lancinans iacentium:
110 810 558 837 Sed nec aliena te iuuent incommoda,
108 846 523 881 Ab ore ſemper veritas fluat tuo;
96 877 537 902 Seu cum tribunal teſtis aduocaberis
107 906 520 933 Laudatus olim, ſiue cum dicteriis
108 936 531 967 Hilaras iocoſis hoſpitum conuiuia.
108 972 623 1008 Commiſſa in aurem arcana ne vulgaueri,
106 1004 617 1036 Loquens tacenda: facta quæ non ſunt tua,
108 1032 484 1065 Ne curioſus poſtules inquirere:
108 1064 573 1090 Namque iſte mendax; infidelis alter eſt.
107 1101 598 1135 Viciſſe ſeipſum, maxima hæc victoria eſt:
729 1133 792 1164 o-
