872 1312
711 69 749 95 si
246 76 525 100 CRISTIAI
78 114 503 141 Noſtros habemus intus aduerſarios;
79 143 586 178 Qui ſi potentem ſponte rationem audiun,
80 175 469 205 Iter ſecabunt ſempiternæ gloriæ.
80 212 530 242 Erramus omnes; nullus inculpabilis,
82 242 514 277 Quicumque terræ ſuſtinemur vbere:
84 273 519 306 Sapientiorum facta quin examinans,
83 302 575 336 Aliquod in ipſis deprehendas deliquum.
87 339 606 373 Scelus occuliſſe proprium, immenſus labor:
84 372 494 405 Idemq; inanis irrituſq;. quid libet
85 402 521 434 Patres, at ipſum non potes te fallere:
86 430 542 463 Nam ſe latere nullus vnquam viſus eſt.
89 472 572 508 Qum te, vereri neminem debes magis:
88 502 568 536 Nulli oritur ex te iniuriæ plus qum tibi.
88 534 603 565 Peccabis in te grauiter, in reliquos parum:
89 562 544 594 Proin tu tibi ipſe reddi rationem tui.
89 613 503 645 Probatus eſſe, qum videri, mauelis:
89 643 532 679 Factiſque virtus vera, non rumoribus
93 674 507 708 Spectanda: tutum ſola conſcientia
94 700 548 736 Contra popelli fabulas munimen eſt.
95 743 635 776 Suecurrere egenis ſemper, & quantum potess
93 778 464 804 Felicitatis erogans partem tuæ.
95 803 527 834 Nam præmiator auget & beat Deus.
95 831 537 863 Domos benignas, & patentes pauperi,
96 861 493 887 An ſuſtineres eſie cordetam fero,
96 890 531 924 Vt paperum te n ulla cura tangeret
96 920 573 951 Vt miſeri oeni non vicem miſereſceres,
100 949 523 983 Qui naus vt u. ceſtat efſigiem Dei:?
99 989 570 1016 Haud literarum ſ:dia irtutem queant
98 1016 584 1050 Morum parare. non opes.non Principum
100 1043 645 1080 Regum ve gratia, aut facinus aliquod bonumt
103 1072 596 1106 Sed habitus, ætas longa quem firmauerit.
103 1117 588 1148 Orio parua eſt maximorum fluminum:
727 1140 775 1172 u
