872 1312
343 70 597 94 FLORETIS
120 106 529 136 Qui tollit oriens altiora murmura,
119 136 600 169 Non longe abibit: more torrentis cadet,
116 167 585 196 Ponentis omne valle murmur proximâ.
116 212 650 242 Bona noſtra, magna quamlibet, non nouimu
116 241 456 271 Aliena vitis vitibus feracior,
116 270 567 295 Noſtris videtur, & inuidetur: ceterum
115 300 570 325 icina nil cenſemus eſſe incommoda.
115 353 597 381 Statuenda nulla pœna maior inuido eſt:
115 381 537 411 Quæſitor ipſe eſt ipſe tortor eſt ſuus.
113 412 570 440 Nam nec tyranni tale tormentum fuit
115 441 569 470 Siculi ille taurus, quale quod parit ſibi.
112 482 596 512 Nunquam in tuâ ſententiam cauſſa feras:
111 512 574 542 Procliue cuique eſt decipi in rebus ſuris.
111 542 568 564 Nam iudicandi adfectus infirmas facit
106 573 624 601 Partes, nec æqua lane trutinam ponderat.
111 618 597 648 Legem in ferundis, non virum, ſententiis
112 648 566 677 Spectare debes: firmalex, immobilis;
108 678 623 706 Humana contra plena mens adſectuum et.
107 708 551 737 Dei illa tota eſt: iſta brutis proxima.
107 750 519 780 Mutare leges atque ritus publicos,
105 780 521 809 Periculoſæ plenum opus eſt aleæ:
107 809 564 837 Quæ ſi Lycurgo forte res ceſſlit bene,
105 839 548 870 Non vna ver hirundo propterea facit.
105 884 565 917 Odi iſta verba: ſic iubemus, ſic placet:
106 915 619 946 Hoc velle noſtrum eſt: Iſtud imperio mero,
105 944 646 976 Motu ſtatuimus proprio. quippe hoc modo,
104 973 554 1003 Fluxere leges, ſcita patrum nulla ſunt.
103 1013 600 1046 Donare multa Principem magnum decet,
102 1043 544 1072 Mod ille dignos poſſit internoſcere:
100 1072 563 1108 Proportione largus, haud æqualiter;
98 1102 596 1137 um dona premat prouincias.
730 1140 768 1164 I-
