872 1312
260 66 536 88 CRISTIANI.
91 104 522 133 Benignus eſto in hoſpites extraneos,
91 134 567 165 Aurem querelis adplicans; preſſos leua:
93 166 473 196 Sed opibus illos regiis ſi diuites:
91 196 528 225 Iniuria adficis atque dedecoras tuos.
94 242 442 273 Si potionis ſorſitan amatoriæ
91 273 517 305 Arcana ſcite quæris; expediam tibi;
92 305 422 334 Vt diligaris a tuis, tuos ama:
91 334 579 362 Nullum eſle crede pharmacum efſicacius.
92 383 543 414 Proles Amoris atque Reſpectus timor,
91 414 479 440 Potentiæ tibicen eſt fimmiſſimus:
92 444 526 478 Oui vult timeri, dum ſacit crudeliter,
91 474 511 502 Nee idere vlli nouit, & magis timet.
91 527 460 559 odiſſe verum ſæpe fucis oblini,
90 559 516 588 Parumque cautis ora ſublinere viris,
89 588 509 612 Illudere imbecillo, & abſentes male
88 618 512 651 Aceipere, eæ ſunt aulicæ dulcedines.
87 667 548 698 Optare fas eſt Principem, qui ſit bonus;
87 699 581 727 Verum libenter, quem Deus dederit, feras,
87 726 532 758 Nam vel Tyranni iuſſa præſtat exequi,
87 759 519 789 Statum quietæ quam mouere Patriæ.
88 812 600 843 Qui ſorte natus infima, atque humili domo
86 842 520 866 Vno ſtatim te man ſublimem vides;
85 872 556 902 Fottuna quem beauit, hoc ventum puta,
88 901 503 934 Qui veſperaſcens forſitan remiſerit.
85 948 523 978 Mediocris eſt fortuna ſemper tutior:
85 978 537 1008 Nam merſa ſtagnat ſæpe planities agri;
83 1009 531 1038 Feritque fulmen montium cacumina.
84 1038 507 1067 Præſtat, placetque collis exigui ſitus.
83 1081 559 1115 Natura paucis noſtra contenta eſt bonis:
81 1113 495 1145 Et paruo honeſta vita rect viuitui.
658 1141 743 1168 eru
