872 1312
354 68 482 89 IANI
126 104 614 134 Verum quibus non ſufficit quod eſt ſatis;
127 134 662 164 Hi quo bonorum plus habent, hoc plus auent.
126 180 546 215 Viri boni ſunt hermulæ Stibicines,
127 210 559 241 Et ſcorpiones, & columnc toruicum,
127 241 607 271 Qui principatus resque iimant publicas,
127 270 691 299 Stabilemque contra tempora eſſiciunt ſtatum
125 319 538 351 Mercede nulla gratiam dign queas
127 348 473 377 Iafantiæ rep
129 377 605 408 Sed nec magiſtris atque præceptoribus,
129 407 615 437 Recte vnde ſncere doctus es, recte & loqu.
128 452 493 482 Et in thcatris, & celeoritatibus,
125 481 529 509 Conuiuiisque, te decet locum ſeni
128 510 576 540 Deferre cano. nempe cum fueris ſenex,
127 540 583 570 Habebis & qui honore te afficiant pari-
126 585 513 618 Qi ſapere ſeſe credit, ille deſipit:
128 615 624 647 t qui autumat ſe ſcire cuncta, aut poſtulat
129 645 575 676 Audire doctus; intus hunc & in cute
130 676 548 703 Scrutare, præter verba nil inueneris.
324 794 574 826 It o itum Petri oonârdi
125 823 669 872 Nde orta eſt, aut vnde ruit tam dira repentè
174 849 731 889 Tempeſtas ? medium video diſcindere cœlum,
129 883 642 914 Palantesque polo ſtellas; deſertaque ſummi
128 912 662 942 Ardua Parnaſi, totumque Helicona madere
128 940 639 970 Effuſum in lacrimas; puilata veſte Sorores
129 971 653 1001 Atra queri, & longas in fletum ducere noctes,
129 1000 682 1034 Ronſardo linquente orbem, Superisque locato.
131 1029 763 1070 Quam bene conſultum eſt, Gallo quod carmine verſusQ
131 1057 616 1089 Scripſerit: is Latio ſi vſus ſermone fuiſſet,
129 1088 677 1118 Aut ſua Graio expreſſiſſet monumenta colore:
731 1126 796 1148 Occi-
