872 1312
297 57 485 80 CLERICI.
87 88 600 127 oeciderant vnâ Muſæ L ti atque Pelaſgæ.
86 125 768 160 Nunc viuunt retinentq e decus, primumque nitorem,
87 154 693 183 ternum vt laudent vectum ſuper aſtra Poëtam.
284 187 482 214 Stepharo a haſio.
87 214 620 243 Laus diuturna manet fixis radicibus hærens,
127 244 542 275 Quæ tam laudati manat ab ore viri.
87 275 638 304 Tu purus nitidusque, & paucis multa coërces:
124 304 593 334 Vix vmbram tanti carminis ipſe ſequor.
99 334 605 363 Non plura: aut ſi vis vti me paſſibus æquis;
126 363 631 392 Vel pulſa ipſe tuam, vel mihi crede lyram.
294 469 567 498 No EERENI.
319 509 519 538 In Eraſmi cclloquia.
90 538 709 596 Andida Pieridum accedens conuiuia Phœbus,
148 568 614 596 Hunc illis fertur adpoſuiſſe librum.
230 599 579 626 In eiuſdem libros Antibarbarorum.
101 626 503 659 Sifors quinque vi ros tuliſſet olim
100 658 439 690 Nelidæ ſimiles Pylos vetuſta;
101 688 434 719 Lquatum citius ſolo fuiſſet
100 719 528 746 Præclarum Priami vetusque regnum
101 747 476 772 At nobis ſatis vnus eſt Eraſmus,
102 778 484 813 Quj docto Latio repellit omnem
101 805 617 834 Victor barbariem. hunc modo in ſupremur
103 838 464 861 Cuſtos Mercurialium virorum
103 868 453 898 Sero, Iupiter inferas Olympo.
373 898 477 917 De codem
102 923 614 953 Aureus in triuiis in templis ſtabit Eraſmus,
129 952 656 986 Cum ſua, quæ meritus, præmia quiſque feret.
335 987 471 1013 Petrs Grappo.
102 1010 665 1045 Rides, quod magnus mihi ſæpe feratur Eraſmus:
131 1045 665 1075 Quodque is ſit paruo corpore, Grappe, mones.
103 1071 638 1104 In quem pen ruens Eccleſia nutat Atlantem,
131 1100 642 1134 Hunc ego non magnum dixero iure virum?
696 1127 770 1154 Era
