872 1312
334 63 573 86 GILBERTI
346 100 547 128 Eraſmi epitaphium.
105 126 720 162 Magnus Eraſmus obiit; cui non habuit prior ætas,
158 158 591 189 Sed nec poſterior eſt habitura parem.
379 191 522 218 In Lorgolium.
125 217 693 247 Dum vigilans adſtat noctesque diesque lucernæ;
154 247 667 276 Longolium a noſtro longe oleum orbe tulit.
272 279 591 305 ln Maretham Archiducem.
124 306 605 335 Margaris vt toto pacem firmarat in orbe:
156 335 583 363 Et nos firma etiam pace fruamur, ait.
124 363 750 395 Nec mora ſponte animam efllauit, cœlumque petiuit
154 393 638 422 Heic vbi perpetuæ commoda pacis habet.
268 424 613 452 In Hſ. gonem acllrrdm uſicum.
124 453 611 481 Vulgus me vocitat leuem ac nepotem,
123 481 572 510 Vitam qui biberim ſemel per omnem.
122 510 512 541 Et frugalius hoc quid eſſe poſſit
121 541 553 570 Deinde haud deſtiterim, niſi peracta.
121 570 535 599 Et conſtantius hoc quid eſſe poſſit?
120 599 535 629 Hæc cum quælibet & popina norit,
119 629 554 658 Lippus quilibet atque tonſor omnis,
119 659 560 689 Vulgo dicor adhuc nepos leuisque.
278 691 609 717 De imper Leo De iii P. M.
118 718 525 740 Nouem anni ecimi fuere: nullos
96 746 482 777 Iurat Roma fuiſſe lougiores.
212 778 693 806 ln ard. ledice adſpirantem ad Portiſicatum,
96 802 673 836 Arte vſa es Medici dum tu male. Roma, valeres:
145 835 611 869 Aſt vbi iam ſana es nil opus eſt Medico.
330 869 544 889 I Eduardum Læum.
104 895 742 928 Scribere, Læe, librum ſine mente ac fronte procacem:
146 925 622 951 Crede mihi, non eſt ſeril ere, ſed turere.
270 956 631 979 In Alb, Pi, & Natlim Bed m.
116 984 523 1013 Si mas pius ſiſſet femina;
112 1013 575 1044 Dixiſſet impur nemo ma crimonium.
328 1049 522 1075 Ti elmannem.
111 1072 639 1106 Plus hominum debet Seraphica natio nulli,
142 1105 599 1135 Qm Titelmanno ſic ſapit illa ſuo.
716 1127 804 1167 u-
