872 1312
383 68 556 92 ETRT
161 69 254 93 tIs
195 103 646 134 Anne audes molli ſtringere tcla manu.
164 133 729 165 Quam male conſcripti tractant arcana Senatus,
195 163 634 192 Qui nondum primas deſeruere nuces.
298 194 625 224 In ſtaruam Dianæ, quæ in Lebo.
837 215 870 244 s
164 223 738 253 Quam quondam magnæ ſtatuam poſuere Dianæ,
839 244 869 274 s
194 252 641 282 Proponunt oculis pegmata noſtra tuis.
163 280 686 311 Templum ingreſſuris ſubtriſtioreſſe videtur,
194 309 605 341 Moroſoque nimis torua ſupercilio:
163 338 688 370 Verum eadem auerſis hilari gratiſſima vultu,
193 368 607 399 Non duhia oblati ſigna dat hoſpitii.
161 396 684 429 Noſtrorum hi mores: patriis ſic viuitur oris:
191 428 687 457 Hoc verum eſt noſtræ ſymbolum amicitiæ,
166 457 643 483 Hos, memor offici ſi forte inuiſeris; illic
193 487 637 515 Te toruum extemplo dira taetur anus.
161 515 734 547 Demittit vultum dominus, metuensque repoſtis,
191 544 658 574 Vix. bene ſe memorem prædicat eſſe tui.
835 544 868 575 b
161 575 677 605 Et gemit ingratas nullo cum fœnore meſſes,
190 602 597 631 Et ſibi Eleuſinæ numina ſæua Deæ.
161 632 767 667 Sed cum ad veſtibulum ventumeſt, & limine in ipſo
834 631 870 665 u
187 662 624 691 Incipit extremum iam tonuiſſe Vale;
159 691 692 724 Ad cœnam citus inuitat, frontemque ſerenat,
189 720 570 746 Iactat & occiſæ ſumina læta ſuis:
159 750 720 783 Et Calabro indignos imitatur in hoſpite mores,
186 783 650 811 Hacque tegi infames iudicat arte dolos.
317 814 629 841 Solts eruditionis nullæ ſatieras.
834 818 869 847 is
157 839 706 871 Dum tibi pes alter cani eſt in lintre Charontis,
836 847 869 877 e
188 871 662 899 Magne Cato, curæ eſt diſcere Græca tibi:
157 900 665 935 Qu ris & ignotæ moriens tectoria linguæ;
188 931 660 960 Nec cuicumque putas omnia noſſe ſatis.
153 957 676 990 Quo diſciplinâ quiſque eſt inſtructior omni,
186 988 591 1022 Tanto ſe ſtudiis dedicat ille magis.
371 1022 535 1044 Vindicta diuina.
836 1026 869 1055 i
152 1047 659 1080 Iupiter æthereâ qui fulmino vibrat ab arce,
182 1078 578 1109 Intextos lanâ fertur habere pedes.
152 1106 647 1141 Tardior ira Dei &lento vix cognita paſiu,
748 1144 821 1166 ii
