872 1312
261 66 514 92 COSTA-
98 104 592 136 Vltrici inſoquitur crimina noſtra pede
263 136 485 165 n promiſſores tantm.
64 160 648 198 Silubet, inſignem quam mittimus accipe ficum
104 195 523 224 Forſan & hæc vitæ corriget acta tuæ.
64 224 556 254 Vere nouo,nullo ſlorum veſtitur honore,
102 255 560 284 Et tamen Autumno dulcia poma gerit.
63 283 648 318 Quid tua me dubium toties promiſfa morantur?
105 314 607 348 Quod ſpondes, primum ſi ſapis illud age-.
74 344 568 372 Talia vel miſeros poſſent promiſſa beare;
99 373 575 410 Ni ſtructos tandem proderet arca dolos.
283 406 490 429 n corrptos udices.
63 433 576 463 Dum volat, elatæ telas diſtumpit Arachnis
104 463 575 493 Oeſtron, & impauide mollia penſa terit
76 492 603 525 Sed capitur tenuis macilento corpore muſca,
102 524 502 556 Nec fugit argutâ retia ducta manu
75 552 543 586 Sic pauper poſitæ ſortes vix eftugit vrnæ;
104 584 511 613 Sed diues rupto vimine tutus abit.
214 615 512 643 Reges d Des curam pertinent.
63 643 623 678 Neſcis in mentem magno quid venit Homero
102 672 543 705 Diſcipulos reges dum putat eſſe Iouis.
74 702 567 736 An quod eos nulli voluit virtute ſecundos,
105 732 572 767 Queis ſunt a ſummo credita regna Deo?
291 765 426 785 Boni iude,
74 792 605 826 Adſpice vt in partes ſemper tornatilis omnee,
103 821 562 856 Se ſubiectam oculi Lesbia norma facit,
74 851 521 886 Intus ſæpe latet ſcriptæ ſententia legis,
103 881 516 916 Quæ ſolet in tota iudicis eſſe manu.
74 910 569 939 Hanc ille in variis, rerum variare figuris
100 939 586 968 Debet, non vnum ſemper idemque ſequi-
280 972 460 999 In ſibipræſidente.
72 997 552 1033 Fons in Dodona eſt regi ſacratus Olympi,
102 1028 511 1063 Qui ſolet extinctas igne ciere faces:
72 1056 605 1090 Accenſæque etiam ſlammas extinguere tedæ.
100 1087 447 1117 Hæc eſt diuinæ regula iuſtitiæ.
72 1116 611 1144 Nam faſtu elatos cliuum deturbat ad imum-
701 1144 738 1168 FfE
