<?xml version="1.0" encoding="UTF-8" standalone="no"?><PcGts xmlns="http://schema.primaresearch.org/PAGE/gts/pagecontent/2019-07-15" xmlns:xsi="http://www.w3.org/2001/XMLSchema-instance" xsi:schemaLocation="http://schema.primaresearch.org/PAGE/gts/pagecontent/2019-07-15 http://schema.primaresearch.org/PAGE/gts/pagecontent/2019-07-15/pagecontent.xsd"><Metadata><Creator/><Created>2022-04-09T07:44:29</Created><LastChange>1970-01-01T00:00:00</LastChange><Comments/></Metadata><Page imageFilename="0847.png" imageHeight="1312" imageWidth="872"><TextRegion id="r1" orientation="0.0" type="paragraph"><Coords points="1,1 870,1 870,1310 1,1310"/><TextLine id="l1"><Coords points="381,72 381,94 551,94 551,72"/><TextEquiv><Unicode/></TextEquiv><TextEquiv index="1"><Unicode>ETRI</Unicode></TextEquiv></TextLine><TextLine id="l2"><Coords points="584,108 183,108 183,136 584,137"/><TextEquiv><Unicode/></TextEquiv><TextEquiv index="1"><Unicode>Et primos illis denegat accubitus:</Unicode></TextEquiv></TextLine><TextLine id="l3"><Coords points="664,136 627,136 618,140 599,141 507,139 158,137 158,165 664,166"/><TextEquiv><Unicode/></TextEquiv><TextEquiv index="1"><Unicode>Sed quos ſub tenui nutrit Rhamnuſia tecto,</Unicode></TextEquiv></TextLine><TextLine id="l4"><Coords points="183,167 183,198 574,198 574,167"/><TextEquiv><Unicode/></TextEquiv><TextEquiv index="1"><Unicode>Hos pleno conu copia dia iuuat.</Unicode></TextEquiv></TextLine><TextLine id="l5"><Coords points="620,199 613,199 607,201 522,201 485,199 315,199 315,226 552,226 576,228 620,228"/><TextEquiv><Unicode/></TextEquiv><TextEquiv index="1"><Unicode>Scriptura ſacra gladius anceps.</Unicode></TextEquiv></TextLine><TextLine id="l6"><Coords points="725,225 668,225 663,228 657,229 576,229 552,227 380,228 275,227 269,225 153,225 153,254 157,254 164,258 171,258 177,254 430,255 585,258 725,258"/><TextEquiv><Unicode/></TextEquiv><TextEquiv index="1"><Unicode>Nobilis adſpectu folioque virens Rhododaphne,</Unicode></TextEquiv></TextLine><TextLine id="l7"><Coords points="186,256 186,285 574,285 574,256"/><TextEquiv><Unicode/></TextEquiv><TextEquiv index="1"><Unicode>Dicitur ægrotis eſſe medela viris:</Unicode></TextEquiv></TextLine><TextLine id="l8"><Coords points="696,285 613,285 603,288 514,288 469,286 155,285 155,313 221,313 239,315 696,315"/><TextEquiv><Unicode/></TextEquiv><TextEquiv index="1"><Unicode>Tollit &amp; humano conceptum in pectore virus,</Unicode></TextEquiv></TextLine><TextLine id="l9"><Coords points="581,318 441,317 391,315 185,315 185,344 581,345"/><TextEquiv><Unicode/></TextEquiv><TextEquiv index="1"><Unicode>Et læſis adfert artubus antidotum.</Unicode></TextEquiv></TextLine><TextLine id="l10"><Coords points="694,344 624,344 621,346 613,347 154,344 154,372 694,373"/><TextEquiv><Unicode/></TextEquiv><TextEquiv index="1"><Unicode>Bruta tamen foliis animata exſtinguit eiſdem.</Unicode></TextEquiv></TextLine><TextLine id="l11"><Coords points="617,376 548,376 510,374 185,373 185,401 191,402 617,403"/><TextEquiv><Unicode/></TextEquiv><TextEquiv index="1"><Unicode>Hæc ſunt Scripturæ non aliena ſacræ.</Unicode></TextEquiv></TextLine><TextLine id="l12"><Coords points="576,405 484,403 153,403 149,407 146,407 146,431 576,431"/><TextEquiv><Unicode/></TextEquiv><TextEquiv index="1"><Unicode>Illa pios recta cœli deducit in arcem,</Unicode></TextEquiv></TextLine><TextLine id="l13"><Coords points="668,432 617,432 610,434 564,434 540,432 186,433 186,460 199,461 668,461"/><TextEquiv><Unicode/></TextEquiv><TextEquiv index="1"><Unicode>Sed nigrum reprobis addere Theta ſolet.</Unicode></TextEquiv></TextLine><TextLine id="l14"><Coords points="624,464 549,464 498,462 153,461 153,489 624,489"/><TextEquiv><Unicode/></TextEquiv><TextEquiv index="1"><Unicode>Et licet hac toto nil ſit præſtantius orbe,</Unicode></TextEquiv></TextLine><TextLine id="l15"><Coords points="184,491 184,514 614,514 614,491"/><TextEquiv><Unicode/></TextEquiv><TextEquiv index="1"><Unicode>In latum errorem noxia corda trahit.</Unicode></TextEquiv></TextLine><TextLine id="l16"><Coords points="374,521 374,543 541,543 541,521"/><TextEquiv><Unicode/></TextEquiv><TextEquiv index="1"><Unicode>Seuerita i bello.</Unicode></TextEquiv></TextLine><TextLine id="l17"><Coords points="677,549 154,549 152,553 148,553 148,578 229,577 281,579 677,579"/><TextEquiv><Unicode/></TextEquiv><TextEquiv index="1"><Unicode>Lamachus in bello ſæuus, verſansque ſecures,</Unicode></TextEquiv></TextLine><TextLine id="l18"><Coords points="593,608 593,581 182,579 182,606 347,606 390,608 576,609"/><TextEquiv><Unicode/></TextEquiv><TextEquiv index="1"><Unicode>Militibus veniam denegat ipſe reis.</Unicode></TextEquiv></TextLine><TextLine id="l19"><Coords points="599,609 471,610 347,607 134,607 134,635 599,636"/><TextEquiv><Unicode/></TextEquiv><TextEquiv index="1"><Unicode>In caſtris nulli ſit fas peccare lecundo:</Unicode></TextEquiv></TextLine><TextLine id="l20"><Coords points="590,639 443,639 197,636 182,637 182,665 590,665"/><TextEquiv><Unicode/></TextEquiv><TextEquiv index="1"><Unicode>Exitium præſens vnica noxa trahit.</Unicode></TextEquiv></TextLine><TextLine id="l21"><Coords points="277,669 277,696 586,696 586,669"/><TextEquiv><Unicode/></TextEquiv><TextEquiv index="1"><Unicode>Animi vires, corporeis meliores,</Unicode></TextEquiv></TextLine><TextLine id="l22"><Coords points="763,696 754,695 690,695 672,693 636,693 629,697 607,699 271,696 241,695 233,693 227,689 185,687 138,687 138,728 144,728 148,726 193,726 200,722 244,722 305,725 530,726 617,729 763,729"/><TextEquiv><Unicode/></TextEquiv><TextEquiv index="1"><Unicode>Quem ſtupidum ſpectas mirando corpore Onagrum,</Unicode></TextEquiv></TextLine><TextLine id="l23"><Coords points="608,729 446,726 305,726 270,724 199,724 193,727 183,727 183,748 608,748"/><TextEquiv><Unicode/></TextEquiv><TextEquiv index="1"><Unicode>Venit ab Antronis bellua tarda ſolo.</Unicode></TextEquiv></TextLine><TextLine id="l24"><Coords points="801,755 658,754 651,758 500,758 454,756 144,754 144,780 183,780 272,784 614,786 640,788 692,788 709,790 801,790"/><TextEquiv><Unicode/></TextEquiv><TextEquiv index="1"><Unicode>Huic caput immenſum, moles quoque corporis ingeni</Unicode></TextEquiv></TextLine><TextLine id="l25"><Coords points="672,789 640,789 614,787 272,785 241,783 181,783 181,810 194,811 403,815 672,815"/><TextEquiv><Unicode/></TextEquiv><TextEquiv index="1"><Unicode>Prædita ſed nullo eſt machina tanta ſale.</Unicode></TextEquiv></TextLine><TextLine id="l26"><Coords points="709,818 657,819 589,817 307,815 256,813 151,813 151,845 215,845 223,841 289,843 428,843 462,845 709,845"/><TextEquiv><Unicode/></TextEquiv><TextEquiv index="1"><Unicode>Qud præſtant paſſis immanic robora membris,</Unicode></TextEquiv></TextLine><TextLine id="l27"><Coords points="593,847 589,846 471,845 462,846 428,844 222,844 215,846 181,846 181,873 317,873 321,871 388,871 400,873 593,873"/><TextEquiv><Unicode/></TextEquiv><TextEquiv index="1"><Unicode>oi caret eximiis dotibus ingenium?</Unicode></TextEquiv></TextLine><TextLine id="l28"><Coords points="370,875 370,895 562,895 562,875"/><TextEquiv><Unicode/></TextEquiv><TextEquiv index="1"><Unicode>In Libram Critolat.</Unicode></TextEquiv></TextLine><TextLine id="l29"><Coords points="691,903 676,902 664,899 607,899 603,902 594,904 483,902 423,903 352,901 325,902 318,899 148,899 148,927 437,933 605,933 691,935"/><TextEquiv><Unicode/></TextEquiv><TextEquiv index="1"><Unicode>Deſine Tartareis animum oblectare metallis,</Unicode></TextEquiv></TextLine><TextLine id="l30"><Coords points="711,936 651,936 605,934 437,934 272,930 181,930 181,956 187,957 381,959 412,961 530,961 568,963 711,963"/><TextEquiv><Unicode/></TextEquiv><TextEquiv index="1"><Unicode>Nec refer in trutinam quicquid Erythra parit.</Unicode></TextEquiv></TextLine><TextLine id="l31"><Coords points="653,965 651,964 412,962 381,960 301,960 252,958 149,958 149,986 154,987 184,986 258,988 653,988"/><TextEquiv><Unicode/></TextEquiv><TextEquiv index="1"><Unicode>Et prenſatorum ſtulti damnentur honores,</Unicode></TextEquiv></TextLine><TextLine id="l32"><Coords points="589,993 363,991 324,989 178,989 178,1015 246,1018 337,1018 384,1020 589,1020"/><TextEquiv><Unicode/></TextEquiv><TextEquiv index="1"><Unicode>Et iaceat noſtris ambitus ipſe focis.</Unicode></TextEquiv></TextLine><TextLine id="l33"><Coords points="640,1018 637,1018 629,1022 609,1023 412,1022 337,1019 150,1018 150,1045 194,1045 272,1048 335,1048 370,1050 640,1050"/><TextEquiv><Unicode/></TextEquiv><TextEquiv index="1"><Unicode>Sola ſit in pretio Virtus, quæ pondere iuſto</Unicode></TextEquiv></TextLine><TextLine id="l34"><Coords points="581,1053 571,1052 370,1051 335,1049 180,1048 180,1072 581,1072"/><TextEquiv><Unicode/></TextEquiv><TextEquiv index="1"><Unicode>Critolai in librâ cetera ſola trahit.</Unicode></TextEquiv></TextLine><TextLine id="l35"><Coords points="625,1082 327,1082 327,1107 550,1108 566,1110 625,1110"/><TextEquiv><Unicode/></TextEquiv><TextEquiv index="1"><Unicode>Iiuentus virtuti initianda.</Unicode></TextEquiv></TextLine><TextLine id="l36"><Coords points="732,1108 647,1108 641,1111 625,1112 566,1111 550,1109 318,1108 299,1109 277,1107 147,1107 147,1140 732,1140"/><TextEquiv><Unicode/></TextEquiv><TextEquiv index="1"><Unicode>Dum vitam primum ingreditur Tyrinthius heros,</Unicode></TextEquiv></TextLine><TextLine id="l37"><Coords points="742,1142 742,1167 811,1167 811,1142"/><TextEquiv><Unicode/></TextEquiv><TextEquiv index="1"><Unicode>valde</Unicode></TextEquiv></TextLine><TextEquiv><Unicode/></TextEquiv></TextRegion></Page></PcGts>