872 1312
356 91 522 111 TETRI
173 127 588 157 Et queritur populus iura deeſſe ſibi.
143 157 724 187 Ecce igitur ſtomachans rubricam tendit Apelles,
174 186 524 217 Ne ſutor ſolas egrediare tuas.
299 225 646 261 Aoyoddaec.
142 261 651 291 Oranti clepſydra modum præſcribit & hora
175 292 551 314 Declamatorem fixa tacere iubet.
146 321 596 351 Sedula ponatur celeri cuſtodia linguæ:
177 351 601 384 Sæpe loqui nocuit, ſed tacuiſſe iuuat.
331 384 634 415 In idices doQus.
147 419 658 450 Si cupis eſſe fabas, populo ſuffragia vendens,
176 449 564 480 Et ſi ſola tibi Dorica Muſa placet;
145 478 665 508 Iam procul a noſtro demens abſcede Senatu:
176 509 618 530 Non ſunt naturæ commoda roſtra tuæ
144 538 612 569 Qui poterit recto ſententia cedere talo,
174 568 600 590 Alter ſi dederit ſercula multa cliens?
302 597 617 626 IHaomines oratio prodit, non veſtis.
144 626 687 656 xplorat Samium tinnitibus emptor ahenum,
136 657 577 685 Et probat elicito friuola vaſa ſono.
144 686 696 714 Sed nos diuitiis homines vtcumque probamus.
175 715 634 743 Cum vo ipſa paret certius indicium.
332 747 585 774 In amicittam ſimulata.
143 775 674 805 Implicitis dextram digitis qui præbet amico,
177 803 747 833 Hune fuge. nam nihil hic, quod redametur, habet.
144 833 662 863 Non fronte aut vultu ſidus cenſetur amicus:
177 863 670 891 Verus enim â ſummo pectore manat amor.
360 893 550 920 Amiiria ſratrum.
145 921 693 951 In cœlo nunquam regnat cum Caſtore Pollux,
178 951 614 980 Alternasque tenent ſidera clara vices.
147 981 656 1010 Occiderat Caſtor; ſed fratris grata voluntas
179 1010 563 1033 Dimidium vitæ iuſſit habere ſuæ.
149 1040 633 1069 Sic pietas & ſancta fides, ſic gratia concors
178 1070 595 1097 Fortunas voluit fratribus eſſe pares.
338 1099 591 1129 tgibus phtloſophanum.
148 1127 644 1156 us uibi vibrandæ Tritonia vendicat haſtæ,
785 1161 831 1195 E
