872 1312
277 74 507 95 COSTAI
691 64 731 98 s
42 101 510 141 tacit intrepidâ Norica tela manu.
1 137 604 179 lla tamen ſolita eſt ſcriptis palleſcere chartis,
88 170 556 202 Et pluteum innocuis cædere verberibus.
40 198 730 229 Huic bene conueniunt veterum monumenta ſophorum
42 231 482 263 Quem iuſſit lata ſors ditionefrui.
247 261 529 290 Antigenidæ ad diſcipulum.
42 289 586 322 Cum tua non placeat tunicato Muſa popello,
42 321 555 353 Reſpuat & numeros publica turba tuos,
42 350 584 386 Tene imſulſa mouent queruli faſtidia vnlgi?
42 380 546 412 Multum eſt & Muſis, & placuiſſe mihi.
68 409 571 439 udicium indocti ſapiens contemnere vulgi
95 440 479 466 Debet, & aduerſâ ſedulus ire viâ.
148 469 647 501 fn Satyrum. contra cerdones in ſacris literis er-
323 501 461 528 ſari olentes.
44 522 586 565 Qui miſer æthereæ cupiebas oſcula flammæ ,
44 559 526 590 Ipſe vides poſitas in tua damna faces.
329 591 459 610 De eadem re.
71 617 608 650 Dum terris infert ignis portenta Prometheus,
98 650 530 674 Fallit & incautum cailiditate Iouem:
73 678 545 710 En Satyrus pulcti miracula ſuſpicit ignis,
101 708 500 740 Et cupit amplexu grata referre ſuo.
73 736 694 767 Nec mora, flamma ingens miſeros peruadit in artus;
105 768 458 797 Et tulit errori triſtia penſa ſuo.
74 797 582 830 Quei potis es ſacræ tabulas tractare Sophiæ,
101 827 537 860 Et vel Cornicum lumina confodere;
74 855 658 885 Cum te habeant feſſum ſulcus, vileſue quadrigæ?
102 886 537 917 Tune aliena audes ponere iura fide?
74 916 653 944 Non metuis noſtris verſantem in faucibus ignem,
104 946 548 974 Cuius vel totis ſlamma vagatur agris?
259 975 538 1005 In prgmaticos aruſcatores.
77 1004 539 1036 Plus iuſto ſitiens vitalis hirudo eruoris,
104 1035 581 1062 Pallentem mittit non niſi plena cutem.
77 1063 590 1095 Nouit pragmaticus cauſlas diſferre clientis;
106 1091 603 1125 Sanguineque humano non niſi paſtus abit.
77 1122 591 1155 Sed fugit in vacua fundum cum viderit arca,
714 1149 748 1179 i
457 1150 542 1184 Efſ -
