872 1312
302 74 551 97 CoOSTALII.
99 99 646 141 Quod dat inexpletis mentibus eſſe modum.
254 141 612 170 E Auguſtino. conra Fortunam.
98 167 657 201 Adſpice vt in noſtris pendet Rhamnuſia furcis,
126 199 524 230 Et recipit ſceleri debita penſa ſuo.
98 230 671 261 Quæ olim ſi Diis placeat confecit vtramque
127 261 615 292 Paginam, apud Gallos vltima fata luit.
99 290 617 321 Quid tibi Fortunæ curæ eſt rota mobilis? illi
127 320 657 350 Quid tecum eſt? ſapiens ſolus apud te habita
318 360 552 387 Miſeria ſortis humana.
99 381 633 420 Vitam hominis, ſimilem ferre poſuere rigori,
128 419 577 449 Qui cernunt variæ tela minaſque Deæ.
100 447 611 474 Siferrum exerces, tandem conſumitur vſu,
129 479 534 508 Et patitur vitæ publica damna ſuæ.
100 508 589 538 Quod ſi Lethæo pateris reſidere veterno,
98 539 550 568 Et tabem ducit, conteriturque ſitu;
100 567 506 598 Et rubiginei ſentit diſpendia belli:
128 599 585 627 His potes humanum conciliare genus.
101 628 613 658 Si qua Clcantheæ nos ducunt acta palæſtræ,
129 658 600 687 Et retinent Samii dogmata ſancta ſens.
102 688 558 717 Incipimus vitæ medio tabeſcere curſu,
130 717 597 746 Et nimio incauti pondere deprmimur,
103 747 588 771 Verum ſi ſtudio retinemur amabilis otii,
133 776 602 808 Heic nos pituitæ peruius humor habet.
335 816 539 837 Honor docto de bitus.
104 844 662 875 Adſpice vt eximius niueis ad templa quadrigia,
133 875 617 904 Antehac non ſolito pergat honore Plato.
104 905 572 935 Eece Syracuſiæ princeps immanior oræ,
135 936 558 963 Vittatam mittit, regia dona, ratem.
106 963 715 992 Heu quanta eſt linguæ, quanta eſt præſtantia eordis,
137 993 579 1023 Cogat vteffrenes ponere colla duces
180 1032 707 1067 In momixic & ſeetatores meretricum.
106 1067 565 1091 Ibibit humorem lerhali noxia merſu
136 1098 577 1128 Dipſas, & in venas figida vrus agit:
107 1127 629 1159 Paulatimqus ſitim miſetos effudit in artus,
746 1144 794 1190 2
