872 1312
360 78 501 100 PETRI
126 113 578 145 Et ſicca indignis conficit oſſa modis.
81 139 601 180 nſani mereirix cenſum expiſcatur amantis
130 172 517 201 Poſcit & accenſæ pignus amicitiæ.
80 198 606 231 Captaq; propoſitis retinet præcordia philtris
127 231 586 267 Huius, & immemorem non ſinit eſſe ſui.
321 262 531 291 In tabulas ipparchi.
97 291 636 320 Lynceus in mediis caſtris Hipparchus oberrat,
130 320 524 343 Et deſertores coniicit in tabulam.
94 350 625 378 Omnia perluſtrat, nihil illerelinquitinultum,
127 378 567 407 Imperat & miſeris ſtigmata digna reis.
96 409 599 437 Non potes æterni tabulas cælare Tonantis.
127 437 550 459 Omnia ſunt oculis crimina nuda ſuis.
81 465 614 500 Quæque latent vigiles miſeri ſectotis ocellos.
88 496 566 527 Cermit ab æthereo maximus ille polo.
295 526 522 555 Amicitia poſt aras.
81 545 565 584 Non prius e foueâ viſu truculentior aſpis
125 584 568 611 Exit, quam comitem ſenſerit eſſe ſibi:
96 612 592 639 Vi ſi forte hominis violentis occidat armis,
127 643 581 666 Vindicet hæc tandem t iſtia fata comes,
92 670 612 701 Vnuſquiſque ſibi fidum conquirat Achatem,
81 700 477 741 Cuius poſt aras duret amicitia.
311 733 539 761 Aliquand ſeriandum.
80 760 611 793 Protogenes nimium picturæ intentus inani
126 791 570 820 Non norat dextram tollere de tabulâ.
81 817 596 852 Qui geniumfraudas & iuſti chœnicis vſum,
125 848 484 877 Vt poſſis ſtudiis inuigilare tuis;
81 874 632 908 Obduct aſque ſitu tractas ſiue puluere chartas,
123 907 525 929 Non metuis fati conſcius eſſe tu?
291 938 552 963 Beneſicio venditur iberras.
92 964 571 991 Vt timet infreni truculentia cornua tauri,
126 995 626 1025 Nec conferre pedem mollior audet equus;
94 1024 634 1054 Ecce implorat opes hominis. frenoque recepto
125 1054 535 1080 Hoſtem perfacili proterit ille manu.
92 1082 669 1113 Verum vbi ſigna domum retulit victricia; fruſtrâ
119 1113 602 1144 aternum queritur colla ſubire iugum
723 1147 760 1172 Si
