872 1312
306 91 551 113 CALII
730 91 770 117 2
42 117 565 154 Sic caueat meritis aliorum qui volet vti,
131 156 536 180 Nelibertatem vendat & ille ſuam.
281 188 587 217 Magnis rebus, magna pericula.
104 217 568 244 En, tibi Mœonii vatis ſuauiſſima Moly,
133 246 539 275 Oſtendit vitæ fama decuſque tuæ.
103 275 583 304 Lacteus eſt illiloris color, atraque radix,
80 306 592 336 Exoriturq; nigro palmite lactis honos.
75 330 600 365 Quid ſperas magnis rerum ſucceſſibus vt,
135 365 612 395 Qui reuocas oculos longe ab agone tuos?
108 395 630 423 An tibi Idumeæ cedent ſine puluere palmæ?
136 425 667 456 Proxima quærendus damna triumphus amat.
373 456 497 484 In reſupinor.
93 483 617 514 Siſonipes, celebri forſan quivicit Olympo,
138 514 518 538 Dncitur inſuetâ credulitate ſui;
111 542 620 574 Nec patitur dulces proprii ſeſſoris habenas,
141 573 592 600 Sed frena inomito diſcutit apta iugo:
111 601 621 633 Hunc exultantem domitori trade magiſtro,
140 633 535 658 Vt diſcat ſolitis currere carceribus.
109 662 543 696 Qui tollis rebus criſtas elate ſecundis,
143 695 564 720 Cerne incoſtantis tela parata Deæ.
112 721 565 748 Et te ad ſolius Virtutis confer habenas,
141 751 565 785 In quâ vera animi dicitur eſſe quies.
271 782 571 814 In immortalitatoem litium:
114 807 626 840 Voluitur in ſeſe rurſuſque reuertitur ad ſe
145 839 579 872 Serpens, nec ſinis flexibus vllus adeſt.
116 869 722 902 Hæc ſpecies exreſſa fori eſt, hæc forma Senatus:
146 896 700 931 Dum nequit, heu, minimus litibus eſſe modus.
118 927 636 961 Cumque putas finem tantis inſtare querelis,
146 958 579 988 Auditur tibi lis, quæ fuit vna, duplex.
309 988 586 1016 otr mserom licentiam.
100 1014 637 1051 Qui Lacedæmonias cernis ſine veſte puellas,
149 1048 496 1076 Certa illibatæ ſigna pudicitiæ:
121 1074 564 1109 Tectaque matronæ diffuſis ora tiaris;
150 1102 636 1139 An potes his tenebris Cynthius eſſe mihi?
1 1122 630 1167 Siqua ſuo mulier iam deſponſata matito eſt,
741 1159 785 1184 Sed
141 1164 561 1195 Tunc ſola incipiat tectior eſſe domi.
