872 1312
359 77 501 101 ETRI
100 112 681 147 Sed virgo optatis nondum coniuncta Hymenæis,
129 143 610 175 Quamque imis ſeri coniugis vrit amor;
87 166 577 203 Ptodeat in vulgus vultu ſpecioſa nitenti,
128 203 580 231 Vt properet Subigo reddere vota deo.
307 235 556 263 Ad Anmaſu ſtatuam.
97 258 634 295 Riphæos linquens, cariſſima limina, montes,
129 290 606 321 Tractat Hyperboreus Gallica iura ſenex;
96 317 662 353 Et ſedet in roſtris, oculumque in fronte locatum
126 348 532 382 Litibus in noſtris iudicat eſſe ſatis.
87 374 576 417 ooaeauoioorosos p.
126 407 538 438 Alterius cælant dum benefacta rei,
86 436 464 470 Ettotos vni ſe deuouere clienti;
123 466 543 495 Hos perhibent vno dicere ius oculo.
317 499 534 527 Moderatio in ſubdios.
87 519 578 560 Cui dedit vpilio ſimas tondere capellas,
87 553 600 584 Ah, cruciat miſeris terga cruenta modis.
87 582 628 616 Quem tenet Herculei mœſtum præſtatio voti,
124 614 565 643 Inque vno duplex iugere munus obit,
92 642 616 674 Paruo multa querens inſtare tributa nouali,
123 673 583 702 Sæpe graue immenſo deſerit ære ſolum.
307 707 531 735 In iudicia conſtuprata.
92 730 561 759 Virginiæ parat inſidias, & retia tendit
120 761 531 792 Appius, & Veneri ponitur vrna ſuæ.
92 790 627 825 Sit manibus truncus iudex, ſit lumine captus,
121 821 544 849 Qui volet in noſtro dicere iura foro.
92 850 569 883 Qui potes æquali cauſſas tractare lapillo,
122 879 483 914 Actoris coni x ſi ſit amica tibi?
287 914 559 942 ſimulacrm atiarm.
89 939 581 969 Tune verecuna pigis, Polyclete, tabellâ
119 967 579 998 At fii Chari uu coipora nuda manu
89 997 567 1029 Cur nou Aſſy o ſpecta ur Aglaia cocco?
120 1029 568 1060 Ei eomires cur non bſſiaa palla tegit?
87 1056 618 1092 un n otucena temmaua mentis
121 1085 627 1116 Quæ ſu: dumaonſert omnia, nuda manet
87 1116 530 1150 Anteit aa, duæ cct veſtigia gunts
726 1153 760 1179 ic
