872 1312
328 78 579 100 OSTAII.
148 114 581 146 Sic debet meritum gratia bina ſequi.
119 146 682 174 quantum antiquo iam nunc deceſſit honeſto?
147 175 585 205 Quis nequeat noſt â de pietate queri?
117 205 689 234 Namque ſocer genero ſiclum vix mutuat vnum,
148 236 596 259 Ni traiectitium ſentiat inde lucrum.
324 266 564 296 De monasterio incluſis.
117 294 643 324 Filius ex alto grandæuum ponte parentem,
146 326 616 355 In rapidas quondam præcipitabat aquas.
118 355 619 381 Sed nune in miſeros reiecta eſt alea natos,
145 385 569 413 Et patrias norunt in ſua fata manus.
117 415 655 444 Anne quod inuitos in clauſtra immania natos
147 444 606 473 Sub rigida impellunt relligione patres?
116 473 667 503 Subque feris cogunt traducere legi ous æuum
145 503 595 532 Et quaſi piſtrini voluere pondus iners?
357 536 547 565 Omnia dattempus.
116 562 640 594 Vit ſapiens caudam paulatim vellit equinam,
146 593 616 622 Quam non vlla ſemel vis ſuperare poteſt.
104 623 754 654 Tempus edax, variuſque labor tibi cuncta rependent?
144 653 546 681 Aude igitur, nec ſpe deiiciare tuâ.
272 684 623 713 Scientia ditat. in virgam Palladis.
115 712 659 742 Virgula Cecropiæ quondam ſacrata Mineruæ,
140 742 585 773 Fertur Amaltheâ plura dediſſe caprâ.
114 772 607 800 Eius enim optatis ſuccedunt omnia votis,
146 802 619 833 Cuius in acceptum ſe dabit illa ſinum
113 831 630 861 IIlam Neritium, fractum labentibus annis,
144 861 529 888 Ad pubertatem reſtituiſſe ſerunt.
115 889 632 921 Quiſquis Palladias totis quinquatribus artes
108 921 564 952 Emit, & Aonii pocula ſacra iugi,
114 948 653 979 uic nil deeſſe poteſt, hunc pleno copia cornu
143 978 540 1006 Imperat Attalicâ conditione frui.
407 1012 469 1031 Pax.
112 1037 685 1066 Muſicus Amphion citharam dum pectine pulſat.
147 1066 655 1094 Septifores Thebas condidit ad numerum
113 1096 661 1126 Præſtitit hoc concors modulatæ gratia chordæ,
142 1126 641 1156 Menibus vt populum cingeret ille ferum.
751 1155 813 1192 ss
