<PcGts xmlns="http://schema.primaresearch.org/PAGE/gts/pagecontent/2017-07-15" xmlns:xsi="http://www.w3.org/2001/XMLSchema-instance" xsi:schemaLocation="http://schema.primaresearch.org/PAGE/gts/pagecontent/2017-07-15 http://schema.primaresearch.org/PAGE/gts/pagecontent/2017-07-15/pagecontent.xsd"><Metadata><Creator>User123</Creator><Created>2020-04-19T01:00:17</Created><LastChange>2020-04-19T01:00:17</LastChange></Metadata><Page imageFilename="0856.png" imageHeight="1312" imageWidth="872"><TextRegion id="r0" type="paragraph"><Coords points="1,1 870,1 870,1310 1,1310"/><TextLine id="r0_l001"><Coords points="328,78 328,100 579,100 579,78"/><TextEquiv index="1"><Unicode>OSTAII.</Unicode></TextEquiv></TextLine><TextLine id="r0_l002"><Coords points="746,82 746,105 788,105 788,82"/><TextEquiv index="1"><Unicode></Unicode></TextEquiv></TextLine><TextLine id="r0_l003"><Coords points="581,114 148,114 148,142 152,143 307,144 368,146 581,146"/><TextEquiv index="1"><Unicode>Sic debet meritum gratia bina ſequi.</Unicode></TextEquiv></TextLine><TextLine id="r0_l004"><Coords points="1,116 1,150 57,150 57,116"/><TextEquiv index="1"><Unicode></Unicode></TextEquiv></TextLine><TextLine id="r0_l005"><Coords points="682,146 119,146 119,172 129,173 682,174"/><TextEquiv index="1"><Unicode>quantum antiquo iam nunc deceſſit honeſto?</Unicode></TextEquiv></TextLine><TextLine id="r0_l006"><Coords points="585,178 307,175 147,175 147,203 274,205 585,205"/><TextEquiv index="1"><Unicode>Quis nequeat noſt â de pietate queri?</Unicode></TextEquiv></TextLine><TextLine id="r0_l007"><Coords points="689,205 619,205 614,207 601,208 117,205 117,232 234,234 689,234"/><TextEquiv index="1"><Unicode>Namque ſocer genero ſiclum vix mutuat vnum,</Unicode></TextEquiv></TextLine><TextLine id="r0_l008"><Coords points="148,236 148,259 596,259 596,236"/><TextEquiv index="1"><Unicode>Ni traiectitium ſentiat inde lucrum.</Unicode></TextEquiv></TextLine><TextLine id="r0_l009"><Coords points="564,268 324,266 324,294 564,296"/><TextEquiv index="1"><Unicode>De monasterio incluſis.</Unicode></TextEquiv></TextLine><TextLine id="r0_l010"><Coords points="643,296 639,294 610,294 601,297 117,294 117,322 124,323 643,324"/><TextEquiv index="1"><Unicode>Filius ex alto grandæuum ponte parentem,</Unicode></TextEquiv></TextLine><TextLine id="r0_l011"><Coords points="616,329 613,328 468,326 146,326 146,353 363,355 616,355"/><TextEquiv index="1"><Unicode>In rapidas quondam præcipitabat aquas.</Unicode></TextEquiv></TextLine><TextLine id="r0_l012"><Coords points="619,357 448,355 118,355 118,381 619,381"/><TextEquiv index="1"><Unicode>Sed nune in miſeros reiecta eſt alea natos,</Unicode></TextEquiv></TextLine><TextLine id="r0_l013"><Coords points="145,385 145,413 569,413 569,385"/><TextEquiv index="1"><Unicode>Et patrias norunt in ſua fata manus.</Unicode></TextEquiv></TextLine><TextLine id="r0_l014"><Coords points="655,415 117,415 117,441 217,444 655,444"/><TextEquiv index="1"><Unicode>Anne quod inuitos in clauſtra immania natos</Unicode></TextEquiv></TextLine><TextLine id="r0_l015"><Coords points="606,446 494,447 439,445 147,444 147,472 606,473"/><TextEquiv index="1"><Unicode>Sub rigida impellunt relligione patres?</Unicode></TextEquiv></TextLine><TextLine id="r0_l016"><Coords points="695,455 695,478 769,478 769,455"/><TextEquiv index="1"><Unicode></Unicode></TextEquiv></TextLine><TextLine id="r0_l017"><Coords points="667,477 661,476 656,473 644,473 631,476 265,475 116,473 116,501 129,502 667,503"/><TextEquiv index="1"><Unicode>Subque feris cogunt traducere legi ous æuum</Unicode></TextEquiv></TextLine><TextLine id="r0_l018"><Coords points="595,505 458,506 318,505 259,503 145,503 145,532 595,532"/><TextEquiv index="1"><Unicode>Et quaſi piſtrini voluere pondus iners?</Unicode></TextEquiv></TextLine><TextLine id="r0_l019"><Coords points="357,536 357,565 547,565 547,536"/><TextEquiv index="1"><Unicode>Omnia dattempus.</Unicode></TextEquiv></TextLine><TextLine id="r0_l020"><Coords points="640,562 597,562 588,565 497,564 395,565 313,564 306,562 116,562 116,591 435,594 640,594"/><TextEquiv index="1"><Unicode>Vit ſapiens caudam paulatim vellit equinam,</Unicode></TextEquiv></TextLine><TextLine id="r0_l021"><Coords points="616,596 603,595 533,596 434,594 146,593 147,622 616,622"/><TextEquiv index="1"><Unicode>Quam non vlla ſemel vis ſuperare poteſt.</Unicode></TextEquiv></TextLine><TextLine id="r0_l022"><Coords points="754,623 660,623 617,625 59,623 60,648 64,654 98,654 114,652 754,654"/><TextEquiv index="1"><Unicode>Tempus edax, variuſque labor tibi cuncta rependent?</Unicode></TextEquiv></TextLine><TextLine id="r0_l023"><Coords points="843,616 843,650 870,650 870,616"/><TextEquiv index="1"><Unicode></Unicode></TextEquiv></TextLine><TextLine id="r0_l024"><Coords points="546,655 144,653 144,681 546,681"/><TextEquiv index="1"><Unicode>Aude igitur, nec ſpe deiiciare tuâ.</Unicode></TextEquiv></TextLine><TextLine id="r0_l025"><Coords points="272,684 272,713 623,713 623,684"/><TextEquiv index="1"><Unicode>Scientia ditat. in virgam Palladis.</Unicode></TextEquiv></TextLine><TextLine id="r0_l026"><Coords points="659,714 525,713 515,714 457,712 115,712 115,739 141,741 659,742"/><TextEquiv index="1"><Unicode>Virgula Cecropiæ quondam ſacrata Mineruæ,</Unicode></TextEquiv></TextLine><TextLine id="r0_l027"><Coords points="585,744 140,742 140,771 585,773"/><TextEquiv index="1"><Unicode>Fertur Amaltheâ plura dediſſe caprâ.</Unicode></TextEquiv></TextLine><TextLine id="r0_l028"><Coords points="607,774 114,772 114,800 607,800"/><TextEquiv index="1"><Unicode>Eius enim optatis ſuccedunt omnia votis,</Unicode></TextEquiv></TextLine><TextLine id="r0_l029"><Coords points="619,805 545,803 146,802 147,829 206,831 481,831 619,833"/><TextEquiv index="1"><Unicode>Cuius in acceptum ſe dabit illa ſinum</Unicode></TextEquiv></TextLine><TextLine id="r0_l030"><Coords points="630,834 481,832 113,831 113,860 630,861"/><TextEquiv index="1"><Unicode>IIlam Neritium, fractum labentibus annis,</Unicode></TextEquiv></TextLine><TextLine id="r0_l031"><Coords points="529,862 144,861 144,888 529,888"/><TextEquiv index="1"><Unicode>Ad pubertatem reſtituiſſe ſerunt.</Unicode></TextEquiv></TextLine><TextLine id="r0_l032"><Coords points="632,889 575,889 566,892 547,893 322,892 264,890 161,891 115,889 115,921 132,921 134,919 632,921"/><TextEquiv index="1"><Unicode>Quiſquis Palladias totis quinquatribus artes</Unicode></TextEquiv></TextLine><TextLine id="r0_l033"><Coords points="564,923 476,923 397,921 133,921 126,925 108,925 108,946 122,947 314,948 564,952"/><TextEquiv index="1"><Unicode>Emit, &amp; Aonii pocula ſacra iugi,</Unicode></TextEquiv></TextLine><TextLine id="r0_l034"><Coords points="653,948 588,948 580,952 571,953 314,949 114,948 114,977 271,977 370,979 653,979"/><TextEquiv index="1"><Unicode>uic nil deeſſe poteſt, hunc pleno copia cornu</Unicode></TextEquiv></TextLine><TextLine id="r0_l035"><Coords points="540,981 143,978 143,1006 540,1006"/><TextEquiv index="1"><Unicode>Imperat Attalicâ conditione frui.</Unicode></TextEquiv></TextLine><TextLine id="r0_l036"><Coords points="1,985 1,1020 49,1020 49,985"/><TextEquiv index="1"><Unicode></Unicode></TextEquiv></TextLine><TextLine id="r0_l037"><Coords points="364,1012 364,1031 469,1031 469,1012"/><TextEquiv index="1"><Unicode>Pax.</Unicode></TextEquiv></TextLine><TextLine id="r0_l038"><Coords points="685,1037 112,1037 112,1066 685,1066"/><TextEquiv index="1"><Unicode>Muſicus Amphion citharam dum pectine pulſat.</Unicode></TextEquiv></TextLine><TextLine id="r0_l039"><Coords points="654,1070 341,1068 309,1066 147,1068 147,1094 655,1094"/><TextEquiv index="1"><Unicode>Septifores Thebas condidit ad numerum</Unicode></TextEquiv></TextLine><TextLine id="r0_l040"><Coords points="661,1099 659,1098 509,1099 457,1097 113,1096 113,1125 130,1126 661,1126"/><TextEquiv index="1"><Unicode>Præſtitit hoc concors modulatæ gratia chordæ,</Unicode></TextEquiv></TextLine><TextLine id="r0_l041"><Coords points="53,1098 1,1099 1,1134 53,1135"/><TextEquiv index="1"><Unicode></Unicode></TextEquiv></TextLine><TextLine id="r0_l042"><Coords points="641,1128 442,1128 245,1126 142,1127 142,1156 641,1156"/><TextEquiv index="1"><Unicode>Menibus vt populum cingeret ille ferum.</Unicode></TextEquiv></TextLine><TextLine id="r0_l043"><Coords points="55,1138 2,1138 2,1169 55,1171"/><TextEquiv index="1"><Unicode></Unicode></TextEquiv></TextLine><TextLine id="r0_l044"><Coords points="869,1163 854,1163 851,1158 847,1156 751,1155 751,1192 808,1192 814,1193 823,1199 869,1199"/><TextEquiv index="1"><Unicode>ss</Unicode></TextEquiv></TextLine></TextRegion></Page></PcGts>