872 1312
365 63 523 89 PETRI
108 103 612 131 Sic diuina ſtatum concordia continet rbis,
137 132 587 161 Et ligat vnanim barbara corda fide.
387 165 475 191 Orpheus.
108 190 633 221 En vtThreicius numeris & carmine vates
138 222 562 252 Pernouet aurata barbara ſaxa chely:
108 249 711 282 Vtque arbuſta tenet cantu, platanoſque ſequentes,
138 278 562 307 Et ciet inſolitis præuia monſtra ſonis.
108 308 668 339 Circa homines tantum retinet facundia nomen,
138 337 536 366 In ſua vt iuitos vora diſertus agat.
108 366 684 399 Condidit hic hominum cœtus, & mœnia primus
134 395 523 424 Atiſici poſuit non violata manu.
338 429 539 448 Homo homini Des.
106 454 768 486 Dum gemit impoſito bos pondere, dumque Camelum
137 485 558 513 In partem accepti muneris ire rogat;
107 513 575 541 Denegat ingratus ſocias in pondera vires,
137 542 525 571 t veteris fœdus negligit hoſpitii.
93 568 690 603 Totſed vbi miſerum iuga compreſſere iuueneum;
136 600 575 629 Cum boue & illius ferre iubetur onus
93 626 624 658 Sipotes, obſequium repetenti confer amico,
133 659 555 683 Et meritis hominem demereare tuis.
278 692 588 714 In tumulum Cmilii Ferreti.
106 717 648 747 Qui dignos tumuli perſoluere quæ it honores
135 747 525 770 Extinctis docti manibus milii:
104 776 578 805 Bis ſenas ſculpto deſcribat in ære tabeilas,
136 807 498 834 Et ponat Latiæ ciuica iura togæ
103 834 594 864 Adat Pontificum poſitos ex ordine faſtos,
134 864 586 894 Chaldæiſque olim prodita ſcripta notis.
104 893 592 924 Adiungat pictæ cælata emblemata linguæ,
133 923 616 953 Verbaque quæ rapidi luminis inſtar eant,
102 951 545 979 Addat & Aonias pacatâ fronte ſorores,
133 981 594 1009 Et quæ larga ſuis munera dant Charites.
93 1008 612 1041 ngat gamneæ ceramna cruda palaſta,
132 1040 527 1075 Et ſtatuat verſo ſpicula torta iuo.
100 1069 660 1104 Hæc igitur miſerum tiſti claucurtur in vrn,
134 1100 575 1132 s, &Iurres vo, rrse .
700 1145 773 1166 n-
