872 1312
335 75 590 98 COSTALII.
753 73 788 95 .
279 115 638 142 In nimium ſibi placentes mulieres
116 142 645 171 Si lemel in placida formam conſpexerit vnd
147 173 659 204 Mitis equa, horrendam vertitur in rabiem.
117 202 654 231 Sicque puella ſuæ nimium ſibi conſcia form,
145 233 528 262 In veneris citius dulcia furta ruit.
357 264 548 288 Concordia fatrum.
117 292 607 322 Tirrei quamuis moles denſiſſima ſaxi,
144 322 623 351 Mirum, in cæruleis æquora tranat aquis.
118 351 655 376 Hanc ſi forte ſecas in fruſta minutula, ſenſim
137 381 556 411 Labitur, æquoreo neſcia ſtare ſolo.
118 410 666 439 Coniunctos retinet quories concordia fratres,
147 441 593 473 Quis poterit tantæ lædereura domus?
402 480 489 499 n elatos.
117 504 622 538 Adſpice, comprenſi ſudantia rerga Milonis,
145 538 608 568 Vt captas lacrimans explicet ille manus.
117 568 480 597 Sic fortes elata ſui fiucia falit,
144 596 602 629 Et ſæpe in præceps corda ſuperba trahit.
1 598 31 619 u
361 630 522 662 I prs.
114 662 666 693 Auribus ipſe Lupum teneo veterator & auda
96 693 647 728 Sed, vah, ſuſceptum me male perdet onus.
263 733 609 763 Silentium & paxin matrimonio.
2 752 54 776 u
118 762 638 794 Qui rem diuinam faciunt tibi pronuba Iuno,
146 792 581 823 Incenduntque aris thura Sabæa tuis,
114 823 572 849 Fel cæſæ iaciunt altaria ad ipſa bidentis:
147 852 564 881 Sic ptiuata ſuo victima felle manet.
62 881 653 911 Hæc lex connubii eſt: irarum ponere fuctus
145 912 577 941 In ſancto coniux debet vterque toro,
1 931 49 962 ſ
338 952 544 979 Adulator fi giendus.
113 976 752 1009 Poſtqaam ſæuienda hominis did et cognomen hyen,
144 1009 628 1038 Vt vuret, appellat nomine quemque ſuo:
1 1032 50 1048 ſ
112 1039 628 1068 Et blando humanas imitatur carmine vocs,
1 1059 51 1090 a
143 1068 602 1096 Vt cadat in maſlam præda vocata ſua.
113 1098 593 1130 Falſus adulator, ſerians in,otvrus,
142 1130 184 1149 Ou
197 1128 480 1157 lcnde appclr c vn
494 1130 632 1152 iie reo.
731 1159 780 1178 as
