<?xml version="1.0" encoding="UTF-8" standalone="no"?><PcGts xmlns="http://schema.primaresearch.org/PAGE/gts/pagecontent/2019-07-15" xmlns:xsi="http://www.w3.org/2001/XMLSchema-instance" xsi:schemaLocation="http://schema.primaresearch.org/PAGE/gts/pagecontent/2019-07-15 http://schema.primaresearch.org/PAGE/gts/pagecontent/2019-07-15/pagecontent.xsd"><Metadata><Creator/><Created>2022-04-10T08:49:29</Created><LastChange>1970-01-01T00:00:00</LastChange><Comments/></Metadata><Page imageFilename="0859.png" imageHeight="1312" imageWidth="872"><TextRegion id="r1" orientation="0.0" type="paragraph"><Coords points="1,1 870,1 870,1310 1,1310"/><TextLine id="l1"><Coords points="642,87 641,76 572,73 251,73 251,97 642,97"/><TextEquiv><Unicode/></TextEquiv><TextEquiv index="1"><Unicode>EERICOSTAI</Unicode></TextEquiv></TextLine><TextLine id="l2"><Coords points="571,110 309,110 309,138 383,137 418,139 571,139"/><TextEquiv><Unicode/></TextEquiv><TextEquiv index="1"><Unicode>Laus enefactorum comes.</Unicode></TextEquiv></TextLine><TextLine id="l3"><Coords points="673,138 618,138 614,140 464,139 418,140 383,138 112,138 112,167 673,170"/><TextEquiv><Unicode/></TextEquiv><TextEquiv index="1"><Unicode>Inſequitur naphtham longe qum ſenſerit ignis,</Unicode></TextEquiv></TextLine><TextLine id="l4"><Coords points="561,171 119,168 119,196 196,196 228,198 561,198"/><TextEquiv><Unicode/></TextEquiv><TextEquiv index="1"><Unicode>Et nccis &amp; viræ fœdus vterque ferit.</Unicode></TextEquiv></TextLine><TextLine id="l5"><Coords points="580,200 451,200 423,198 113,198 113,226 124,227 509,227 580,230"/><TextEquiv><Unicode/></TextEquiv><TextEquiv index="1"><Unicode>Sic &amp; Virtui comitem ſe Gloria præbet;</Unicode></TextEquiv></TextLine><TextLine id="l6"><Coords points="589,231 509,228 140,228 140,257 311,257 315,255 337,254 358,254 368,257 589,257"/><TextEquiv><Unicode/></TextEquiv><TextEquiv index="1"><Unicode>Et piæclara ſolet laus benefacta ſequi</Unicode></TextEquiv></TextLine><TextLine id="l7"><Coords points="361,259 361,284 554,284 554,259"/><TextEquiv><Unicode/></TextEquiv><TextEquiv index="1"><Unicode>fonor alit artei.</Unicode></TextEquiv></TextLine><TextLine id="l8"><Coords points="114,285 114,314 607,314 607,285"/><TextEquiv><Unicode/></TextEquiv><TextEquiv index="1"><Unicode>Non canit aſſuetâ Cycnus vocalis in vndâ,</Unicode></TextEquiv></TextLine><TextLine id="l9"><Coords points="545,318 433,316 145,316 145,343 163,343 179,345 545,345"/><TextEquiv><Unicode/></TextEquiv><TextEquiv index="1"><Unicode>Ni ephyri ſpiret mollior aura ſibi.</Unicode></TextEquiv></TextLine><TextLine id="l10"><Coords points="632,345 590,345 584,347 115,345 115,373 365,374 435,372 459,374 632,374"/><TextEquiv><Unicode/></TextEquiv><TextEquiv index="1"><Unicode>Claſſica propoſito ſapientia creſcit honore</Unicode></TextEquiv></TextLine><TextLine id="l11"><Coords points="647,380 643,378 573,377 557,375 458,374 143,375 143,402 647,402"/><TextEquiv><Unicode/></TextEquiv><TextEquiv index="1"><Unicode>Speratoque alitur docta Minerua lucro.</Unicode></TextEquiv></TextLine><TextLine id="l12"><Coords points="115,403 115,430 654,430 654,403"/><TextEquiv><Unicode/></TextEquiv><TextEquiv index="1"><Unicode>Sic tua Mecænas circumſtetit aura Maronen</Unicode></TextEquiv></TextLine><TextLine id="l13"><Coords points="141,432 141,462 536,462 536,432"/><TextEquiv><Unicode/></TextEquiv><TextEquiv index="1"><Unicode>Et cpit Clario gratior eſſe Deo.</Unicode></TextEquiv></TextLine><TextLine id="l14"><Coords points="625,463 393,463 257,465 257,490 625,491"/><TextEquiv><Unicode/></TextEquiv><TextEquiv index="1"><Unicode>Adoleſcentes ne doceæntur priatim.</Unicode></TextEquiv></TextLine><TextLine id="l15"><Coords points="548,492 112,491 112,519 548,519"/><TextEquiv><Unicode/></TextEquiv><TextEquiv index="1"><Unicode>In crementa parit botro vicinia botri,</Unicode></TextEquiv></TextLine><TextLine id="l16"><Coords points="648,521 143,521 143,548 158,550 648,550"/><TextEquiv><Unicode/></TextEquiv><TextEquiv index="1"><Unicode>lnque vicem auxilium præſtat vterque ſibi.</Unicode></TextEquiv></TextLine><TextLine id="l17"><Coords points="630,556 625,556 619,553 612,552 158,551 144,549 113,549 113,577 630,577"/><TextEquiv><Unicode/></TextEquiv><TextEquiv index="1"><Unicode>Mollor obſcurâ iuuenis ne diſcat in vibrâ;</Unicode></TextEquiv></TextLine><TextLine id="l18"><Coords points="144,579 144,607 601,607 601,579"/><TextEquiv><Unicode/></TextEquiv><TextEquiv index="1"><Unicode>Sed ſtudiis comitem comparet ille ſuis.</Unicode></TextEquiv></TextLine><TextLine id="l19"><Coords points="383,608 383,638 503,638 503,608"/><TextEquiv><Unicode/></TextEquiv><TextEquiv index="1"><Unicode>Aſtrologia.</Unicode></TextEquiv></TextLine><TextLine id="l20"><Coords points="639,636 545,636 541,638 526,639 345,638 339,636 99,636 99,663 639,663"/><TextEquiv><Unicode/></TextEquiv><TextEquiv index="1"><Unicode>iſtinctum ſtellis cœlum fert maximus Atlas,</Unicode></TextEquiv></TextLine><TextLine id="l21"><Coords points="629,671 621,670 523,670 483,668 143,667 143,695 380,697 629,697"/><TextEquiv><Unicode/></TextEquiv><TextEquiv index="1"><Unicode>Atque humeros oneri fertut habere pares.</Unicode></TextEquiv></TextLine><TextLine id="l22"><Coords points="99,725 561,725 561,697 99,697"/><TextEquiv><Unicode/></TextEquiv><TextEquiv index="1"><Unicode>Vude illi cecidit tantæ prouincia ſorti?</Unicode></TextEquiv></TextLine><TextLine id="l23"><Coords points="661,726 609,726 602,728 517,728 440,726 142,726 142,753 160,755 661,755"/><TextEquiv><Unicode/></TextEquiv><TextEquiv index="1"><Unicode>Quis Deus hunc tantum munus obire dedit?</Unicode></TextEquiv></TextLine><TextLine id="l24"><Coords points="617,759 577,759 554,757 531,758 324,755 113,755 113,787 119,787 123,784 219,783 617,787"/><TextEquiv><Unicode/></TextEquiv><TextEquiv index="1"><Unicode>Qui ene Virgilias, fratrum quilucida ſigna</Unicode></TextEquiv></TextLine><TextLine id="l25"><Coords points="532,788 521,787 272,784 144,785 144,812 245,814 532,814"/><TextEquiv><Unicode/></TextEquiv><TextEquiv index="1"><Unicode>Nouit, &amp; Arctoi ſidera clara poli;</Unicode></TextEquiv></TextLine><TextLine id="l26"><Coords points="112,815 112,844 600,844 600,815"/><TextEquiv><Unicode/></TextEquiv><TextEquiv index="1"><Unicode>Et cui lactis iter notum, &amp; dimenſio cœli;</Unicode></TextEquiv></TextLine><TextLine id="l27"><Coords points="140,844 140,872 596,872 596,844"/><TextEquiv><Unicode/></TextEquiv><TextEquiv index="1"><Unicode>Is magnum ætherei ſuſtinet axis onus.</Unicode></TextEquiv></TextLine><TextLine id="l28"><Coords points="345,873 345,896 544,896 544,873"/><TextEquiv><Unicode/></TextEquiv><TextEquiv index="1"><Unicode>Liberum aritrixm.</Unicode></TextEquiv></TextLine><TextLine id="l29"><Coords points="641,901 592,901 588,903 553,904 447,902 338,903 296,901 112,901 112,928 302,931 641,931"/><TextEquiv><Unicode/></TextEquiv><TextEquiv index="1"><Unicode>Dic mihi, Mæonius quorſum duo dolia vates</Unicode></TextEquiv></TextLine><TextLine id="l30"><Coords points="575,933 517,934 463,932 141,931 141,958 576,958"/><TextEquiv><Unicode/></TextEquiv><TextEquiv index="1"><Unicode>Dixerit in magni limine ſixa Iouis?</Unicode></TextEquiv></TextLine><TextLine id="l31"><Coords points="576,961 473,962 354,960 112,960 112,988 345,988 484,991 576,991"/><TextEquiv><Unicode/></TextEquiv><TextEquiv index="1"><Unicode>An quod ſpectatæ nobis vittutis imago,</Unicode></TextEquiv></TextLine><TextLine id="l32"><Coords points="561,993 345,989 142,989 142,1017 561,1017"/><TextEquiv><Unicode/></TextEquiv><TextEquiv index="1"><Unicode>Et vitii ſpecies ponitut ante oculos?</Unicode></TextEquiv></TextLine><TextLine id="l33"><Coords points="617,1019 579,1019 552,1022 507,1022 469,1020 113,1019 113,1048 617,1048"/><TextEquiv><Unicode/></TextEquiv><TextEquiv index="1"><Unicode>Ergo ex alterutâ qui naſcitur hauriat ollâ:</Unicode></TextEquiv></TextLine><TextLine id="l34"><Coords points="625,1053 564,1053 425,1049 142,1049 142,1079 625,1079"/><TextEquiv><Unicode/></TextEquiv><TextEquiv index="1"><Unicode>Omnibus ex æquo ſedat vterque cadus.</Unicode></TextEquiv></TextLine><TextLine id="l35"><Coords points="695,1120 695,1143 775,1143 775,1120"/><TextEquiv><Unicode/></TextEquiv><TextEquiv index="1"><Unicode>IoAN.</Unicode></TextEquiv></TextLine><TextEquiv><Unicode/></TextEquiv></TextRegion></Page></PcGts>