872 1312
422 78 456 101 s
1 130 732 193 OA AM I.
256 159 451 174 VV
560 159 611 178 l
346 209 523 233 Ioanni Truchio.
99 265 535 295 Væ nuper de obitu eruditi Eraſmi
100 294 536 324 Scripſi carmina, miſimus Viartio,
94 327 411 348 Amico eximio tuo Viartio.
96 354 467 385 Horum participem fuiſſe ab illo
95 385 466 414 Factum te reor vt ſolent amicis
95 413 576 443 Non magnæ modo res, graueſque, verum
94 444 559 473 Communes etiam inuicem eſſe nugæ.
94 473 545 502 Si factus neque dum es, tibiue nondum
94 502 450 524 Illa euoluere forſitan vocauit:
93 533 515 561 Vnam te rogo Bartholo, alteramue
95 561 490 591 Suffurare tuo horulam, mhique
92 591 479 621 Dona, quam tribuas eis legendis
92 621 460 650 Accuratius, imm o corrigendis.
90 650 438 679 Nam Limâ niſi ſint tuâ polita,
88 679 458 708 Suo ne artifici quidem placere
89 708 570 737 Poſſint: nedum ea præſtet ille cuiquam
90 738 440 767 nico, licet intimo, legenda.
91 767 600 796 Hoc ſi abs te fuerit, Truchi, impetratum
91 797 527 826 Horæ huius vice Dampetrus rependet
89 826 556 854 Non horam modo, ſed diem, ſed ipſam.
89 854 543 883 Totam haud ſic tamen vt ſuo Corinna
88 883 540 914 Naſoni dabat integramque noctem;
87 913 598 942 Immo annum magis integram immo vitam,
88 944 511 971 Cur enim libeat negare quicquam
87 970 509 1000 Cum quod dat tibi. vel tuis legendis
86 1000 498 1028 Tempus, non tibi, ſed ſibi det ipſi?
87 1028 570 1058 Cuius vtpote commodum, atque fructus
87 1059 599 1086 Non ad re redeat, Ttuchi, immo a ipſum
81 1088 517 1116 Hoc pacto tibi dando ſumat abs te,
38 1117 447 1154 ucontra accipiendo largiaris.
461 1149 520 1176 Ggs
