872 1312
354 72 562 93 IOANNIS
182 108 634 135 I Erafni obitum alludit ad Dorbonii veſus.
123 137 436 166 Eraſmum ſibi Gallus aſſerebat,
122 166 574 195 Germanus ſibi: Parca vtrumque ſrustran;
123 196 552 225 Immo, inquit, meus eſt: ſibique ſumpſit.:
183 225 562 253 Sic eſt Borbonius profecto acute
124 253 520 281 Dudum Eraſmica fata proſecutus.
124 282 608 313 At quid obſecro, Borboni, quid, inquam,
126 313 538 341 Sic iniecta in eum manu, de Eraſmo
124 342 514 369 Sumpſit Parca ſibi? ſuumqe fecit,
124 370 514 399 Hanc molem niſi corporis caduci,
125 398 634 428 Cœleſtem illum anim quod opprimcbat?
125 429 514 456 Nec ire in patriam ſuam ſinebat:
126 458 549 486 Quod non amplius attinere Eraſmus
125 486 572 515 Ad ſe, quod minime ſuum putabat?
126 516 563 545 Quod non corpus ei amplius, ſed ater
129 545 560 575 Carcer, aſſiduumque erat flagellum?
126 574 470 603 Hoc qui ſuſtulit, eius ille ſane
125 602 563 630 Aſſertor mage, quam putandus hoſtis.
126 630 606 660 Nec dediſſe malum, immo commodaſſ-.
187 661 638 690 Gallo deinde quid abſtulit de Eraſmo
126 690 542 720 Cermanoue, niſi id qnod viriuſque
127 719 498 749 Ex æquo minime ſinebat ipſum
127 748 636 776 Communem eſſe? Etenim huius occupabat
127 780 537 808 Tanto tempore corpus alter vnus,
128 809 547 836 Quo non æquo animo carebat alter.
127 835 616 865 Nunc ſors, Parcæ operâ, vtriuſque par eſt;
126 866 579 895 Ex æquoque habet hic & ille Eraſmum
187 895 637 925 Nam ſi quis putat interiſſe; multum
126 924 610 952 Ertat.: viuit enim, idque qum ante, lane
128 953 501 978 Multo verius, omnibus ſolutus
129 981 541 1012 Curis ſcilicet, omnibuſque morbis:
128 1012 537 1040 Nec pannitibus amplius malorum,
128 1041 592 1069 Vt dudum, expoſitus; ſed vſquequaque
128 1069 553 1098 Securuſque, alacerque nunc perenni
128 1098 583 1129 Cum Chriſto fruitur quiete: quæ tum
739 1134 805 1156 Vera
