872 1312
311 62 617 86 DAMPETRI.
725 65 761 89 ;
79 95 503 127 Vera eſt denique vita, vera pax eſt.
139 127 516 155 Sed ne forte putes periſſe nobis
82 155 491 186 Cœlo dum fruitur, Deoque viuit:
82 186 392 214 Nobis ingenii ſui reliquit
80 214 598 245 Fœtus; in quibus hic quoque eſt ſuperſtes
82 245 441 274 Germanique ſui, ſuique Galli
71 276 515 305 Mores excolit, expolitque linguam;
84 305 515 335 Sic dulci vtile, ſic ſuaui honeſtum
83 334 501 364 Miſcens, ſic grauia inſerens iocoſis,
82 363 479 392 Vt tum præcipue adfrat ſalubres
79 393 514 422 Res, cm non niſi eum putes iocari;
82 423 457 454 Plura & ſeria profcrat iocando,
83 452 468 481 Qum qui vniſibi ſori videntur.
81 481 569 511 Sic punctm omne ferens vt inquit ille;
81 512 521 542 Delectatque ſimul, ſimulque proſt.
139 542 552 570 Hæc cum inſignicer. vniceque libri
83 572 476 594 Eius tam innumerabiles, & omni
80 601 570 631 Scriptorum in genmre, & breues & ampli
82 631 497 660 Præſtent, quis putet interire poſſc?
83 661 453 690 Sunt proculdbio futuri & ipſi,
82 689 549 719 Iſthæc machina dum quidem futura eſt,
82 719 470 746 Cum famâ art. ſicis ſui petennes.
138 747 598 777 Verum nonnihil heic iuuat quibuſdam
80 778 522 808 Reſpondere, qurbus parum pubb::ur,
82 808 491 835 Quod ncn Ciceronianus. Eſto:
80 837 486 867 Nempe nec Cicero eit Er. ſmianus.
80 865 495 887 Eraſinum eſſe ſiaa nt Eaſiianum:
82 897 472 925 Sinit Tullium vt e ſſe Tullianum.
80 924 567 954 Eſſe, inquam, eſſe ſinant ſuum loquendi
78 954 435 981 Eraſino genus; vt ſuum fuiſſe
78 982 454 1013 Permiſit Ciceroni Eraſmus; etſi
81 1010 594 1041 Grande, am plunque, fluenſque, copioſum,
79 1042 507 1071 Ac diues tamen id minus quadrare
79 1070 436 1094 Perſonæ ratus eſt Eraſimus illi,
80 1098 535 1131 Quam gerebat, eiſque queis de agebat,
656 1131 741 1159 Rebus.
431 1132 512 1158 Ggga
