872 1312
370 70 580 92 IOANNIS
139 104 493 133 Rebus, ex meliore parte ſacris,
140 133 651 163 Quæ cultum nimi haud ferunt, & omnem
141 163 492 193 Fucum reiiciunt. Putauit ergo
140 192 563 223 Paulo preſſius is, minuſque fuſum,
140 220 534 252 Eſi non ita ſplendidum, loquendi
140 250 586 282 Scribendique genus ſibi ſequendum,
139 279 529 303 Suo forſan & id modo aoſolutum.
140 310 590 339 Qualecumque tamen ſit hoc, & illud;
141 340 489 363 Suo Tullius eſt modo locutus,
139 368 504 393 Suo more locutus eſt Eraſmus,
140 396 494 427 Sic vt ſi Cicero incidiſſet ipſe
137 427 587 456 Hæc in tempora noſtra. eamque nactus
138 454 543 477 ſſet conditionem, & inſtitutum
136 484 544 514 Viuendi, quod Eraſmus eſt ſecutus,
137 512 559 544 Et ſcribenda forent ei, quæ Ereſmus
137 542 522 575 Scripſit; non aliter putem fuiſſe
136 573 638 602 Scripturum illa, quam Etaſmus ipſe ſcripſit.
197 600 611 630 Hoc cerſo ſcio plurimis probatum
135 630 541 653 Non i ac fore, vt ilico execrentur
134 660 598 690 Ceu probrum graue Tullio irrogatum
133 688 483 711 Verum vt iudicio ſuo frui illos
131 716 521 747 Liben:er ſinimus, quibus videtur
130 746 568 778 Probandum genus vnicum eloquendi
130 775 483 803 Eſſe, quod Cicero fuit ſecutus.
128 805 536 834 Et ipſi quoque, quæſo nos viciſſim
128 834 593 865 Hac in parte ſinant ferantque, noſtrum
130 864 566 887 Si non iudicium, aſt habere ſenſum.
129 893 518 922 Sic nobis itaque, vt lbet putemur
127 921 495 948 Illis deſipere, attamen videtur.
128 951 636 983 Cum prudentum hominum, & rei peræque
128 979 512 1009 Publicæ vtilium fere impares ſint
127 1008 547 1039 Senſus, & capita, impareſque mores:
125 1039 509 1068 Hic cum Demea Mitio ſit ille
124 1068 495 1092 H.c cum lenior, ille ſit ſeuerus:
124 1099 597 1131 Sic u. rtutem amet hc, haud perinde
708 1133 796 1156 Infe-
