872 1312
291 70 556 94 DAMPETRI.
72 105 405 130 Infenſus vt fuiſſe
76 136 448 165 Titus Liuius inquit Africanum:
76 165 447 195 Sic contra vitia ille perſequatur,
74 195 470 224 Vt factis precium rependi honeſtis
76 227 464 250 Curet non adeo, vt duo Catones.
75 253 500 284 At proſunt tamen æque, & illi & iſti,
75 284 443 317 Publicæque rei vtiles vttique,
75 315 488 345 Quantumuis variique diſpareſque;
75 344 465 374 Vt docte Cicero ipſe & eleganter
75 372 476 402 Primo de Officiis libro explcauit;
75 403 448 430 Exemplis variis docens Latinis
76 432 527 463 Græciſque, haud ita corporum figuras
75 462 415 493 Inter ſe facieſque diſſidere.
77 491 506 523 Vt mentes hominum eſſe differentes.
75 521 411 549 Sic docte genus elocutionis,
74 550 472 582 Pro ſenſu, varium putamus eſſe:
75 581 556 611 Quale & cuique caput fere, atque pectus,
75 610 586 641 Sermonem eſſe itidem, ſtylumque talem;
75 639 463 670 Qu poſſit genere in ſuo abſolutus
74 669 445 699 Eſle, nec minus attigiſſe finem
74 699 444 729 Dicendi, quam alii magis politi
74 727 442 751 Forlan, non ita forſan eſſicaces.
74 757 512 789 Dein cum tam variæ atque differentes
75 787 496 818 Res ſint, de quibus eſſe ſermo poſſit,
74 816 498 847 Nec aptum genus vnicum proinde
73 844 431 873 Poſſit omnibus eſſe diſſerendi;
74 875 487 905 Credo iis de quibus in ſuis Eraſinus
73 904 462 935 Libris diſſeruit, magis quadrare
72 933 469 962 Dicendi genus id quod eſt ſecutus.
73 962 537 994 Quam quadret Cicero quod eſt ſecutus.
72 991 431 1021 Deque illis Cicero ipſe ſi fuiſſet
72 1021 408 1049 Sicut diximus antea locutus,
72 1050 443 1080 Si non prorſus idem ſibi putaſſet
72 1079 526 1112 Sequendum quod Eraſmus eſt ſecutus;
72 1109 409 1136 Secuturum aliud fuiſſe certe
671 1149 761 1171 Com-
