872 1312
337 78 592 102 IOANNIS
124 116 552 144 Comptum non adeo, at magis virile
124 144 519 173 Filium, quodque re aptius fuiſſet
123 173 514 204 Tam graui, ſolidæque, ſeriæque.
123 202 540 234 Hæc ſententia noſtra opinioque eſt
124 232 639 261 Noſtrum hoc, ni nimis atroganter A me e
124 261 551 290 Dictum iudicium: quod herele ſi illi
124 291 594 321 Damnent vt minime ambigo futurum
125 321 538 344 Non contendimus, & ſuo frui illos
125 350 465 379 Libenter ſino, ſicut ante dixi.
124 379 554 407 Aveto tamen haud abeſſe prorſus
127 409 541 438 Noſtrum, Longolius docere poſſit,
124 439 562 468 Vir tanti ingeni ille, tamque amœni,
126 467 560 496 Tam verſatilis, atque ſi quis vnquam
126 496 485 522 Sot ſelix Ciceronis æmulator,
128 526 641 555 Quem nimis propere, virumque vix dum
126 555 455 581 Nobis inuida ſuſtulere fata;
127 585 625 613 Cum luctu haud dubie omnium, grauique
126 613 542 642 Damno qui ſtudis vacant honeſtis.
126 643 527 674 Vnam illius ego alteramque legi,
125 672 536 700 De re dogmatibuſque Chriſtianis,
126 703 521 724 Ad normam Ciceronis exaratam
127 730 530 753 Non ſine eximiâ arte concionem:
127 760 588 790 Quantus ſplendor im his, & apparatus,
128 790 515 819 Delectuſque rogo vocabulorum
127 819 532 847 Sed tota actio friget; inique riſum
128 848 527 877 Naris non ſtupidæ viris, ſacriſque
126 877 474 907 In libris aliquamdiu oratis,
126 907 472 935 Exit fabula. Conferamus illis
128 936 572 965 Quæ conſcripſit Eraſimus hiſee eiſdem
129 965 504 995 De rebus: niſi prorſus imperiti,
131 995 584 1024 Librorumque rudes ſumus ſacrorum;
130 1024 647 1054 Mox dicemus ab hoc quidem haud inanem
130 1053 630 1084 Cauſam at ſeriam agi grauemque; non de
124 1084 472 1112 Romani imperii ampliatione,
127 1114 552 1148 Ne quid publica res Quiritium illa
729 1143 814 1174 Detri-
