872 1312
349 69 558 91 IOANNIS
126 103 604 135 Ne qud dicam aliud, vel an ſit vſquam
127 133 597 159 pſus, dicutiam nec hoc enim ad rem
128 162 554 194 Noſtram magnopere attinere credo.
131 191 555 221 De phraſi modo. de ſtyloque cum ſit
130 220 524 249 Charactareque ſermo ſcriptionis.
132 250 481 273 Nimirum ratione non eadem.
133 279 541 308 Qu dici Ethnica, vel ſolent refelli,
129 308 579 339 Puoſcunt dogmata Chriſtiana, reſque
130 339 537 367 Taniæ, tam ſolidæ, gtaueſque, dici.
130 367 510 394 Non lenocinia iſta, purpuriſſum,
130 394 511 424 Ceruſſam, ſtibiumque dictionis,
132 424 536 454 Queis ſuperſtitio ipſa, vanitaſque
127 453 498 482 Pe ſe ſordida, fuſca.lippa, turpis
126 483 508 512 Solet ceu meretrix doloſa, pingi
127 512 519 541 Fert caſtiſſima veritas, vt ante
128 542 498 569 Dixi præcipue illa Chriſtiana;
125 571 449 599 Illa ſeria, certa, ſempiterna
126 599 512 628 Cuius nempe ſatis venuſta per ſe,
125 627 564 658 Per ſe ſplendida, amabiliſque per ſe,
126 658 521 686 Natiuoſque nitens decore forma:
124 686 577 714 E, ſi cultum amat, hunc amat virilem,
126 715 556 745 Simplicem puta ſobrium, modeſtum.
125 745 496 773 Quin nec Tullius ipſe Tulliane,
122 773 503 801 Illum tempora noſtra ſi tuliſſent,
123 805 588 834 Has res, quoque modo profaa ſcripſit;
123 832 509 861 Sed quodcm potius nouo reperto
121 861 505 892 Dice di genere, ac vt ante dixi
123 890 487 921 Ipſo forſn Eraſmico cxaraſſet.
122 920 517 947 Sic cauſæ, vt iubet ipſe, ſeruiendo,
123 949 459 972 Oratoris item aſſecutus eſſet
123 978 511 1008 Gloriam, titulumque Chriſtiani;
121 1007 628 1036 Quem nunc ferre ſinat neceſſe Eraſmum
119 1036 477 1067 Quod ſi forte fuiſſe Chriſtianis
117 1065 507 1094 Qoſdam temporibus diſertiores
116 1096 617 1128 Quis contenderit, haud meum profect eſt
721 1129 794 1159 ere
