872 1312
286 59 548 82 DAMPETRI.
73 97 409 122 De re idicium tuliſſe tantâ:
74 125 475 157 Hi quicumque tamen fuere, ſi qui
74 156 470 186 Fuerunt, nihil admodumue paree
75 187 409 217 De re diſſeruere Chriſtiana:
75 215 456 244 Qui ſolus fuit vt docent libelli
77 245 430 275 Certe præcipuus labos Eraſi.
75 272 588 304 Proin laudem æquo animo ſinantEraſmum
78 305 395 335 Oratoris habere Chriſtiani.
79 334 490 364 Quamquam ſi Ciceronis incidiſſet
78 364 531 393 Hic in tempora vt hoc fuiſle fingam,
78 393 448 423 Tullium vt prius incidiſſe noſtea
78 423 467 452 Finxi in tempora & illius fuiſſet
79 453 468 482 Pats orbem arbitrio ſuo regentis,
80 483 490 512 Culti & gentibus omnibus Senatus
80 512 447 541 Is pro tempore forſitan ſccutus
80 542 506 571 Diſſerendi aliud genus, vel ipſum
80 570 535 601 Forſitan quod Cicero eſt ſecutus, eſſet
81 600 503 631 Nam non diſſimili admodum fuiſſe
70 630 402 660 Illos ingenio, ſatis vel iſtud
82 655 504 692 Oſtendat, quod vterque proſecutus
82 691 410 712 Bellicos odio fuit tumultus.
82 716 591 749 Nam quamquama Cicerone recta quond
83 749 492 778 Sit proconſule gens Cilix, grauique
82 780 441 804 Bello is vicerit incolas Amani;
82 809 504 838 Atque hioc nomine dictus Imperatot
83 837 505 868 Sit; ſperarit & hinc ſibi ttiumphum:
83 866 521 897 Quem tamen minime eſt ob inſecuta.
82 897 447 926 Mox ciuilia bella, conſecutus.
83 927 450 955 At non imperium ille prorogari
82 955 457 984 Eſt paſſus ſibi; ſed repente mitti
83 984 473 1015 Quiſuccederet, obſecrauit; vt qui
85 1014 496 1042 Romæ rem gerere, ac domi togatus
84 1044 465 1073 Curâ. conſilio, eloquentiaque
83 1072 495 1101 Mallet, quam litui horrido ſagatus
85 1101 498 1131 Obtundi ſtrepitu, ac ſono tubarum.
708 1128 747 1152 Nil
