872 1312
352 75 558 99 IOANNIS
125 106 591 140 Nil autem attinet hic referre quam tum
126 136 515 166 Ciuiles Cicero oderit tumultus;
126 165 549 196 Nimirum quibus anteferet omnem,
125 196 628 229 Quamquam eſſent ea iuſta, pacem iniquam.
157 227 635 258 Quantum item oderit iſte bella quamui
123 252 495 283 Iuſta, ſi tamen eſſe poſſit vllum,
124 282 506 311 Eius perſpicue lacce nominatim
126 311 543 344 Teſtantur monimenta ſcripta de re:
126 342 591 369 Quamquam & paſiim aliis ea execretur.
185 372 607 402 Quanto dein ſtudio ac amore laudis
124 399 478 428 Flagratit Cicero, nec ipſe ſane
124 429 549 458 Multum diſſimulauit. hanc Eraſmus
124 458 579 488 Non odiſle itidem admodum putatur:
125 487 415 517 Sicut ingenia elegantiora
126 517 463 546 Omnia, ac generoſiora ferme
126 546 455 570 Gloriæ ſitientiora item ſunt.
123 574 618 603 Verum hanc, non niſi demerendo cunctos,
123 602 607 632 Conſultumque bene omnibus volendo,
124 633 532 667 Vir pius ſibi credidit parandam;
122 661 544 690 Scribendo puta, & illinendo chartis
123 692 606 724 Non tam quæ ingeniis ſtupenda magnis,
123 720 562 752 Et paucis modo profutura quæ eſſent,
123 749 635 783 Quamquam & talia ſcripſit ille quam quæ
122 779 448 803 Eſent omnibus vſui futura
123 809 535 839 n commune, ſimulque ſingulatim
122 838 494 868 Prouectis, mediocribus, puſillis:
123 868 483 895 Siue ad pectoris inſtitutionem
121 896 449 921 Pertinentia, ſiue bibliorum
123 926 474 954 Pertinentia ad explicationem
124 954 576 985 Sicque aut Numinis ad decus ſupremi,
122 983 633 1015 Aut ad vſum hominum pium ac perennem;
122 1014 486 1043 Vt non tam ſibi gloriam videri
122 1042 491 1074 Hinc poſſit voluiſſe comparare,
123 1072 548 1098 Quam cunctis voluiſſe commodare:
123 1103 599 1134 Quæ tum denique vera; certa, conſtans,
736 1129 799 1167 Quæ
