872 1312
287 73 552 97 DMETRI
75 110 506 141 Quæ tum denique gloria eſt vocanda.
132 139 473 170 Si cui ctera perſequi libebit
77 168 488 202 Quæ communia Tullio ac Eraſmo,
78 198 531 232 Quantum conditio quidem vtriuſque
77 230 468 260 Tam diſpar potui: pai, fuerunt;
77 259 417 288 Illos non adeo im pares faiſſe
78 289 433 321 Dicet ingeniiſque moribuſque
78 318 454 346 Sat veriſimile vt ſit, illud ipſum
82 348 448 379 Geaus quod Cicero fuit ſecutus
81 376 496 402 Secuturum itiem fuiſſe Eraſmum,
81 404 579 441 At quodcumque tamen vel hoc Eaſmus,
82 436 452 462 Vel omnin ud ſecutus eſſet;
81 467 432 496 Fottaſſis Cice on perlibenter
84 496 438 524 Audiente locntus eſſet, atque
83 526 513 555 Non nullum decus inter eloquentes
84 555 415 585 Ethnicos etiam ſibi paraſſet.
85 585 497 614 Tum ſummus Cicero fuit. fatemur,
85 613 512 646 Neque hoc ore mod eloquentiore,
86 643 447 672 Verum & pectore perſpicaciore.
87 673 454 702 Nam multa ingenii ſagacitate
87 702 457 733 Videbat quæ ali, vt libet politi
87 731 413 756 Vir iudicii. t, nus idebnt:
87 758 505 791 Prſertim iun iſero atque lactuoſo
88 793 423 821 Illo, iſſio virum duorum,
90 819 478 853 Qut tum lumina ſumma ciuitatis
89 851 474 879 Erant; ac duo principes Senatus,
89 880 533 911 Pompeei pata. Cæſariſque. Nam tu
90 908 443 938 Eius vox fuii illa plena ſummi
92 938 400 966 Sane ic i rciata ab ipſo,
93 965 460 991 nulla o vtnam necſſitudo,
92 995 424 1027 Pompei, t bicnm tuo fuiſſet
93 1024 487 1055 Vnquam Cæſate copulata; ſaltem
93 1056 477 1082 Eſſt illatibi ditempta nunquam
94 1080 513 1112 Nm coniunctio ſane origo, fonſque
94 1111 535 1142 Malorum fuit omnium, quibus tum
720 1136 766 1161 Res
