872 1312
346 73 555 97 IOANNIS
120 105 513 135 Res eſt publica degrauata? verum
121 134 488 159 Hæc diſiunctio acerbiora fecit:
119 164 550 194 Ac rem denique publicam vniuerſam
120 192 545 227 Subuertit miſere, tyrannidemque
119 223 489 252 Inuext. Cicero iſta prouidebat
119 251 464 279 Euitandaque ſedulo monebat
117 280 600 313 Ad pacem ſtudioſe vtrumque adhortansa
118 311 552 344 Conatus quoque mutnum inter ipſos
116 341 503 370 Amorem veterem redintegrare;
118 366 501 397 Cæſari magis eſſc danda cenſens,
117 399 576 430 Quamquam non ita iuſta, quæ petebat,
116 427 479 459 Quâm Ciuilia bella ſuſcitanda.
116 456 486 483 Huic ſi aures alii ſuas ded iſſent,
112 485 581 517 Illorum qui odium inuicem excitarant;
113 513 509 544 Et ſummis ſtudiis & arte alebant,
112 545 460 574 Putantes ita publice expedire,
114 575 503 602 Cum re tum melius fuiſſet actum
111 602 492 631 Publicâ; neque forſan incidiſſet
110 631 564 664 Illud in barathrum, voraginemque.
111 660 566 692 Illam in perniciem, vnde ſe explicandi
111 689 478 718 Illi poſtmodo non fuit facultas.
110 716 516 751 Tum certe Cicero videbat. at poſt
111 749 464 779 Necem Cæſaris, is fuiſſe cæcus
111 777 433 805 Et vidiſſe fere nihil videtur,
109 808 600 839 Dum pectus minim vt ferunt, malignum
107 837 454 864 Antonii licet impotentis iræ
109 865 485 895 Si quis forte laceſſeret, laceſſit,
108 894 520 923 Proſcinditque probris; & â Senatu
108 925 447 951 Romani populi renunciatum
109 952 521 982 Hoſtem ſumere cogit arma, & in ſe
108 981 485 1014 Sic illum incitat, vt ſibi, reique
107 1011 522 1044 Publicæ exitium, viriſque honeſtis
107 1041 452 1069 Sic accerſierit prope vniuerſis:
107 1070 520 1103 Dum ſlagrans odio iſtius, puellum
107 1101 520 1134 Quem lunonium ineptule, ſuæque
696 1139 772 1165 Matl
