872 1312
263 61 510 93 DAMPETRI.
84 102 501 134 Matris ſcilicet aureum vocabat
85 133 510 162 Partum prouehit, inq; eum tyranni,
85 164 542 193 Imprudens, neq; ſat videns, quot inde
85 194 572 223 Mox in rem mala publicam ſcaterent,
86 223 562 252 Transfert imperium hoc modo ſine vllo
85 253 470 282 Fructu, imo populi malo necati.
84 282 496 311 Hac ſi in parte libebit in Eraſmum
85 311 537 337 Conferre, haud dubie eſſe laude multo
84 343 448 371 Dicemus Cicerone digniorem
84 371 442 401 Nam quantâ ingenii ſagacitate
83 400 569 431 Hos qui nunc miſere hinc & inde Chriſti
86 430 598 459 Sponſam illam, populumque Chriſtianum
82 460 495 489 Turbant, exagitantque, diſſecantq;,
84 489 476 520 Fluctus vidit Eraſmus ante multo
84 517 593 549 Quam eſſent: perniciemve quam attuliſſent
82 549 488 579 Vllam? qu ingeniique conſilique
82 579 431 608 Vi perſpexit, & indicauit illis
80 607 535 637 Rerum ſumma quibus data eſt earum,
82 637 426 670 Qu poſſent ratione mitigari
80 665 562 698 Primum, Dein pedetentim & abſq; motu
80 696 508 726 Componi; imo bono vtriuſq; partis?
79 726 475 755 Multi ſuſpiciunt bono hercle iure
79 756 416 785 Inſignem illius eruditionem
79 783 558 814 Atq; hanc tam variam, ſacram. profanam,
78 813 607 839 Et Græcam, & Latiam, & nouam, & vetuſtam:
78 844 529 872 Multi incredibilem ſalem, & leporem,
80 874 501 904 Queis eius monimenta condiuntur:
78 903 485 933 Multi perſpicuam eloquentiæ vim,
77 932 497 960 Ac ſic expoſitam, obuiamq; cunctis,
76 962 416 989 Vel certe mediocriter peritis,
77 989 489 1018 Cultu vt non careat, ſed abſq; fuco:
76 1020 480 1048 Ipſe iudicium illud acre acutum,
75 1046 557 1077 Lynceum, ſed idem æquum vbiq; ſummo
73 1075 521 1106 Iuri iniuria ſumma quod ſubinde eſt
73 1106 527 1136 Pro candore ſuo ante labens, politum
628 1134 743 1157 Lima-
