<?xml version="1.0" encoding="UTF-8" standalone="no"?><PcGts xmlns="http://schema.primaresearch.org/PAGE/gts/pagecontent/2019-07-15" xmlns:xsi="http://www.w3.org/2001/XMLSchema-instance" xsi:schemaLocation="http://schema.primaresearch.org/PAGE/gts/pagecontent/2019-07-15 http://schema.primaresearch.org/PAGE/gts/pagecontent/2019-07-15/pagecontent.xsd"><Metadata><Creator/><Created>2022-04-10T08:55:05</Created><LastChange>1970-01-01T00:00:00</LastChange><Comments/></Metadata><Page imageFilename="0872.png" imageHeight="1312" imageWidth="872"><TextRegion id="r1" orientation="0.0" type="paragraph"><Coords points="1,1 870,1 870,1310 1,1310"/><TextLine id="l1"><Coords points="263,61 263,93 510,93 510,61"/><TextEquiv><Unicode/></TextEquiv><TextEquiv index="1"><Unicode>DAMPETRI.</Unicode></TextEquiv></TextLine><TextLine id="l2"><Coords points="501,102 84,102 84,132 501,134"/><TextEquiv><Unicode/></TextEquiv><TextEquiv index="1"><Unicode>Matris ſcilicet aureum vocabat</Unicode></TextEquiv></TextLine><TextLine id="l3"><Coords points="510,134 491,135 85,133 85,162 510,162"/><TextEquiv><Unicode/></TextEquiv><TextEquiv index="1"><Unicode>Partum prouehit, inq; eum tyranni,</Unicode></TextEquiv></TextLine><TextLine id="l4"><Coords points="85,164 85,193 542,193 542,164"/><TextEquiv><Unicode/></TextEquiv><TextEquiv index="1"><Unicode>Imprudens, neq; ſat videns, quot inde</Unicode></TextEquiv></TextLine><TextLine id="l5"><Coords points="572,222 572,195 85,194 85,220 89,221 118,221 138,223 531,223"/><TextEquiv><Unicode/></TextEquiv><TextEquiv index="1"><Unicode>Mox in rem mala publicam ſcaterent,</Unicode></TextEquiv></TextLine><TextLine id="l6"><Coords points="562,223 86,223 86,250 158,252 562,252"/><TextEquiv><Unicode/></TextEquiv><TextEquiv index="1"><Unicode>Transfert imperium hoc modo ſine vllo</Unicode></TextEquiv></TextLine><TextLine id="l7"><Coords points="85,253 85,282 470,282 470,253"/><TextEquiv><Unicode/></TextEquiv><TextEquiv index="1"><Unicode>Fructu, imo populi malo necati.</Unicode></TextEquiv></TextLine><TextLine id="l8"><Coords points="84,282 84,311 496,311 496,282"/><TextEquiv><Unicode/></TextEquiv><TextEquiv index="1"><Unicode>Hac ſi in parte libebit in Eraſmum</Unicode></TextEquiv></TextLine><TextLine id="l9"><Coords points="85,311 85,337 537,337 537,311"/><TextEquiv><Unicode/></TextEquiv><TextEquiv index="1"><Unicode>Conferre, haud dubie eſſe laude multo</Unicode></TextEquiv></TextLine><TextLine id="l10"><Coords points="84,343 84,371 448,371 448,343"/><TextEquiv><Unicode/></TextEquiv><TextEquiv index="1"><Unicode>Dicemus Cicerone digniorem</Unicode></TextEquiv></TextLine><TextLine id="l11"><Coords points="442,399 442,371 84,371 84,399 126,401 363,401"/><TextEquiv><Unicode/></TextEquiv><TextEquiv index="1"><Unicode>Nam quantâ ingenii ſagacitate</Unicode></TextEquiv></TextLine><TextLine id="l12"><Coords points="363,430 455,428 569,430 569,400 404,400 363,402 283,401 126,402 83,400 83,430 99,429 157,431"/><TextEquiv><Unicode/></TextEquiv><TextEquiv index="1"><Unicode>Hos qui nunc miſere hinc &amp; inde Chriſti</Unicode></TextEquiv></TextLine><TextLine id="l13"><Coords points="598,431 364,430 147,432 96,430 86,431 86,458 598,459"/><TextEquiv><Unicode/></TextEquiv><TextEquiv index="1"><Unicode>Sponſam illam, populumque Chriſtianum</Unicode></TextEquiv></TextLine><TextLine id="l14"><Coords points="82,460 82,489 495,489 495,460"/><TextEquiv><Unicode/></TextEquiv><TextEquiv index="1"><Unicode>Turbant, exagitantque, diſſecantq;,</Unicode></TextEquiv></TextLine><TextLine id="l15"><Coords points="84,489 84,520 476,520 476,489"/><TextEquiv><Unicode/></TextEquiv><TextEquiv index="1"><Unicode>Fluctus vidit Eraſmus ante multo</Unicode></TextEquiv></TextLine><TextLine id="l16"><Coords points="593,517 228,521 84,519 84,548 593,549"/><TextEquiv><Unicode/></TextEquiv><TextEquiv index="1"><Unicode>Quam eſſent: perniciemve quam attuliſſent</Unicode></TextEquiv></TextLine><TextLine id="l17"><Coords points="488,549 152,551 82,549 82,577 130,579 342,579 389,577 488,579"/><TextEquiv><Unicode/></TextEquiv><TextEquiv index="1"><Unicode>Vllam? qu ingeniique conſilique</Unicode></TextEquiv></TextLine><TextLine id="l18"><Coords points="431,606 431,579 82,579 82,606 86,607 313,608"/><TextEquiv><Unicode/></TextEquiv><TextEquiv index="1"><Unicode>Vi perſpexit, &amp; indicauit illis</Unicode></TextEquiv></TextLine><TextLine id="l19"><Coords points="535,607 387,607 313,609 106,609 80,607 80,636 535,637"/><TextEquiv><Unicode/></TextEquiv><TextEquiv index="1"><Unicode>Rerum ſumma quibus data eſt earum,</Unicode></TextEquiv></TextLine><TextLine id="l20"><Coords points="146,667 169,668 426,666 426,638 129,639 108,637 82,637 83,670 142,670"/><TextEquiv><Unicode/></TextEquiv><TextEquiv index="1"><Unicode>Qu poſſent ratione mitigari</Unicode></TextEquiv></TextLine><TextLine id="l21"><Coords points="455,696 528,694 555,694 562,698 562,665 465,665 426,667 309,668 146,668 138,672 80,670 80,696 128,698 232,698"/><TextEquiv><Unicode/></TextEquiv><TextEquiv index="1"><Unicode>Primum, Dein pedetentim &amp; abſq; motu</Unicode></TextEquiv></TextLine><TextLine id="l22"><Coords points="508,723 508,696 232,699 128,699 80,697 80,724 106,724 130,726 310,726"/><TextEquiv><Unicode/></TextEquiv><TextEquiv index="1"><Unicode>Componi; imo bono vtriuſq; partis?</Unicode></TextEquiv></TextLine><TextLine id="l23"><Coords points="475,726 311,726 227,728 79,726 79,754 84,755 475,755"/><TextEquiv><Unicode/></TextEquiv><TextEquiv index="1"><Unicode>Multi ſuſpiciunt bono hercle iure</Unicode></TextEquiv></TextLine><TextLine id="l24"><Coords points="416,784 416,756 79,756 79,785 393,785"/><TextEquiv><Unicode/></TextEquiv><TextEquiv index="1"><Unicode>Inſignem illius eruditionem</Unicode></TextEquiv></TextLine><TextLine id="l25"><Coords points="490,812 558,812 558,783 460,783 455,785 314,787 79,786 79,812 81,813 451,814"/><TextEquiv><Unicode/></TextEquiv><TextEquiv index="1"><Unicode>Atq; hanc tam variam, ſacram. profanam,</Unicode></TextEquiv></TextLine><TextLine id="l26"><Coords points="607,813 490,813 410,816 342,815 311,817 211,816 143,817 78,813 78,839 607,839"/><TextEquiv><Unicode/></TextEquiv><TextEquiv index="1"><Unicode>Et Græcam, &amp; Latiam, &amp; nouam, &amp; vetuſtam:</Unicode></TextEquiv></TextLine><TextLine id="l27"><Coords points="78,844 78,872 529,872 529,844"/><TextEquiv><Unicode/></TextEquiv><TextEquiv index="1"><Unicode>Multi incredibilem ſalem, &amp; leporem,</Unicode></TextEquiv></TextLine><TextLine id="l28"><Coords points="386,902 501,902 501,874 190,876 80,874 80,902 148,904 326,904"/><TextEquiv><Unicode/></TextEquiv><TextEquiv index="1"><Unicode>Queis eius monimenta condiuntur:</Unicode></TextEquiv></TextLine><TextLine id="l29"><Coords points="423,932 454,930 485,931 485,903 386,903 326,905 256,904 148,905 78,903 78,931 124,933 357,933"/><TextEquiv><Unicode/></TextEquiv><TextEquiv index="1"><Unicode>Multi perſpicuam eloquentiæ vim,</Unicode></TextEquiv></TextLine><TextLine id="l30"><Coords points="497,932 424,932 357,934 124,934 77,932 77,957 103,958 113,960 497,960"/><TextEquiv><Unicode/></TextEquiv><TextEquiv index="1"><Unicode>Ac ſic expoſitam, obuiamq; cunctis,</Unicode></TextEquiv></TextLine><TextLine id="l31"><Coords points="416,962 76,962 76,987 106,989 416,989"/><TextEquiv><Unicode/></TextEquiv><TextEquiv index="1"><Unicode>Vel certe mediocriter peritis,</Unicode></TextEquiv></TextLine><TextLine id="l32"><Coords points="489,989 375,990 320,992 193,991 161,992 77,989 77,1017 81,1018 489,1018"/><TextEquiv><Unicode/></TextEquiv><TextEquiv index="1"><Unicode>Cultu vt non careat, ſed abſq; fuco:</Unicode></TextEquiv></TextLine><TextLine id="l33"><Coords points="480,1046 480,1020 76,1020 76,1048 441,1048"/><TextEquiv><Unicode/></TextEquiv><TextEquiv index="1"><Unicode>Ipſe iudicium illud acre acutum,</Unicode></TextEquiv></TextLine><TextLine id="l34"><Coords points="412,1075 471,1075 516,1072 557,1072 557,1046 497,1046 441,1049 351,1050 75,1051 75,1077 378,1077"/><TextEquiv><Unicode/></TextEquiv><TextEquiv index="1"><Unicode>Lynceum, ſed idem æquum vbiq; ſummo</Unicode></TextEquiv></TextLine><TextLine id="l35"><Coords points="464,1104 521,1104 521,1075 412,1076 346,1079 153,1080 116,1078 73,1078 73,1105 417,1106"/><TextEquiv><Unicode/></TextEquiv><TextEquiv index="1"><Unicode>Iuri iniuria ſumma quod ſubinde eſt</Unicode></TextEquiv></TextLine><TextLine id="l36"><Coords points="527,1106 345,1107 316,1109 127,1109 73,1106 73,1136 527,1136"/><TextEquiv><Unicode/></TextEquiv><TextEquiv index="1"><Unicode>Pro candore ſuo ante labens, politum</Unicode></TextEquiv></TextLine><TextLine id="l37"><Coords points="628,1134 628,1157 743,1157 743,1134"/><TextEquiv><Unicode/></TextEquiv><TextEquiv index="1"><Unicode>Lima-</Unicode></TextEquiv></TextLine><TextEquiv><Unicode/></TextEquiv></TextRegion></Page></PcGts>