872 1312
334 71 564 101 IOANNIS
119 107 644 135 Limatum, ſed idem integrum, atque certu,
119 135 581 164 Sincerum, ſolidum, ſibique conſtans,
124 165 580 195 Præfractum minime tamen. potenſque
125 195 493 224 Flecti, ſi melius quid attuliſſes;
123 224 550 252 Hoc, inquam, facio æſtimoque tanti,
124 253 521 282 Vt præferre vel vnicum vniuerſis
124 282 493 310 Auſim dotibus eius antedictis.
125 311 469 341 Etſi temporibus fuiſſet illis,
123 341 473 369 Hac in parte etiam peculiare
125 369 526 397 Nonnullum decus eſſet aſſecutus.
125 398 522 428 Et maior quoque forſan eſſet ipſo
127 428 493 456 Vt dixi Ciccrone iudicatus.
134 457 580 486 Tantum de ingenio, eloquentiâque,
124 485 540 514 Doctrinâque agit hic meus libellus.
111 515 487 545 Nam vitam pietate ſingulari,
111 544 532 567 uris moribus eminentem omitto.
125 574 550 602 Non mihi tamen imperare poſſum;
111 602 566 633 Quin admirer eum inter haſce tantas
125 633 468 660 Dotes ingeniiq;, pectoriſque
125 660 538 691 Conſeruaſſe modeſtiam: nec inde
124 690 528 719 Vel factum eſſe pilo ſuperbiorem;
125 720 637 749 Quemquam vt ſperneret, vt libet puſillum:
121 749 559 782 Qimqtam vt colloquio ſuo putaret
124 779 550 807 Inigunem. hoc ita ſeſe habere multi
125 808 564 836 Nobis aſſruere, qui virum intus,
126 837 579 867 Qui virum in cute nouerant domoq;,
124 866 500 887 Et menſâ fuerant diu vſi eadem.
123 895 529 925 Et noſtris Pylades tamen rei huius
124 925 502 952 Fecit præcipue fidem, his ab oris
124 954 519 982 Anni quæ Ligeri alluuntur, vſque
124 982 521 1012 Profectus Baſilæam, vbi ille agebat
118 1011 492 1042 lIllo tempore. comitate ſummâ
124 1041 493 1069 Exceptum ſe ab eo ferebat eſſe.
124 1069 608 1100 Nec indignum habitum fuiſſe, quicum
124 1099 553 1130 Horis quattuor ampliuſque miſcens
745 1128 792 1154 vn
