872 1312
251 65 487 88 DAMPETRI.
70 104 440 133 Vn colloquium deambularet:
70 133 469 162 Dein cum non potuiſſet obtinere;
71 163 485 193 Ad cenam vt Pylades adeſſe vellet,
71 193 560 223 Quaquam non leuiter labriſq; ſummis
71 223 420 250 Inuitaſſet eum paranti abire
71 251 497 281 Porrexit calicem ſuum: atq; ab illâ
72 281 512 312 Parte, quam attigerat labris, bibendi
71 312 585 341 Illum haurire merum quod hercle amoris
74 341 565 371 Signum eſt non leue, ſymbolumqueliuſſit
72 370 441 400 Ille ? colloquio repente Eraſmi
72 400 483 430 Ceu, quam quæſierat labore tanto,
73 430 513 459 Re parta, aoripit inde ſe, domumque
74 460 442 484 Exuitans redit, æmulatus illum
73 487 554 523 Qum doctus recitat Secundus, vſquc ab
74 518 498 548 Ipiis Gadibus vltimo orbe, Romam
74 548 438 573 Acceſſiſſe, nec vrbis hoc amore,
74 575 554 607 Ouamquam tum caput eſſet lla mundi,
76 607 509 630 Seu Titum vt modo Liuium videret;
76 636 497 666 Cuius eloquium, libroſque amabat:
75 663 583 688 Nam mox vio homine eſt domum reuerſus.
78 696 442 725 Sic noſter Pylades, vt allocutus
75 724 382 748 Eraſinum fuit, vt libet diei
76 755 398 785 Actâ iam meliore portione,
75 784 452 814 Collectis cito ſarcinis, equoque
75 813 513 839 Conſcenſo, Baſilæâ ab vrbe, tanquam
77 841 529 872 Ouans, quin potius velut triumphans,
76 872 431 900 Se Deoque putans beatiorem,
75 900 446 930 Ipſo in articulo exit, ad ſuoſque
77 929 479 959 Se confert; magis in viâ profecto
75 955 526 988 Volans quam gradiens, equum ſubinde
75 986 525 1017 Vrgens calcaribus, flagriſque tundens,
77 1017 446 1046 Sua vt gaudia nempe nunciaret
75 1046 436 1075 Nobis; participeſq; tam ſuauis
76 1074 395 1108 Quæ nos faceret beatitatis:
76 1102 514 1134 Laudans aſlidue, vſque labens in ore
681 1130 741 1153 Caa-
