872 1312
309 68 586 94 DAMPETRI.
82 106 536 135 Tullius quoque dum recenſet illos
82 136 497 165 Ad Brutum, quibus attuliſſet illo
80 166 403 196 Eloquentia ſæculo celebre
81 194 536 225 Nomen. quod umerat viros diſertos,
80 225 477 255 Dicendi prope t facit figuras;
82 255 490 284 Tot ponit genera, a ſuo inuicemq;
66 284 514 313 Diſſidentia. qui fit iſtud? vnde hoc?
80 314 502 345 Ni quod ingenium, atq; pectus illis
80 345 463 373 Ac mores alii fuere? Numquam
81 372 468 397 Sic Cæſar voluiſſet, imo forſan
80 402 456 433 Nec loqui potuiſſet, vt locutus
79 433 456 457 Fuit Tullius, hoc vetante eorum
80 461 486 490 Naturâ impare, mente, moribuſq;
78 490 415 520 Diuerſis, adeoq; non eiſdem,
79 520 520 550 Non igni magis vt repugnet vnda,
79 551 471 578 Non ab æthere terra tam recedat.
79 580 488 609 Natura timidum fuiſſe certum eſt,
79 607 529 645 Quod nec magnopere ipſe diffitetur,
78 639 488 669 ullium. atq; animo parum virili
76 668 399 693 Illud exilium ſiuum tuliiſe,
77 698 482 729 Monſtrant eius cpiſtolæ, per illas
79 726 520 758 Quas is ſcripiit ad Atticum procellas.
78 758 460 788 Contra Cæſaris illa magnitudo,
76 788 468 816 Præſens ille animus periculorum
77 814 541 846 Contemptot, rogo, quem latere poſſint
77 845 535 877 Scriptorum omnc genus relata chartis?
74 875 499 898 Hunc dixiſſe animo ferunt eodem,
76 903 535 938 Ouo pilum in medios vibrauit hoſtes.
75 935 523 965 Quandocunq; loqui inchoabat autems
67 964 456 992 Cimebat Cicero prope indecore;
68 992 442 1023 Id quod ſæpe etiam fatetur ipſe:
73 1024 442 1053 Illorum variam ergo dictionem
73 1050 493 1082 Fecit ingenium vndiquaque diſpar
73 1078 540 1109 Verum vt Cæſare, quoſque nominatim
72 1109 429 1146 Expreſſi prius, omnibus fuiſſe.
649 1134 740 1166 Expre-
