872 1312
282 59 519 83 AMPETRI
26 96 431 127 Sui temporis is viros diſertos
27 128 517 157 Confert cum Cicerone, quiq; eodem
74 157 431 187 Viri tempore non rudes fuere.
104 187 533 216 Quare cenſeo, quod putabit aptum,
29 216 484 246 Quadranſq; ingenio ſuo eſle quiſq;
76 246 512 277 Scribendi genus, hoc ei fequendum
76 277 397 298 Sic vt hoc aliis item licere
73 305 494 336 Permittat. neq; quæ malignitas eſt
28 336 447 365 Inquit ille ſenex, viri imperiti,
28 365 447 395 Qui rectum nihil arbitratur eſſe
46 394 532 425 Niſiid quod facit ipſe, ſi quis aptum
74 424 442 453 Sibi forte aliud magis putabit
74 454 527 484 Dicendi genus, improbet ſequentem.
73 484 497 514 Nam genus Ciceronis illud amplum
77 512 586 541 Tantum, me Hercule abeſt, vt ipſe damnem
76 542 526 574 Damnem ſcilicet ipſe talpa & infans
31 574 496 603 Vt mirer mage, cernuuſque adorem.
31 603 392 634 At ſuperſtitioſulos probare
27 631 509 665 Quis poſſit, quibus omnia inuenuſta;
32 663 460 692 Inſulſa omnia, frigida, imperita.
74 693 588 723 Sunt, queis denique muta cuncta; quæ nom
72 722 476 753 Ad normam Ciceronis exigantur:
33 749 510 783 Quamquam ſi propius libebit ipſam.
73 781 485 812 Rem per ſe, ac magis intueri acute,
73 812 408 833 Iudicabimus id fere eenire
74 836 527 869 Vt nulli minus exprimant eum ipſum,
77 866 587 901 Quam qui vnum illud agunt; in hocq; toti
74 900 469 931 S. nt ſtultiſſima turba ſimiorum,
35 929 461 958 Ac ver pecus, iquit ille, ſeruum.
72 958 445 988 Inter tot pecudes, a vlla vultus
34 987 485 1017 Humani magis exprimit figuram,
34 1017 467 1047 Atque ſimia? qua tamen vel inter
35 1044 483 1074 Omneis nulla minus venuſta. nulla
35 1073 462 1109 Deformis magis eſt.an vlla geſtus.
36 1102 568 1136 Atq; omneis hominum prope actiones
671 1130 736 1159 Mage
441 1130 549 1153 Hhh
