872 1312
378 74 565 96 IOANNIS
121 113 566 145 Mage exacte imitatur? hincq; nomen
120 145 552 171 Nonnulli iſtud ei inditum putarunt
120 174 568 197 Verum nulla tamen vel inter omneis
120 203 522 232 Magis ridicula eſt, magiſq; inepta;
121 232 592 261 Nullumq; ex ſe alium illa præbet vſum,
123 261 683 293 Quam ſolum hunc, homini vt citet cachinnum.
120 290 551 320 Vſum talem imitatur, huncq; ſolum
121 321 534 349 Præſtat anxius, omniumque ſannis
123 350 511 379 Patens, ſimius omnibus vocatur,
123 378 575 410 Quj ſunt iudicio quidem haud inepto,
123 407 515 438 Non qui ſint quoq; ſimii, parique
124 435 610 460 Laborent vitio: horum enim eſt, viciſſim
123 466 481 495 Sibi applaudere, mutuoq; ſeſe
122 495 547 523 Mirari, aut mage reddere ex ineptis
121 524 435 554 Inſanos, ait ille; ſed peritis
123 554 496 584 Vere, quæque ſit eloquentiæ vis
123 583 540 614 Qui norunt bene, ſimii vocantur;
122 612 517 640 Et recte meritoque. nempe ſolam
122 641 463 671 Oris ſimius exhibet figuram
124 672 529 696 Humani, exteriorem & actionem;
124 701 541 730 Robur non ita corporis, minuſque
124 728 574 758 Mentis vim, quibus â ſeris quoq; ipſis
124 758 579 787 Multis vincitur, iiſque tam puſillis,
125 787 583 817 Quam magnis, mediocribuſque. Sic hi
125 818 469 847 Simii, valeant cutim, piloſq;
124 846 482 870 Fortaſſis Ciceronis exhibere,
126 873 581 907 Qdam verba videlicet; frequenſque
126 904 565 940 Plchre t intilianus annotauit
126 935 454 964 Ipi illud, cceatu eſſ, in ore
129 963 546 993 Dum ſententia terminatur. at vim,
130 992 586 1021 Roburque eximium eius, oſſa, neruos,
129 1021 525 1051 Venas ſanguine viuido rubenteis,
128 1051 556 1082 Ipſum deniq; ſpiritum, indolemque
131 1080 643 1109 Non habent; puta copiam illam amœnam,
134 1109 646 1141 Sed nuſquam immodicam, ſuperfluamque
766 1128 817 1165 E
