872 1312
344 88 532 110 IOANNIS
132 123 523 154 Si conferre ſimul vodes vtrumqs,
132 154 559 182 Spectare proprium vtriuſq; filum;
129 182 588 209 Nil diuerſum adeo eſt ab hoc, vel illo,
131 212 518 235 Inter ſe eſſe duo vt videntur iſti.
131 243 499 270 Latius Cicero vagatur vndans:
134 271 520 296 Arcto ſe tenet alueo iſte, verum
133 300 585 331 Non fortaſſe minus trahens aquarum.
135 331 503 359 Ille ſplendidiorque, ditiorque
131 359 505 388 Verbis; preſſior iſte, denſiorque
133 388 522 411 Rebus. Nil Cicero ferat ſibi addi
136 418 503 441 At demi ſibi nil ferat ſecundus.
133 445 559 476 In ſumma; hic breuis, ille copioſus.
133 477 473 499 Totum ſe tamen æmulationi
133 505 458 536 Addixiſſe ait iſte Tullianæ.
129 535 534 567 Cuius vſqueadeo â phraſi recedit
129 564 488 593 Vt nec velle putetur exhibere.
129 591 546 622 Nempe tempora verſa, diſpareſque
131 621 595 651 Tunc mores hominum iſtud es igebant.
133 653 504 681 Vt pulchr Tacitus prius citato
131 681 531 710 In libro exequitur, magiſque fuſe:
133 710 533 740 Non ergo Ciceronis æmulum eſſe
132 740 524 769 Eſt id quod faciunt ineptuli iſti:
133 770 513 800 Simium magis exhibere iure eſt.
132 799 502 828 Id quod ſilibuiſſet eſſe Eraſmo,
133 829 475 858 Non felicior hic fuiſſet vllus.
133 856 587 880 Sed hoc ridiculum eſſe ſicut hercl e,
133 887 460 918 Et laboris inutilis putabat.
164 916 544 945 Vt ſi quem excitet huius illiuſve
134 946 547 974 Curſoris celeris celebre nomen,
134 974 557 1004 Curſorque ambiat oprimus vocari,
135 1004 589 1034 Num quem propoſuit ſibi ſequendum
135 1034 492 1062 Obſeruabit ita anxie, illiuſque
138 1064 478 1093 Si veſtigia metietur, vſquam
136 1093 500 1126 Pedem vt figere non ſibi licere
138 1122 515 1150 Cſeat, niſi vbi ſuum ille fixit.
726 1154 808 1189 o-
