872 1312
705 68 747 95 ss
242 72 505 95 DAMPETR
68 109 481 140 uando curſor erit celebris iſto
73 137 511 169 Pacto? quando erit ille quæſo Ladas?
73 167 500 201 Qando eſt ille Philippides futurus?
74 197 495 229 Quando eſtille Philonides futurus?
73 227 476 259 Quos hoc nomine cenſuit vetuſtas
77 256 429 288 Dignos eſſe perennitate famæ.
105 281 637 315 Sed noſtrum vt repetat Camœna Eraſmum
77 316 414 340 Cuius dictio tota ſordet illis,
78 345 565 369 Illorum haud ita darnno nunc furorems
80 374 478 406 Vt ſequi libeat: genusque ſolum
78 405 505 432 Dicendi illud Eraſmicu probare,
77 435 551 464 Oantumuis lepidum. facetum, acutum,
79 463 499 492 Fucatum minus at nec ienuſtum,
81 492 554 522 Aſtrictum. ſolidumquc maſculumqueV,
82 525 560 555 Sic cutim haud adeo, comamque curans,
80 552 473 582 Firmis oſiibus vt ſit, atque neruis.
77 581 507 611 Non id nunc adeo tamen probamus,
83 610 489 642 Vt non percipiamus ipſi. Eraſmum
79 641 463 672 Sæpe nonnihil eſſe ncgligentem.
83 671 445 694 In rebus tamen iſta Chriſtianis
85 702 436 732 Negligentia gratia ac decore-
80 728 489 754 Suo non caret: vt nec indecora eſt,
79 758 479 784 Dum ne ſordida femninis venuſtis.
86 790 495 821 Immo quo patris elegantiarum-
80 818 501 847 Ponam Tullii ad A ricuim ipia pen?
86 848 477 877 Verba, culta ideovidentur eſſe
82 877 579 910 Qædam; quod fugiuntque, negliguntque
89 907 502 931 Cultum. Sic bene feminas olere
83 937 459 968 Qæ nil prorſus olent olere dici
88 967 490 994 Sicut & mcdici optimas aquarum,
83 993 538 1027 Quæ nil prorſus olent putant. & ille,
89 1024 518 1055 Mauult qum bene lere.nil olere.
93 1050 536 1077 Sic cultus vice non amare cultum eſt:
89 1081 481 1114 Et quæ negligit, hc viris honeſtis
89 1110 456 1139 Ferme cultior eſt amante cultâ
680 1135 759 1168 Atqus
473 1137 581 1166 Hhh
