872 1312
333 70 542 97 IOANNIS
135 102 653 139 Atque id verum adeo, vt quibus ſuprema et
135 132 474 164 Cultus cura ſui, tamen videri
134 161 521 195 Affectent etiam eſſe negligentes;
136 191 595 223 Sic nectuntque comas, vt hinc & inde
134 220 530 253 Vagos eſſe aliquot ſinant capillos,
134 249 550 280 Fugerint quaſi qui manum colentis
136 280 557 314 Se neglectim, aliudque tunc agentis.
128 308 576 343 Sic curam ſuam habet ſuum laborem,
133 338 496 371 Negligentia, diligentiamque
132 366 528 401 Vt hæc non male poſſit, aut inept
131 397 458 428 Negligentia diligens vocari.
162 427 549 454 At non ſic vitio velut vacantem
130 456 535 486 Negligentiam Eraſimicam tuemur,
130 486 477 515 Vt negemus eam ſupiniorem,
133 515 641 551 Securamque aliquando pluſquam oportet
129 544 550 574 Et quædam in genere abnuamus illi
130 574 498 600 Quæ præſtaret adeſſe, defuiſſ.
128 603 568 633 At quædam quoque Tullio abfuiſſe
127 630 493 663 Vltra illos veteres ptius citatos,
127 661 602 694 Quidam haud incelebres viri aſſeuerant,
129 690 567 723 Qui lapſus in eo haud leues notarunt,
128 719 566 748 Quibuſque eſt Aſianus, ac redundans.
127 750 595 782 Ourum iudicium integrum ſit, an non
124 777 537 813 Viderint mage qui dedere, noſtrum
124 807 604 841 Prorſum vllum genus improbare non eſt,
125 838 616 872 Quod quiſquam ſibi commodum putarit:
123 866 598 902 Diuerſum modo ne improbet ſequentes.
123 897 607 932 Nullum enim vitio vndequaq; purum eſt.
123 927 634 961 Nullum tam miſerum, vt ſit vndequaque
122 954 500 989 Non ipſe vlli adeo fuit benignus
122 985 522 1016 Vnquam uppiter, vt nihil deeſſet.
123 1012 509 1049 Nulli contra adeo fuit malignus,
123 1046 492 1078 Omnia vt penitus deeſſe vellet.
150 1074 594 1106 Verum vt regrediamur, vnde in iſthæe
120 1103 507 1135 Pigreſſi ſumus, ad libros Eraſmi.
724 1141 796 1163 Obla-
