872 1312
246 73 512 98 DAMPETRI.
68 112 494 138 Oblatrent licet hinc canes, & inde-
70 142 486 172 Gamniant licet hinc & inde vulpes,
63 172 402 202 Oppedat licet ipſa ſimiorum
71 198 478 231 Stulta & futilis hine & inde turba,
72 231 526 264 Sunt ipſi haud dubie, vt futurus auctor,
71 260 410 292 Perennes itidem libri futuri.
100 288 516 321 Ergo quid ſibi quæſo Parca ſumpſit,
74 319 472 355 Quid nobis ea ſuſtulit de Enaſimo?
74 348 565 380 Ni quod perminimum leuiſſimumque eſt.
74 378 586 410 At quanquam minimum leuiſſimumque-
74 407 569 440 Per ſe; quandoquidem illud ex Eraſno eſt
76 437 529 471 In quo inſignia cuncta, non profect
76 465 574 499 Non ſummum eſſe grauiſſimumque poſſit.
106 497 483 530 Quare propoſito, ſtyloque, verſo,
78 528 439 552 Venuſtiſſime Borboni, execrari
78 559 531 588 Non tecum nequeo, malamque tecum
61 587 491 617 Parcam dicere, quæ vtlibet puſillam
78 613 590 641 Partem ex tanto homine auſa vindicare eſt.
217 647 487 673 In etuſdem Eraſi obitum.
79 671 644 708 Luge orbis lugete homines, quicumque malign
108 704 564 738 Non eſtis: doctor veſter Eraſmus obiit.
82 735 549 767 O pueri lugete; loqui vt vos ille doceret,
111 763 549 795 Non veritus pueri ludere more ſenex.
84 794 507 826 O lugete viri; fari vt vos ille puellos,
67 823 560 853 Sic docuit ſanis mentibus eſſe viros.
84 850 581 885 Vosque ſenes lugete; quot is ſolatia vobis,
113 875 687 915 Certaque in inſtantem quam dedit arma rogum
84 911 623 944 His fultum, ſic mors vobis ſubduxit, vt illum
114 941 561 973 Cœlo, illum patriæ reddideritque ſibi.
86 966 615 1001 Sic in vos propri ſua mors hæc ſpicula torſit;
114 998 593 1029 Fundere vos lachrymas hac ratione volo.
85 1030 738 1060 Illum autem in requiem vexit, vitamque perennem;
112 1059 591 1089 Fundere vos lachrymas hac ratione veto.
87 1087 596 1121 Nam quia vos adeo læſit mors iſta, dolere?
91 1115 631 1155 us rogo vos ipſos, veſtraque damna vetet?
660 1140 757 1174 Quads
