872 1312
332 70 540 92 IOANNIS
135 104 714 135 Quando autem, quodvos læſi, tam profuit illi;
165 134 638 163 Qui rogo, vos eius commoda flere ſinat?
391 168 496 188 De eodem.
129 192 735 226 Abiectum cuicumque graue eſt ſpectare magiſtrum;
161 223 618 246 Ploret: Eraſmæum terra cadauer habet.
132 251 602 282 lle viri fuit, ille ſenis, puerique magiſter.
164 280 672 313 Defunctum ergo puer, virque ſenexque fleat.
126 310 624 342 Ille, inquam fari puerum non naris obeſæ;
161 338 631 370 Eſſo virum docuit; ſtrenue obire ſenem.
126 369 674 398 Quod docuit; fecit, ſapuit fatusque diſerte eſt:
162 399 584 421 Hoc nemo tandem fortius oocubuit.
127 427 686 456 Si tamen occubuit: nam corpore libera tantum
160 456 644 486 Mens ſuperas petiit, venerat vnde. domos:
121 486 593 516 Cuius & in terris ſeruarat iuſſa magiſtri,
160 515 589 546 Perpetuis fcuitur perpes & ipſa bonis
121 541 721 579 Sic mors lætitia eſt magis hæc, quam cauſa doloris;
159 574 607 602 Carmina ſic igitur vertere prima libet:
122 598 689 632 Felicem quemeumque iuuat ſpectare magiſtrum
157 631 660 664 Plaudat; Eraſmæum ſidera pectus habent.
330 663 530 691 Eicſdem argumenti.
125 691 684 724 Doctus Eaſmus obiit. lugere aplaudere fas ſit,
158 719 616 750 Neſcio,ni nobis fas ſit vtrumque magis.
121 750 658 779 Nam quiaſublatus nobis hac morte magiſter;
157 779 620 809 Nos lugere ipſos, noſtraque damna licet.
128 808 650 837 Sed quia cœleſti ſie redditus ille magiſtro eſt;
155 837 633 860 Plaudere ob illius commoda tanta decet.
348 871 496 889 Petro Boccatic.
125 898 516 926 Ex quoecarmina quæ tuo meoque
125 925 484 947 Miſiſti hiſce diebus Audeberto
125 955 516 984 Perlegi; vehemens repente cœpit
124 984 448 1007 Me deſiderium mei tuorum
125 1014 533 1043 In gregem inſinuandi amiculorum
124 1043 578 1073 A dmirator enim omnium elegantium.
124 1071 616 1103 Summus ſum ingeniorum, & vn amatot,
121 1103 470 1133 uorum præcipuc eruditioni
698 1123 820 1162 Candor
