872 1312
696 73 736 94 5
257 77 520 103 DAMPETL
66 116 513 145 Candor ſit comes atque iuncta virtus.
69 144 510 173 Horum de numero eſſe te probabants
61 175 484 208 Neque idquolibet in loco graduve,
68 207 398 234 Docti illi eximie tui pricres,
72 236 426 264 Probauere etenim recentiores
74 262 482 298 Scripti ad me lepidiſſimi Phaleuci,
72 293 535 329 Qui, cum te dare poſſe magna iam nunc
72 322 500 356 Monſtrent attamen ampliora multo
77 353 463 387 Si pergis modo pollicentur olim.
74 382 456 416 O perge obſecro perge, ne reſiſtas
74 412 530 446 Iam prouectus eo vſque, quo velim me,
74 441 589 477 Quanquam annis puto plurimis priorems.
77 471 503 506 Perge, inquam, rogo; te nota nec vlla
78 501 428 530 Permittas leuitatis inquinari.
82 529 540 565 Ne præclarum adeo & bene inſtitutum,
79 561 479 588 Felicem ſimul hactenus, remitte
1 564 26 584 s
81 591 548 619 Curſum ne obſecro, deſere ante metam,
71 622 447 654 Succeſſuque ſuo ſinas carere.
75 650 535 684 Ne ſpem deſtituas meam, omniumque
83 678 510 712 Artes qui ex animo colunt honeſtas;
83 710 544 740 Non illarum ope commoda occupantes
84 736 528 772 Fluxa, ipſas magis idque propter ipſas,
81 771 487 802 Cultoresque pari colunt amore.
82 800 460 837 Qui de te ſibi credo pollicentur,
87 828 471 857 S norunt bene te, tuasque does,
87 857 524 891 Olim maxima, nec minora quam nos.
87 890 420 917 Ne fructu ſine me mei carere
87 918 549 950 Voti, quo in numero eſſe me tuorum
89 946 462 979 Opto. participemque diſciplinæ
87 975 448 1006 Tuæ olim fore ſpero ſingularis.
87 1001 601 1039 Hunc fructum puto maximum optimumq;
90 1038 469 1067 Eſſ amicitiæ vnicumque venor
90 1063 493 1096 Ex his quos facio paroque amicos.
91 1093 423 1127 Optarim tibi poſſe polliceri,
91 1117 564 1152 Oanquam itud facile imo præſtitiſſe
724 1144 757 1166 Be
