872 1312
322 78 530 102 IOANNI
124 111 525 143 De nobis paria: vtque ſit, velimus,
123 142 566 175 Res qualem facis eſſe noſtra: quam tu
123 170 454 200 Illuſtrem facis e tenebricosâ
124 200 558 233 De muſcaque elephanta, deque paruo
123 229 572 261 Reddis Lagone maximum Gigantem:
123 257 574 292 In quâ & ingenium, eloquentiamque
123 288 440 312 Exercere tuam videre velle.
124 315 572 348 Qualiſcumque tamen ſit, id quoda me
124 346 514 376 Poſcis verſiculis tuis, nimisque id
123 373 571 406 Submiſs, & timide, in tuo ære pridem,
121 403 570 432 Iampridemque tuum eſt vt in meorum
122 432 493 464 Nimirum numero ſinaris eſſe.
121 462 517 492 Nam mox vt mihi ſunt tui priores
121 490 483 515 Lecti verſiculi eſſe id inchoaſti.
121 521 493 550 Ac te protinus inde cœpi amare,
122 548 462 579 Vt dixi. ſimul occupauit illud
122 579 521 611 Me valde vehemens & acre votum,
120 606 549 634 Viciſſim in numero tuorum vt eſſem.
122 636 536 666 Quod ne ſollicite eſſet ambiendum,
118 665 465 694 Fecerunt numeri tui recentes,
119 694 541 721 Miſſi heri mihi noſtro ab Audeberto
118 724 493 753 Auctor qui fuit huius vnus inter
119 754 503 784 Nos amicitiæ; omnium profect
117 782 581 813 Dignus, non mod noſtro amore, verſu,
116 813 455 840 Inquam, miſſi ab eo tui fuere,
117 840 432 869 Teſtes vt variæ eruditionis,
117 870 451 902 Tuæ ſic etiam benignitatis,
118 900 531 929 Candorisque modeſtiæque ſummæ.
117 929 533 960 Nam voti neoue dum tibi explicati,
116 956 450 988 Liberalirer hiſce fio compos.
118 987 546 1019 Qodque erat mihi poſtulare certum
115 1016 538 1047 Aos te ſponte mihi oſlerunt & vltro.
117 1046 468 1073 Quod tanto ſtudioſius tuebor,
116 1075 514 1105 Et tanto mihi gratius futurum eſt,
119 1105 526 1139 Qa nto candidius benigniusque--
735 1140 805 1169 Abs
