872 1312
238 70 503 94 DAMPETRI.
63 107 560 137 Abs te, ae ex animo eſt magis profectum.
63 137 539 168 Etſi abs te quoque non minus tuendum,
64 167 462 198 Nec minus tibi debet eſſe gratum,
66 194 558 230 Quod hic offero, qualecunque tandem eſt.
55 227 465 259 Abs te nempe licet ſit id rogatums
66 256 524 285 Attamen dederam ante ſponte & vltro.
66 285 500 319 Ergo me precibus quidem occupaſti,
67 317 451 348 Rogaſtique prior; ſed occupatus
68 346 582 373 Dando cs: nam dederam ante quam rogares.
70 376 496 403 Oblatum tamen vt ſit hoc vtrinque:
69 404 473 437 Reuera fuit hoc enim aut profect
70 437 561 466 Fuit propoſitum, inque voto vtrumque.
70 464 534 493 Habet me bona ſpes vtrumque noſtrum
70 493 483 527 Illius quod vterque vtrinque ſumit
72 524 437 549 Cuſtodem fore mutuo fidelem.
71 551 526 586 Atque amicitiam hane vtrinque firmis
72 584 478 611 Vinclis imo adamantinis, ligatam,
74 612 477 645 Nam quæ vincula firmiora, nexis
72 642 436 669 Inter ſeſc enimis amore caſto?
72 671 513 701 Futuram facilem optimamque cultu,
73 700 526 732 Fauſtam perpetuamque; nempe ſancts
74 730 507 760 Muſarum auſpicio atque Gratiarum,
74 760 517 790 Et Chriſti ſimul optimi, inchoatam.
315 792 403 812 Truchio.
75 818 472 850 Inuitaui ego te, Truehi, ſed vnum:
76 847 544 882 Atque vmbram pariter tuam, ſed vnam.
76 876 544 911 Iam quid corpus ad vnicum tot vmbræ
74 905 510 936 An vmbras etiam trahunt & vmbræ?
231 1032 587 1062 CLEMENDERII.
165 1070 657 1103 Germano udeberto. ad Romam eius, post cle-
339 1106 496 1128 bratas Venetias
658 1129 743 1155 Stantia
