872 1312
286 70 632 93 ANIANIDECONTII
133 104 660 156 Tantia ſi magnæ vidiſſet mœnia Romæ,
199 134 680 164 Quanta ſub imperio Conſulibusque fuit,
139 163 593 193 Vt Venetæ vidit ſpirantia penetrophæa
169 192 624 223 Vrbis, & expoſitas aduena gratus opes:
133 222 601 250 Non ita ſudaſſet vates tuus, & tibi priſci
168 251 617 280 Integer imperii, Roma maneret honos.
137 280 652 310 At quanto eſt maius, longa carieque, ſituque
167 309 540 337 Obductis cultus reſtituiſſe ſuos:
139 338 717 367 Quam claræ incolumes vrbis ceciniſſe triumphos,
165 367 562 388 Et ſaluum illæſis reſtituiſſe decus.
136 396 557 426 Hoc maior vati debetur gratia, cuius
164 426 652 455 Semiſepulta prius nunc ope, Roma nites:
135 455 666 482 Sicque nites, vt damna tibi ſint nulla timenda
163 483 607 511 Amplius, h e ſtabilis ſors.& amica tibi.
135 512 754 541 Cœmentum hoc, lymphis tinctum Permeſſidos vndæ,
161 541 605 572 Firmius a longo tempore robur habet.
129 571 616 599 Vos vero o ciues ſcalpro quos terſa recenti
160 600 580 622 Purior irradiat lumine Roma nouo.
131 628 698 657 Quid non ſperetis?vos Gallia perdere quondam
160 658 611 687 Auſa, ferox pœnas ſub iuga miſſa dedit.
128 687 640 709 Nunc ſubit hoſtiles animos concordia fœlix
158 715 643 746 Sic ſeſe impediunt expediuutque vices.
127 746 695 775 Collapſam reparat Gallus modo, perdere Gallus,
155 775 616 804 Quam ſtantem frecus virbus auſus erat.
123 804 672 833 Et reparat largo cum fœore. tu quoque Roma,
154 833 590 862 Munere pro tanto, ſi pudor vllus ineſt.
128 861 623 891 Cum nequeat pretio penſari grata fatere
151 890 582 920 Eſſe ſupra vires munus opesque tuas.
257 989 655 1019 CNOMANENSIS.
317 1032 561 1052 De Mluret luuenilias,
104 1060 565 1119 VIs, Lector, tragici ſonum cothurni,
160 1086 546 1114 Vis, lector, numeros Catullialus,
733 1118 812 1144 is, u
