872 1312
259 66 447 88 DOLETI.
52 89 575 134 Apud rapacem Mortem, acreisque Parcas.
51 133 634 171 Quantum olim valuit diſcendo, voce dum diſerta
52 165 493 194 Romæ cateruas flecteret ſtupentes
52 191 607 223 Viueret incolumis, nec funere concidiſſet atro,
52 225 502 252 Dignus perenni temporum recurſu.
52 251 662 283 Sed viuit, neque morte vlla exſtinguctur, arce tectus
52 283 507 313 Famæ micantis, nominisque magni.
52 309 639 342 re perennius exegit monumentum, ad aſtra latè
52 344 524 372 Laus cuius ingens & loquax volauit:
52 372 652 408 Quod non annorum ſeries nec flatus impotentis
52 402 487 433 Auſtri, nec imbres diruant edaces:
52 432 619 462 Sidera dum cœlo hærebunt, ac vrſa obibit axem,
87 462 501 491 Curſuque tardo per polum meabit.
60 492 643 522 Longolio Heſperii, quique ortum Solis intuentur,
87 522 507 551 Omnes viciſſim gloriam vouebunt:
60 550 684 581 Hinc igitur procul, hine procul abſint næniæ ſepulcti,
79 582 550 613 Luctusque turpes quos anus refundunt.
173 613 493 641 Epitaph. Petri Anglerij adoleſc,
58 640 312 669 Rediit ad ipſum cert
58 671 407 700 Illum locum, vnde aliquando
58 700 328 721 Furtim inſalutata alma
60 730 313 755 Matre, & choro Pierio
57 759 426 789 Repſerat in hunc imum orbem,
57 790 339 820 Palladis alumnus carus:
58 819 363 847 Suo quem abeſſe amplexu
57 848 339 879 Diutius gnatum ægro
57 879 366 908 Animo tulit Diua parens:
43 907 325 936 Ingemuit omnis etiam
57 937 382 961 Cohors ſororum Aonidum,
58 966 329 997 Suauia ſolita non a ſe
37 997 259 1025 Pueri labellis figi,
55 1026 278 1048 Pulcre vbi ſedebat
57 1056 352 1085 Pitho & Latina, & Græca.
83 1085 326 1106 Hoc hercle deſiderio
50 1111 330 1145 Motæ Deæ impotenter
687 1143 723 1168 Et,
