872 1312
318 72 611 94 sTEPHANI
126 105 618 140 Fruſtra, Venus, mihi iecur tentas nouo
160 136 440 165 Igne: ad tuas obdurui
128 166 625 196 Flammas. nihil mihi tecum iſto tempore
191 196 524 225 Commune certe eſt. impetus
132 225 555 254 Cœcæ iuuentæ dum ferebat, & calor
193 254 417 277 tatis effrenæ. tuis
130 283 576 313 Plus fortequam caſtum decebat, parui
191 312 560 343 Iuſſis: fuit gratum improbo
130 343 592 371 Amore vinci. at alter ignis iam occupat,
189 369 451 399 Diu nimis qui canduit
130 401 561 429 Incendio tuo: alter ignis me occupat
155 429 445 459 Ignis pudicæ Palladis;
133 460 617 487 Sanctusque literarum amor, decens amor
188 488 434 511 Mhifurit furit mihi
125 508 571 550 Ille in medullis alladis decensamor
192 547 518 580 Quem nec pharetratus puer,
125 567 539 603 Nec tu dolis vllis repelles, vt locum
159 605 491 634 Spurcis relinquat luſibus,
129 633 606 664 Abi in malam crucem, Dea impudica abi
188 664 447 694 Mortalium peſtis fera.
131 693 646 722 Qud nune niſi actutum vſpiam te conferas,
104 743 536 784 ooom
187 722 444 747 Ac deſinas laceſſere,
185 782 567 812 Vultu, quem habet tectum ægide
104 804 597 839 Pallas. quid? an vim numinis tanti feres
184 840 459 862 Imbellis & mollis Dea?
343 872 524 892 Ad Gul. Scæuam.
126 898 586 929 Te iure laudant multi ob eloquentiam,
126 929 614 954 Atque eruditionem inauditam & nouam.
124 956 564 987 Hæc iure multi prædicant, ego quibus
124 985 569 1012 Adſentior libens: ſed eſt aliud tamen,
125 1017 662 1048 Quo te magis laudem probem atque diligam:
124 1045 651 1069 Grata eſt mihi illa ſua uitas morum & decens
123 1074 608 1107 Candor, tibi quo vel truces poſſis Scythas
123 1107 567 1140 Et arbaros Getas cito coniuigere-
754 1139 794 1160 De
