872 1312
322 75 601 101 sTEPH. DOLETI.
134 113 737 145 Huc quos tangit honor, quos gloria tangit adeſte:
164 141 640 173 Vatibus hæc tantum laudis aperta via eſt.
299 175 566 202 Lutetiæ Pariſiorum laudes.
133 200 759 232 Diua, quæ turbam gubernas virginum Libethridum,
135 231 694 262 Tuque dux collis virentis ſemper, O vatum pater,
129 257 792 292 Sume age arnaſi huo pedem
133 288 791 321 Confer, & chordis nouos cantus moue, & carme nouum.
132 317 740 349 Oppido huic adſurge, quod turres ſuperbæ muniunt,
133 348 722 377 Amne quod pulcro Sequana vndoſa præterlabitur,
134 376 664 406 Et quod ingens ambitus muro tuetur triplici:
122 406 708 437 Ver quod æternum ſerenique aura cœli temperat,
130 435 599 460 Ac diei auctor ſonet Titan amico ſidere.
130 459 680 493 g,, ſua huie vrbi Lyæus, non Cybelle munera,
133 493 731 523 Non Napeæ floridos campos negarunt, nec comas
133 521 728 550 Arborum quæ vim caloris ſubleuent, dum feruidus
134 552 665 582 Sol magis candet, ſitique agri dehiſcunt aridi.
134 580 695 610 Huic ſimul, quæ fontibus pr æſunt puellæ Naides
133 609 698 638 Fontium huic vrbi dederunt non lutoſos alueos.
133 638 739 665 anc ſibi Muſæ domum olim vendicarunt artium
130 666 747 699 Nobilem cultu, bonique æquique ſeruantiſſimam
131 697 746 729 Atque eo illuſtrem Senatum, qui Catonum moribus
134 726 640 751 Tetricis non cedat aut cuiuis ſeuero iudici.
132 755 717 785 Plura quid dicam ? quibus floret viris non barbarâ
132 785 671 816 Aut agreſti mente, ſed quos ipſa Pallas in ſpecu
133 814 646 842 Aonis fouit velut charos alumnos molliter?
132 843 734 872 Heu, quam Athenæ ceſſerunt famâ libenter, ſi decus
133 872 709 904 Huius vrbis ſentiant aſtris poli addi quam libens
133 902 664 933 Roma cedet nomine excelſo, & vetuſtâ gloriâ,
134 930 727 963 Si fretum terramque laude huius crepare exaudiatl
247 1000 703 1047 I V
384 1051 514 1079 Ad Auram.
125 1072 737 1136 Rigidula Aura leui quæ circumagitata ſuſurro,
196 1107 613 1139 Inſultas patulis rura per arboribus:
736 1136 825 1168 ran
