872 1312
253 87 545 112 LVCII DVCATII.
72 116 604 157 Tuneetiam mala, tine meæ roſea ora puellæ,
90 154 619 186 Q premit in molli gramine blanda quies.
72 183 588 215 Heic ſubter ſalices temere percurris opacas,
112 212 578 245 Qu vireus querulâ luſitat amnis aquâ?
72 239 650 274 Hocque parum eſt: niueis repis interfuſa papillis
72 273 551 303 Ldis & in tenero, vagula aura ſinu?
72 302 618 334 Ahlmi vtinam tecum liceat colludere, nec me
112 333 606 362 Aiceat improbulâ quod ſolet illa manu.
72 362 603 393 Illictot cupide tecum raperem oſcula, totque
109 393 613 422 Ripta darem,quot habet ſpicea ſerta Ceres:
71 422 647 453 a Qulia cum primunthalamos Aurora relinqui
113 452 518 482 Attica in Hyblæo vertice libat apis:
83 482 601 512 Qulia Tyndaridos dedit inter eburnea Ledæ
108 512 557 535 ba chia, cam dulci carmine fuſus Olor.
72 541 560 573 Aliti: illa ſui modo collanitentia mulcet,
109 571 546 601 Nme fonet in placido lucida ora ſinu
71 600 604 635 suid facis? hic qui teniueis amplectitur alis,
110 631 482 662 Sæpe aliis alias luſit imaginibus.
72 660 622 694 Tequeuis dum blanditiis dum carmine molli
108 690 518 719 Delirt. pulcra Tyndari progenie.
72 719 591 750 Prægnartem, gemino quæ ſe mox exerat ouo,
109 748 492 778 Et ferat celeri laude polos, ſaciet.
72 778 615 812 Sicego i mſciolæ Dominæ aureolo fluitarem
110 808 571 837 Qualitr in criſpis frondibus Anra ſinu:
72 837 555 866 Leniremque tuos, Titan formoſe, calores,
108 866 616 899 Er ſimulhas, queis me torrer Amor faculas:
72 896 607 928 Has faculasquas de lacrimis miſerabilis auis
108 926 581 956 Qualeis n vaſtis fancibus tna vomit.
72 946 568 985 Has taculas, cuæ nil Lygiæ mouere ſuperbæ
107 984 561 1014 Pectora, Mygdonio dura magis lapide.
71 1009 642 1042 Sed neque lenrem has faculas; verum puer ille
72 1042 652 1072 Quantum hbet in pharetrâ Cvprius ebiberem.
72 1067 657 1103 Mox cum lucidilo vſque ſinu, fluida Aura, ſatis me
92 1098 558 1131 Voluiſſem, ſats heic ſi mihi quid facio;
72 1125 671 1161 i Meraperem temè in roſea ora,imasque medullas,
705 1161 748 1185 Es
