872 1312
253 87 545 112 LVCII DVCATII.
711 94 748 116 s
1 116 604 157 Tuneetiam mala, tine meæ roſea ora puellæ,
90 154 619 186 Q premit in molli gramine blanda quies.
44 183 588 215 Heic ſubter ſalices temere percurris opacas,
112 212 578 245 Qu vireus querulâ luſitat amnis aquâ?
43 239 650 274 Hocque parum eſt: niueis repis interfuſa papillis
1 273 551 303 Ldis & in tenero, vagula aura ſinu?
2 302 618 334 Ahlmi vtinam tecum liceat colludere, nec me
112 333 606 362 Aiceat improbulâ quod ſolet illa manu.
1 362 603 393 Illictot cupide tecum raperem oſcula, totque
109 393 613 422 Ripta darem,quot habet ſpicea ſerta Ceres:
1 423 647 453 a Qulia cum primunthalamos Aurora relinqui
113 452 518 482 Attica in Hyblæo vertice libat apis:
83 482 601 512 Qulia Tyndaridos dedit inter eburnea Ledæ
108 512 557 535 ba chia, cam dulci carmine fuſus Olor.
1 541 560 575 Aliti: illa ſui modo collanitentia mulcet,
109 571 546 601 Nme fonet in placido lucida ora ſinu
3 600 604 637 suid facis? hic qui teniueis amplectitur alis,
110 631 482 662 Sæpe aliis alias luſit imaginibus.
1 660 622 696 Tequeuis dum blanditiis dum carmine molli
108 690 518 719 Delirt. pulcra Tyndari progenie.
1 719 591 750 Prægnartem, gemino quæ ſe mox exerat ouo,
109 748 492 778 Et ferat celeri laude polos, ſaciet.
1 778 615 820 Sicego i mſciolæ Dominæ aureolo fluitarem
110 808 571 837 Qualitr in criſpis frondibus Anra ſinu:
45 837 555 866 Leniremque tuos, Titan formoſe, calores,
108 866 616 899 Er ſimulhas, queis me torrer Amor faculas:
2 896 607 946 Has faculasquas de lacrimis miſerabilis auis
108 926 581 956 Qualeis n vaſtis fancibus tna vomit.
30 947 568 985 Has taculas, cuæ nil Lygiæ mouere ſuperbæ
107 984 561 1014 Pectora, Mygdonio dura magis lapide.
1 1007 642 1042 Sed neque lenrem has faculas; verum puer ille
70 1042 652 1072 Quantum hbet in pharetrâ Cvprius ebiberem.
2 1067 657 1103 Mox cum lucidilo vſque ſinu, fluida Aura, ſatis me
92 1098 558 1131 Voluiſſem, ſats heic ſi mihi quid facio;
1 1119 671 1161 i Meraperem temè in roſea ora,imasque medullas,
835 1129 870 1171 I
505 1161 588 1186 li
705 1161 748 1185 Es
