872 1312
175 117 703 145 Et mecum flammas quantum habet ille puer.
144 146 638 175 Nec mora; miſcerem totis incendia venis,
177 176 611 206 Qalia mi toto pectore miſcet Amor.
145 206 701 234 Inde vbi iam Ligia in cineres tot ab ignibus iret,
176 235 604 264 Aut face liquiſſent corda Cupidineâ.
147 264 747 293 Subriperem me molliculo cum murmure, & ore
176 293 542 317 Euolitans, dulci baſiolo fruerer.
145 322 703 357 Hei mihi, quid vanis animum pruritibus ango,
176 352 576 381 Inter cœca meæ ſomnia nequitiæ?
144 381 586 415 Me miſerum, ſi quâ ſecure luſitat Aura
167 409 617 442 Sæpe & in inculto luſitat Aura ſolo.
144 439 631 469 siqua ſe Ligia, illa tuis repit Aura papillis
178 470 598 494 Secure, hc oculis non licet ire meis.
146 497 662 528 Felix Aura, Dcûm ſruere, Aura beata, fauore;
176 527 650 557 Et pro me Dominâ dum ſinit illa meâ.
147 557 747 586 Inuideo tamen, Aura, tibi, & cupio male, quantum
177 586 691 616 Ois cuiquam potis eſt peſſime, & ex animo;
145 615 688 646 Ni mihi tu his furtim venis, his oſſibus ignes
173 645 590 674 Inſpiras illos me quibus vrit Amor.
141 674 639 703 Et dum tu Dominæ alludis iaſciua, tibique
175 704 632 733 Iæc ſe aperit toto pectore, me inſinuas.
292 735 602 762 Slus, Nymphi, Satyris Muſis.
145 759 693 790 Vos ſiluæ. & faciles ſiluarum numina, Nymphæ,
176 791 616 822 Semiuirique capri ſemicaprique viri;
146 821 677 857 Quque leues gelidis choreas inducitis vndis,
176 849 755 881 Quæque biceps colitis quam colo turba ugum:
131 880 649 912 Vos toties noſtris ſenſi ingemuiſſe querelis,
173 909 658 940 Dum nulla a Gnydio pars vacat igne mihi
144 938 696 968 Forian & e vobis aliquis mora nulla dolrem
174 968 518 997 Exſtirpaturus, ſi licuiſſet erat.
143 995 710 1029 Hoc quia fata vetant miſero leue funus aanti,
173 1026 671 1062 Quod ſupereſt fuerit vltima cura dae.
141 1053 755 1086 rigite & tumulum, & tumulo breue curmen agreſtii
171 1086 617 1116 Addite, quod violæ lilia alba grauent.
141 1113 738 1140 Carmen erit: fera nors duro hunc inudit Amori
751 1140 818 1176 Huic
