872 1312
307 78 525 100 DVCATII.
118 117 599 146 Huic illa, & nobis, plus tamen ille, nocer.
283 147 498 174 Iano Antono Baifio.
84 176 623 206 Sic mihi ſis oculisque meis, imisque medullis
91 207 602 238 Semper, vteſſe ſoles, carior atque animâ;
83 236 643 269 Sic mihi dum liquidum luſtras Helicona, Lait,
123 266 559 294 Et tua cum Muſis dulce canit Melite;
95 295 639 326 Num ſtupor, aut virides lauros aut adſita lauris
123 325 620 356 Flumina? num Muſas tunc habet inuidia?
97 355 681 384 Cert habet: & ſibi forte tuos, ſua munera, cantus,
111 384 623 427 Qucis illam celebras tum tacite obiiciunt.
299 417 512 436 Gallæ Baccho votum.
95 445 620 475 Expreſſos ficeo in calatho tua Galla racemos,
126 475 598 508 Oueis iterum vagulæ decipiantur aues.
99 503 628 535 Bacche, racemiferæ vitis ſator, optime Diuûm
127 534 566 565 Euie, qui thyrſo tempora cincta geris:
84 563 580 599 Bacche tuis ſupplex aris appendet, & orat,
126 592 581 624 Si quid pro tali munere Galla meret.
97 623 588 654 Vt ſibi, quas cultâ de vite recondidit vuas,
127 653 487 684 Ad ſolatiolum dulce puerperii
84 681 686 715 Non magis â lento putreſcant frigore, quâm quas
125 712 495 736 De viua ductas dedicat arte tibi
359 744 434 763 Dianæ.
84 769 630 803 O Dea, quæ nemorum colis inuia certa ſagittâ
125 802 498 834 Præpete ſetoſi figere pectus apri:
84 828 658 871 Ecquid ad ignotas dum fertur Hyanthius vndas,
126 860 504 888 Et tractu ſiluæ luditur ambiguo:
84 885 648 922 Ecquid habet ſceleris? fors huc, vbi feſſa ſecutæ
129 919 603 950 Cæde feræ gelido flumine membra lauas.
83 947 568 978 Incidit; & vidit quæ nonvidiſſe licebat,
127 978 562 1008 In liquido nudas fonte pharetrigeras.
84 1003 625 1038 Proh ſcelus ille feras, non vos, venatur. at irâ
127 1033 624 1065 Rumperis & pœnam criminis error habet
84 1063 685 1097 M En miſer, & ſumptis modo cornibus, alter ab illo
127 1094 586 1123 Cui fulſit roſeo primulum in ore decus.
84 1121 656 1154 Heu vix ſemianimis, & humi proſtratus, & omni
699 1152 760 1172 Parte
