872 1312
373 72 537 96 AA
167 106 603 138 Parte Iacer, catulis & noua præda ſuis.
138 135 691 173 Villoſas ſalſo imbre genas irrorat, humumque
167 166 585 194 Vngula in ignotâ calce bifurca ferit:
135 194 793 230 Et dominum neque turba canum, neq; turba clientum
168 223 735 261 Agnoſcunt: hominem formaque voxque negant.
129 252 676 283 Ecquid te tot,biua mouent? moous
167 283 588 315 Acrius impacto vulnera dente iterat.
138 310 663 345 Obduras tamen: at quam te ecor ille, Diana,
163 342 528 371 Illa viri facies, dignior ille fuit:
134 369 720 408 Ahtea virginibus queis cum nihil improbus egit
164 400 594 429 Cyprigena feritas ah,ea duritia eſt
380 436 499 454 In Proreum.
135 459 713 490 Magne pater, magni liquidus maris incola Proteu,
143 487 627 522 Qui fera, qui ſubito fis vir auisque dolo:
129 517 664 551 Dic age, ſi cunctas ineunt tua membra figuras:
161 547 597 581 In mediis fieri quei potes ignis aquis?
350 580 540 600 De Ioui cerebto.
133 604 666 636 Viderat armiſeram magni de fronte Tonantis
161 634 574 660 Pallada more nouo deſiliiſſe Venus.
130 662 633 691 Riſit, & adcurrens Iunonis ad atria: mirum
161 692 663 726 Caſtra vir ille tuus, non caput, inquit, habet,
343 726 559 753 llyadi Veneri votum.
131 750 646 786 Ille tuo tories nequicquam agitatus ab igne,
162 781 675 815 Siluicolam Nicoben dum miſer ardet Hyas;
129 810 670 840 Hunc tibi de viuo ſalientem marmore fontem,
160 841 626 869 Quo nulla eſt Sicelis dulcior vnda, dicat.
129 868 567 903 Sint, Dea, felicis per te primordia voti,
159 899 650 927 Quod nouus in duro vix mod amore tuli.
128 927 647 960 At poſthac meliorque meis aduerte querelis,
157 956 616 990 Et face me Niobe candida ſemper amet.
126 987 656 1020 Has circum ripas, viridanti vmbracula myrto,
156 1017 572 1042 Mecum lacteolâ conſeret illa manu.
127 1045 692 1079 Quique tibi pecudes ab aquis atque arbore ſacræ
154 1075 604 1101 Arceat, effoſlam rubus obibit humum.
127 1105 654 1139 Hoc etiam,quod tam lepidos teſtetur amores
696 1139 804 1165 Iciſum
