872 1312
288 77 504 100 dDVCATII
698 78 738 101 sp
102 115 547 140 Inciſum in viridi cortice carmen erit:
1 145 597 175 Atſit Hvas ioben, Niobeque potitus amata,
102 174 534 206 Hoc poſuit facili præmiolum Veneri.
297 206 435 232 De amore ſio.
1 232 701 279 Imbre alius pulcrum in Danaes gremium fluat aureo;
103 263 544 294 Bos alius fugiat per mare; cantet olor.
36 287 641 332 Nil moror hosSuperûm vanos in amore labores,
106 323 541 354 Si Lalagen obuli vel duo mi dederint.
325 354 440 379 De rocale.
22 377 586 419 Semper eget, miſero Crocale mendicior Iro,
104 411 549 441 Ieiuno Crocale gutture ſemper hiat.
38 435 575 479 Ruga genas pridem vetulas obduxit anilis;
106 471 646 502 Tentigo miſeram nunc quoque rumpit anun.
40 499 576 533 Illa Deos orans, vel opes concedite, poſſim
108 529 590 562 Os quibus & cunum paſcere diues anus.
39 559 531 597 Aut date felices annos: felicibus annis
107 589 499 620 Ora ſua paſcent mobilitate nates.
292 618 513 646 ens a Cupidine læſa.
79 645 654 680 Dum iuga, dum virides luſtrat Venus aurea ſiluas;
108 678 549 709 Et petit amplexus, pulcer Adoni, tuos;
1 698 557 745 Hæſit adunca pedi tenero paliurus, & exit
110 735 555 764 Hine cruor: at viſo Diua cruore gemit.
42 762 642 803 Ad gemitum coëunt Nymphæ, coit aliger infans,
110 795 567 822 Et dolet & lacrimis vulnera cruda rigat.
24 823 586 856 Molliaque argutis immiſcens oſcula verbis,
110 853 568 886 Ecquis. ait genitrix tam ferns iſta facit?
83 880 664 913 Cui Dea: tune ille es puer improbe dum mea figis
107 911 602 942 Pectora, & hæc etiam per loca ſenta trahis?
312 945 453 970 Iſis ggyia.
21 966 672 1002 Ante puella fui: bouis hinc mihi fumpta figura eſt:
1 998 616 1047 Nunc Dea, qua rapidus Nilus it amne, color
289 1031 455 1058 De Tito Ngeo.
47 1053 687 1089 Bis duo iam doctis nequicquam impenſa Camœnis
111 1086 569 1120 Luſtra, duoque Titus altera perdiderat:
1 1088 51 1116 i
86 1117 571 1151 Cum gemuit primi iacturam patruusæu,
678 1141 747 1166 Iudo-
