872 1312
405 73 541 95 r VCII
175 108 636 139 Iæc quoque victori portige, victe. tuo.
142 137 718 169 Cui Deus arcitenens: iſtud non deprecot inquit;
172 166 625 197 Sed prius hanc Veneri caſſida redde tuæ.
401 200 535 220 In ulicum.
139 223 709 254 Luſcus es, & quæris cum quo experiare furorem
173 254 656 279 Martis: in Andabatas, Aulice, bella moue.
402 287 524 307 De Polmo.
141 311 663 344 Dum furit inſano vexatus amore Polæmus,
171 342 645 369 Adque fores Dominæ ringitur imbre ſuæ;
139 370 767 400 Quid moror infeſtas quibus heic, ait, opptimor vndas;
170 400 674 428 Ignis ab hoc vires cum meus imbre ferat?
375 432 551 459 ſater Sprtana.
140 458 626 485 Viderat pugnâ timidum ſecedere natum,
169 487 594 518 Et darefemineæ tcrga Lacæna fugæ:
132 512 641 547 Eminus erclamat, ſublatis veſtibus; ecquo
168 546 686 576 Pergis? an hæc repets viſcera, germen iners?
389 577 529 605 Tiri ſomnium.
135 597 665 635 Noxerat, & ci poſt multa inſomnia nummi,
168 632 639 664 Vix miſero alma Tito ſoluerat oſſa quies:
137 661 673 693 Cum ſubit attonitos duiâ ſub imagine ſenſus
165 691 616 719 Morpheus, & cupido fert ſua vota viro.
136 721 703 752 Dæmona namque ducem per rura aprica ſequenti,
164 750 606 780 Aurea ſub viridi lamna reperta ſolo eſt.
136 779 638 810 ic Titus exultat, ſortiq appiaudit inani:
165 810 727 840 Nec mora; tantum humeris gnauiter aptat opus.
116 837 690 869 Heic comes; omne feres alias, ait, aptius, & nunc
162 866 623 898 Non licet: interea rura locumque nota.
134 896 629 926 Cui Titus vt poſſit, ne quis præſentiat illud
162 926 618 952 Qur rit: hic alter ait viſcera tenta lena.
131 954 676 985 Vir bonus annumerat: tacitis ſopor euolat alis:
162 985 591 1009 Aurea at in lecto lamina, ſtercus erat.
394 1015 529 1043 Lectulo ſonat.
132 1042 635 1073 Lectule, qui piceâ cum nox caligine repſit,
161 1073 569 1101 Et mea me cupido cepit amica ſinu,
132 1101 614 1131 Inter landitias, edia inter baſia, nobis
711 1137 802 1171 tem-
