<PcGts xmlns="http://schema.primaresearch.org/PAGE/gts/pagecontent/2017-07-15" xmlns:xsi="http://www.w3.org/2001/XMLSchema-instance" xsi:schemaLocation="http://schema.primaresearch.org/PAGE/gts/pagecontent/2017-07-15 http://schema.primaresearch.org/PAGE/gts/pagecontent/2017-07-15/pagecontent.xsd"><Metadata><Creator>User123</Creator><Created>2020-04-19T01:00:15</Created><LastChange>2020-04-19T01:00:15</LastChange></Metadata><Page imageFilename="0906.png" imageHeight="1312" imageWidth="872"><TextRegion id="r0" type="paragraph"><Coords points="1,1 870,1 870,1310 1,1310"/><TextLine id="r0_l001"><Coords points="1,8 1,33 180,33 180,8"/><TextEquiv index="1"><Unicode></Unicode></TextEquiv></TextLine><TextLine id="r0_l002"><Coords points="277,68 277,94 489,94 489,68"/><TextEquiv index="1"><Unicode>DVCATII.</Unicode></TextEquiv></TextLine><TextLine id="r0_l003"><Coords points="699,75 699,97 739,97 739,75"/><TextEquiv index="1"><Unicode>s</Unicode></TextEquiv></TextLine><TextLine id="r0_l004"><Coords points="102,104 102,134 471,134 471,104"/><TextEquiv index="1"><Unicode>Intempeſtiuâ garrulitate noces.</Unicode></TextEquiv></TextLine><TextLine id="r0_l005"><Coords points="574,130 514,130 505,133 252,136 231,134 87,134 61,132 53,128 40,128 40,159 574,159"/><TextEquiv index="1"><Unicode>Sic tuate Crocale molli concinnet acantho</Unicode></TextEquiv></TextLine><TextLine id="r0_l006"><Coords points="576,165 107,164 107,193 576,194"/><TextEquiv index="1"><Unicode>Semper, &amp; auricomo fimbria flore fiuat;</Unicode></TextEquiv></TextLine><TextLine id="r0_l007"><Coords points="66,222 651,224 651,193 615,193 610,195 171,194 145,195 93,193 40,193 40,227 59,227"/><TextEquiv index="1"><Unicode>Parce precor, ſtrepituſque tuos compſce; neciila</Unicode></TextEquiv></TextLine><TextLine id="r0_l008"><Coords points="618,252 618,224 106,224 106,252 590,253"/><TextEquiv index="1"><Unicode>Quæ mihi per Ligiam viæ modo futta licent,</Unicode></TextEquiv></TextLine><TextLine id="r0_l009"><Coords points="1,233 1,250 42,250 42,233"/><TextEquiv index="1"><Unicode></Unicode></TextEquiv></TextLine><TextLine id="r0_l010"><Coords points="69,281 94,280 175,282 536,282 568,283 575,287 638,286 638,254 51,253 48,255 40,255 40,288 60,288"/><TextEquiv index="1"><Unicode>Hæc mihi præpediat tremula argutatio, quâ nos</Unicode></TextEquiv></TextLine><TextLine id="r0_l011"><Coords points="527,311 527,283 108,282 108,311 498,312"/><TextEquiv index="1"><Unicode>Sſtis in incœpto, garrule, ſæpe ioco.</Unicode></TextEquiv></TextLine><TextLine id="r0_l012"><Coords points="59,341 74,340 549,341 549,312 123,313 75,311 65,307 62,304 41,304 41,347 51,347"/><TextEquiv index="1"><Unicode>En tibi celatos ſic illa rependet amores</Unicode></TextEquiv></TextLine><TextLine id="r0_l013"><Coords points="107,342 107,370 558,370 558,342"/><TextEquiv index="1"><Unicode>Stragula de molli bombyce tcxta parat.</Unicode></TextEquiv></TextLine><TextLine id="r0_l014"><Coords points="336,372 336,397 475,397 475,372"/><TextEquiv index="1"><Unicode>Mecænati ſuo.</Unicode></TextEquiv></TextLine><TextLine id="r0_l015"><Coords points="616,395 519,394 511,398 495,399 337,401 292,401 280,396 126,396 89,393 33,393 29,393 25,396 25,432 28,435 57,435 64,430 88,429 221,429 228,434 246,434 253,429 511,429 519,432 522,435 616,435"/><TextEquiv index="1"><Unicode>unc animum toties noſtræ ſenſere Camœnæ,</Unicode></TextEquiv></TextLine><TextLine id="r0_l016"><Coords points="482,459 482,430 253,430 246,435 228,435 221,430 108,431 108,459 113,460 330,460"/><TextEquiv index="1"><Unicode>Ex quo Caſtaliis inſiliere choris:</Unicode></TextEquiv></TextLine><TextLine id="r0_l017"><Coords points="593,456 520,456 512,460 330,461 282,460 113,461 99,459 68,459 61,456 41,456 41,489 62,489 67,487 181,489 393,487 593,489"/><TextEquiv index="1"><Unicode>Vt ſibi tot meritis penſandis omnia vix dum</Unicode></TextEquiv></TextLine><TextLine id="r0_l018"><Coords points="536,517 536,489 394,488 258,490 108,489 108,518 512,518"/><TextEquiv index="1"><Unicode>Snt ſatis, o ſtudiis anchora fixa meis.</Unicode></TextEquiv></TextLine><TextLine id="r0_l019"><Coords points="615,546 615,518 359,518 160,520 80,518 80,547 502,548"/><TextEquiv index="1"><Unicode>Sed quæ ſps miſero? conflato quiſue tot ære,</Unicode></TextEquiv></TextLine><TextLine id="r0_l020"><Coords points="613,576 636,574 636,548 285,548 239,550 66,548 59,553 59,570 66,575 82,577 493,577"/><TextEquiv index="1"><Unicode>Vilem obulum niſi tu, qui mod credat, erit?</Unicode></TextEquiv></TextLine><TextLine id="r0_l021"><Coords points="60,608 64,606 625,606 625,576 416,579 283,578 120,579 82,578 70,577 61,573 42,573 42,613 56,613"/><TextEquiv index="1"><Unicode>Perge igitur: iam te præſ nter noſtra ſonarunt</Unicode></TextEquiv></TextLine><TextLine id="r0_l022"><Coords points="580,634 580,606 110,608 110,635 558,635"/><TextEquiv index="1"><Unicode>Rura Deum, atque aris victima cæla tuis.</Unicode></TextEquiv></TextLine><TextLine id="r0_l023"><Coords points="690,635 559,635 491,637 338,636 205,638 134,638 44,635 44,663 48,665 536,665 572,663 651,663 654,665 690,665"/><TextEquiv index="1"><Unicode>Quis non cuncta Ioui referat? tamen omnia quis nos</Unicode></TextEquiv></TextLine><TextLine id="r0_l024"><Coords points="621,692 630,689 644,689 647,688 647,664 572,664 536,666 385,665 107,668 107,695 513,695"/><TextEquiv index="1"><Unicode>Abs Ioue, dum templis ſert pia tura, petit?</Unicode></TextEquiv></TextLine><TextLine id="r0_l025"><Coords points="62,723 81,723 84,725 199,725 333,723 449,724 583,721 605,721 612,726 637,726 637,694 555,694 513,696 240,697 115,697 44,694 44,728 55,728"/><TextEquiv index="1"><Unicode>Sic ego, qui tibi me maioraque debeo, cui nune</Unicode></TextEquiv></TextLine><TextLine id="r0_l026"><Coords points="561,724 333,724 199,726 109,725 109,753 561,753"/><TextEquiv index="1"><Unicode>Deuinci melius qum tibi iure queam?</Unicode></TextEquiv></TextLine><TextLine id="r0_l027"><Coords points="317,755 317,781 499,781 499,755"/><TextEquiv index="1"><Unicode>Fnti ac ſalicibus</Unicode></TextEquiv></TextLine><TextLine id="r0_l028"><Coords points="66,812 158,814 589,812 598,817 609,817 609,783 45,783 45,819 57,819"/><TextEquiv index="1"><Unicode>Intonſæ ſalices, patulo quibus obſtrepit alueo</Unicode></TextEquiv></TextLine><TextLine id="r0_l029"><Coords points="834,785 834,820 870,820 870,785"/><TextEquiv index="1"><Unicode></Unicode></TextEquiv></TextLine><TextLine id="r0_l030"><Coords points="553,813 419,813 317,815 110,814 110,841 553,841"/><TextEquiv index="1"><Unicode>Parua, ſed Hyblæis dulcior vnda fauis:</Unicode></TextEquiv></TextLine><TextLine id="r0_l031"><Coords points="592,840 571,842 309,841 289,843 223,844 137,844 79,842 70,840 25,841 25,862 34,869 47,869 50,871 592,871"/><TextEquiv index="1"><Unicode>Primula dum criſpat Tithonilumina coniux,</Unicode></TextEquiv></TextLine><TextLine id="r0_l032"><Coords points="1,867 1,896 34,896 34,867"/><TextEquiv index="1"><Unicode>i</Unicode></TextEquiv></TextLine><TextLine id="r0_l033"><Coords points="588,872 466,871 302,873 108,872 108,901 588,901"/><TextEquiv index="1"><Unicode>Frigidulum &amp; roſeo purpurat axe ſolum;</Unicode></TextEquiv></TextLine><TextLine id="r0_l034"><Coords points="61,932 66,930 619,929 623,931 623,901 300,901 183,903 45,901 45,936 57,936"/><TextEquiv index="1"><Unicode>Ecquid, cæcus Amor Nymphas de nocte petitas</Unicode></TextEquiv></TextLine><TextLine id="r0_l035"><Coords points="583,930 111,931 111,954 583,954"/><TextEquiv index="1"><Unicode>Cum ſinit, &amp; vixdum tela cruenta refert,</Unicode></TextEquiv></TextLine><TextLine id="r0_l036"><Coords points="64,990 74,989 202,988 250,986 650,986 657,991 665,991 665,951 630,952 627,955 616,959 288,958 95,960 72,958 61,954 57,950 50,950 44,954 41,961 1,962 1,993 58,993"/><TextEquiv index="1"><Unicode>Ecquid tunc animi eſt teneris? quæ prima querelas</Unicode></TextEquiv></TextLine><TextLine id="r0_l037"><Coords points="835,980 835,1034 869,1034 869,980"/><TextEquiv index="1"><Unicode></Unicode></TextEquiv></TextLine><TextLine id="r0_l038"><Coords points="606,1015 606,987 250,987 109,990 109,1017 206,1017"/><TextEquiv index="1"><Unicode>Ingeminat? Gnydio vel quis in igne furor?</Unicode></TextEquiv></TextLine><TextLine id="r0_l039"><Coords points="2,994 2,1018 29,1018 29,994"/><TextEquiv index="1"><Unicode>i</Unicode></TextEquiv></TextLine><TextLine id="r0_l040"><Coords points="63,1045 540,1045 549,1050 607,1051 607,1016 207,1017 162,1019 104,1019 86,1017 67,1017 60,1014 55,1009 48,1009 48,1052 54,1052"/><TextEquiv index="1"><Unicode>Hæc, credo, vel monticolam ſuſpirat in Orim,</Unicode></TextEquiv></TextLine><TextLine id="r0_l041"><Coords points="505,1073 505,1046 110,1046 110,1074 318,1074"/><TextEquiv index="1"><Unicode>Illa Capis queritur de feritate ſui.</Unicode></TextEquiv></TextLine><TextLine id="r0_l042"><Coords points="835,1048 835,1084 869,1084 869,1048"/><TextEquiv index="1"><Unicode></Unicode></TextEquiv></TextLine><TextLine id="r0_l043"><Coords points="60,1104 74,1103 529,1103 529,1073 319,1074 233,1076 74,1076 64,1075 58,1072 47,1072 42,1074 1,1074 1,1107 55,1107"/><TextEquiv index="1"><Unicode>Sic his hi, ſic vos faciles accedite: at illæ</Unicode></TextEquiv></TextLine><TextLine id="r0_l044"><Coords points="836,1084 836,1110 868,1110 868,1084"/><TextEquiv index="1"><Unicode></Unicode></TextEquiv></TextLine><TextLine id="r0_l045"><Coords points="54,1103 54,1134 600,1134 600,1103"/><TextEquiv index="1"><Unicode>Sic mihi, dum Lgiam nocte dieque cano;</Unicode></TextEquiv></TextLine><TextLine id="r0_l046"><Coords points="655,1132 655,1158 741,1158 741,1132"/><TextEquiv index="1"><Unicode>Immit-</Unicode></TextEquiv></TextLine><TextLine id="r0_l047"><Coords points="2,1148 2,1193 58,1193 58,1148"/><TextEquiv index="1"><Unicode></Unicode></TextEquiv></TextLine><TextLine id="r0_l048"><Coords points="836,1117 836,1183 870,1183 870,1117"/><TextEquiv index="1"><Unicode></Unicode></TextEquiv></TextLine><TextLine id="r0_l049"><Coords points="837,1202 837,1237 870,1237 870,1202"/><TextEquiv index="1"><Unicode></Unicode></TextEquiv></TextLine><TextLine id="r0_l050"><Coords points="815,1244 815,1273 853,1273 853,1244"/><TextEquiv index="1"><Unicode></Unicode></TextEquiv></TextLine></TextRegion></Page></PcGts>