872 1312
277 68 489 94 DVCATII.
102 104 471 134 Intempeſtiuâ garrulitate noces.
69 130 574 159 Sic tuate Crocale molli concinnet acantho
107 164 576 194 Semper, & auricomo fimbria flore fiuat;
69 192 651 224 Parce precor, ſtrepituſque tuos compſce; neciila
106 224 618 253 Quæ mihi per Ligiam viæ modo futta licent,
69 253 638 287 Hæc mihi præpediat tremula argutatio, quâ nos
108 282 527 312 Sſtis in incœpto, garrule, ſæpe ioco.
69 308 549 341 En tibi celatos ſic illa rependet amores
107 342 558 370 Stragula de molli bombyce tcxta parat.
336 372 475 397 Mecænati ſuo.
68 393 616 435 unc animum toties noſtræ ſenſere Camœnæ,
108 430 482 460 Ex quo Caſtaliis inſiliere choris:
69 456 593 489 Vt ſibi tot meritis penſandis omnia vix dum
108 488 536 518 Snt ſatis, o ſtudiis anchora fixa meis.
80 518 615 548 Sed quæ ſps miſero? conflato quiſue tot ære,
69 548 636 577 Vilem obulum niſi tu, qui mod credat, erit?
68 576 625 606 Perge igitur: iam te præſ nter noſtra ſonarunt
110 606 580 635 Rura Deum, atque aris victima cæla tuis.
69 635 690 665 Quis non cuncta Ioui referat? tamen omnia quis nos
107 664 647 695 Abs Ioue, dum templis ſert pia tura, petit?
69 694 637 726 Sic ego, qui tibi me maioraque debeo, cui nune
109 724 561 753 Deuinci melius qum tibi iure queam?
317 755 499 781 Fnti ac ſalicibus
69 783 609 817 Intonſæ ſalices, patulo quibus obſtrepit alueo
110 813 553 841 Parua, ſed Hyblæis dulcior vnda fauis:
69 840 592 871 Primula dum criſpat Tithonilumina coniux,
108 871 588 901 Frigidulum & roſeo purpurat axe ſolum;
69 901 623 931 Ecquid, cæcus Amor Nymphas de nocte petitas
111 930 583 954 Cum ſinit, & vixdum tela cruenta refert,
69 951 665 991 Ecquid tunc animi eſt teneris? quæ prima querelas
109 987 606 1017 Ingeminat? Gnydio vel quis in igne furor?
68 1016 607 1051 Hæc, credo, vel monticolam ſuſpirat in Orim,
110 1046 505 1074 Illa Capis queritur de feritate ſui.
69 1073 529 1103 Sic his hi, ſic vos faciles accedite: at illæ
69 1103 600 1134 Sic mihi, dum Lgiam nocte dieque cano;
655 1132 741 1158 Immit-
