872 1312
397 74 534 95 LVCII
134 109 749 140 Immittam ſuaueiſque crocos, molleiſque hacinthos
164 141 704 171 Gratus aquis; & erit quod coma veſtra ferat.
373 173 549 192 Timonis tumulis.
133 199 708 229 Hinc quoque formoſæ procul procul ite puellæ:
166 229 634 257 Qui iacet heic, odio vos habuſſe ferunt.
132 257 669 287 Siſte vir: ille viros æque miſer oderat; & nunc
163 287 595 317 Vmbra vocat ſolas ad ſua huſta feras.
408 318 511 346 De Ligi.
131 345 676 374 In triuio ſi ſum Ligiæ obuius ; illa humi ocellos
160 375 623 403 Figit: habet roſeus candidula ora color.
131 404 706 434 Et tam me qum qui Gangen bibit Indus Eoum
164 434 569 464 Nouit, & obliquâ ſe irahit inde viâ.
131 462 719 487 Interea mi animus micat intus, & immoror infans
161 491 604 522 Frigiduluſque meâ in pernicie placidâ.
111 519 680 554 Sed peream, ni animus Ligiæ micat intus, & illa
159 550 607 576 Se mecum a tiuiomaxime abeſſe velit.
390 583 514 603 Amoris vis.
126 598 680 639 Feruenteis armorum acies atque horrida Martis
158 639 616 665 Mens erat altiſono bella tonare pede
127 666 691 699 Riſit Amor, celerique petens mea corda ſagittâ;
157 699 593 727 Hæc, ait, expertus rectius arma canes.
392 729 501 749 De eodem.
127 757 587 786 Quis puer ignito figit mea pectora telo:
156 785 637 815 Quis furor obſeſſa me mihi mente rapit?
125 814 691 846 Proh dolor: ima mihi raptanteis viſcera flammas
155 842 674 867 Sentio. me miſerum men meafata vocant?
124 873 672 904 Vrimur: æquoreæ miſero ſuccurrite Nymphæe
156 905 622 933 quoreæ miſerum tollite ab igne Deæ.
124 930 771 959 Huc ſimul Eridanum, ſimal hue Aarimque Tigrimque
156 962 635 991 Voluire: eheu tantas ebibit ignis aquas ?
110 984 750 1024 Parce meis, Superum quicumquees paree medullis:
154 1018 714 1053 Aut ni ni da, qud aquis m ius & gne meo eſt.
409 1056 496 1073 Amta.
124 1077 722 1112 Ten ſi amo, peream:ne mi, mea, ne face poſthae
152 1112 526 1141 Dllcias, ne mi aaia da cupido.
742 1136 795 1159 Site
