872 1312
321 69 541 94 C-
434 72 541 84 A
675 81 759 101 r
29 98 699 140 Site amo, ne peream; face mi, mea,mi face poſthac
1 105 29 129 t
1 131 484 171 Delicias, & mi baſia da cupido.
383 168 455 189 cidem.
1 185 720 231 t Te mea, cum video, fugit a me animuſque dolorque;
117 223 532 251 Oblituſque m ei vix, mea, te video.
1 245 698 289 Te, mea. n video, redit ad me animuſque dolorque;
115 282 508 312 Sollicituſque tui, nil niſi te video.
377 316 448 336 Veneri.
1 331 703 378 Mi ſolum inſtat Amor: nec enim ſi alios mihiiungat,
64 371 714 401 Cpri, amem: amaremihi cum ſociis, miſerum eſt.
373 404 451 424 Eidem
20 419 596 462 Inſais pelagi, Cypri fluctibus eripenautas;
109 461 497 490 Et me qui terrâ naufragium facio.
382 493 446 520 Ligia.
1 514 625 560 Ah Ligia, ah ne perge fugâ contendere Amoti.
108 548 540 579 Es pedes; hic alis inſequitur geminis.
265 581 484 601 M. Antorio Mueto.
45 599 542 636 Oquantum eſt hominum venuſtiorum,
1 621 375 665 Venuſtiſſime ſæculi poeta
21 662 485 696 Huius, quod tulit oppid eruditos:
45 696 472 724 Ecquid nos, bidi per omne collis
45 722 497 753 Dum nemus lepidas cies Camœnas,
45 755 454 786 Et Thraci canis inuidenda vati;
45 781 580 813 Ecquid inquam, animi in te habere credis?
45 811 484 841 Etquid te tacite vt parum vel illuc
17 843 504 871 Audemus colere, intimâ & medullâ
46 872 581 902 Muretum inſerere vſq. & vſque? quid non?
1 895 495 930 Illum quem tremulo inſonat ſuſurro
32 929 414 960 Sacer Gorgonei latex caballi:
839 935 870 963 I
1 958 535 989 Quem circum Venus alma blandulæque
19 989 565 1019 Applaudunt Charites, ſacrumque cingunt
1 1012 425 1046 Certatim viridi caput corollâ:
1 1044 507 1075 aQuem Muſæ, & decus, & ſuos amores
11 1075 524 1109 Pulſatâ ingeminant cheli: quid?illum
10 1104 583 1140 Non colam?intimâ eum haud fer edullâ
454 1137 514 1160 l
