872 1312
321 69 541 94 C-
75 98 699 140 Site amo, ne peream; face mi, mea,mi face poſthac
75 133 484 171 Delicias, & mi baſia da cupido.
383 168 455 189 cidem.
75 185 720 231 t Te mea, cum video, fugit a me animuſque dolorque;
117 223 532 251 Oblituſque m ei vix, mea, te video.
75 249 698 289 Te, mea. n video, redit ad me animuſque dolorque;
115 282 508 312 Sollicituſque tui, nil niſi te video.
377 316 448 336 Veneri.
75 331 703 378 Mi ſolum inſtat Amor: nec enim ſi alios mihiiungat,
75 370 714 401 Cpri, amem: amaremihi cum ſociis, miſerum eſt.
373 404 451 424 Eidem
74 419 596 462 Inſais pelagi, Cypri fluctibus eripenautas;
109 461 497 490 Et me qui terrâ naufragium facio.
382 493 446 520 Ligia.
74 513 625 558 Ah Ligia, ah ne perge fugâ contendere Amoti.
108 548 540 579 Es pedes; hic alis inſequitur geminis.
265 581 484 601 M. Antorio Mueto.
75 599 542 636 Oquantum eſt hominum venuſtiorum,
75 635 375 665 Venuſtiſſime ſæculi poeta
74 663 485 696 Huius, quod tulit oppid eruditos:
75 695 472 724 Ecquid nos, bidi per omne collis
75 722 497 753 Dum nemus lepidas cies Camœnas,
75 755 454 786 Et Thraci canis inuidenda vati;
75 781 580 813 Ecquid inquam, animi in te habere credis?
75 811 484 841 Etquid te tacite vt parum vel illuc
75 842 504 871 Audemus colere, intimâ & medullâ
75 872 581 902 Muretum inſerere vſq. & vſque? quid non?
75 899 495 930 Illum quem tremulo inſonat ſuſurro
75 929 414 960 Sacer Gorgonei latex caballi:
75 958 535 989 Quem circum Venus alma blandulæque
75 989 565 1019 Applaudunt Charites, ſacrumque cingunt
75 1016 425 1046 Certatim viridi caput corollâ:
75 1044 507 1075 aQuem Muſæ, & decus, & ſuos amores
75 1075 524 1107 Pulſatâ ingeminant cheli: quid?illum
75 1104 583 1140 Non colam?intimâ eum haud fer edullâ
