872 1312
302 69 520 94 DVCATII.
701 72 738 95 S
46 99 696 137 Quid facis ?ah nimium poſſunt ſine umiie lammæ:
107 137 595 166 Et tamen, illa neci eſt plus ſatis vnda meæ,
48 159 548 195 Sic quoties potui niſi memea fata dolori
105 196 594 228 Vouiſſent miſero dudum in amore mori?
366 228 428 255 igia.
48 255 613 286 Has oculi hi lacrimas hæc illas ſidera gemma,
48 286 599 315 O Ligia, o mea, mi vita animuſque pluunt.
47 315 668 345 At modo & hi flammas oculi, hæc & ſidera telae
1 340 559 372 t Qualia in auratâ condit Amor pharetr
46 369 613 403 En etiam has flammas, imis hæc tela medullis,
106 403 563 433 Vt pridem, ah miſer ſentio, & intereo.
19 426 639 461 Nunc mi de lacrimis dolor incrudeſcit: & eheu,
78 462 547 490 Crudeles flammas ſalſula gutta fouet.
1 463 50 481 u
1 491 744 522 Quid ſupereſt in amore mali mihi? paſcite lammæ
1 522 583 551 .i potius; lacrimas repprime, vita, ſuas.
309 551 490 579 Nocti, & Somo.
6 580 650 614 Nox, caput atra graui redimita papauere, & huius
106 609 589 637 Somne comes, taciti Numina magna ſolis
1 639 614 667 Dum mea me tenero Ligia eſt amplexa lacerto,
106 667 560 692 Et fouet in molli feſſula membra ſinu;
1 698 565 726 Otrahite humanas cæca in deliria mentes,
51 726 563 757 Serpentemque nigra fallite nube diem.
1 754 678 788 Neue mihi & Ligiæ blandum interrumpite ludum a
105 785 633 817 Si quis &in vois, nunc quoque ludit Amor,
839 790 870 823 l
4 814 613 848 i Ille Amor eſt, qui nos ad mutua furta proterue
102 845 555 875 Ingerit. ah læſus, parcite, lædit Amor.
365 876 430 896 Ocubi.
2 901 560 942 Felices oculidum fata Deuſque ſinebant,
104 932 528 962 Atque upidineo liber ab igne fui
1 947 560 993 lti Oiam non oculi, nullas ſed habentia ripas
56 990 529 1019 Flnmina, facta malis v
1 1011 583 1049 ,,i nihl in vobis agnoſcimus omnia ſæuus
1 1041 691 1077 i Carpit Amor. quid non heie quuq; carpſit Amor
1 1073 560 1106 u Vos olim ſalientis aquæ de marmore viuo
1 1101 59 1123 -
59 1105 573 1138 ut niioxaut riguo gramine ſoit ager
661 1135 735 1157 ors
426 1138 498 1157 La
