872 1312
302 69 520 94 DVCATII.
66 99 696 137 Quid facis ?ah nimium poſſunt ſine umiie lammæ:
107 137 595 166 Et tamen, illa neci eſt plus ſatis vnda meæ,
66 166 548 195 Sic quoties potui niſi memea fata dolori
105 196 594 228 Vouiſſent miſero dudum in amore mori?
366 228 428 255 igia.
66 255 613 286 Has oculi hi lacrimas hæc illas ſidera gemma,
66 285 599 315 O Ligia, o mea, mi vita animuſque pluunt.
65 315 668 345 At modo & hi flammas oculi, hæc & ſidera telae
66 344 559 372 t Qualia in auratâ condit Amor pharetr
66 369 613 403 En etiam has flammas, imis hæc tela medullis,
106 403 563 433 Vt pridem, ah miſer ſentio, & intereo.
66 428 639 461 Nunc mi de lacrimis dolor incrudeſcit: & eheu,
78 462 547 490 Crudeles flammas ſalſula gutta fouet.
66 491 702 522 Quid ſupereſt in amore mali mihi? paſcite lammæ
66 522 583 551 .i potius; lacrimas repprime, vita, ſuas.
309 551 490 579 Nocti, & Somo.
66 580 650 613 Nox, caput atra graui redimita papauere, & huius
106 609 589 637 Somne comes, taciti Numina magna ſolis
66 639 614 667 Dum mea me tenero Ligia eſt amplexa lacerto,
106 667 560 692 Et fouet in molli feſſula membra ſinu;
65 698 565 726 Otrahite humanas cæca in deliria mentes,
66 726 563 757 Serpentemque nigra fallite nube diem.
65 754 678 788 Neue mihi & Ligiæ blandum interrumpite ludum a
105 785 633 817 Si quis &in vois, nunc quoque ludit Amor,
65 814 613 847 i Ille Amor eſt, qui nos ad mutua furta proterue
102 845 555 875 Ingerit. ah læſus, parcite, lædit Amor.
365 876 430 896 Ocubi.
66 900 560 935 Felices oculidum fata Deuſque ſinebant,
104 932 528 962 Atque upidineo liber ab igne fui
65 955 560 992 lti Oiam non oculi, nullas ſed habentia ripas
66 990 529 1019 Flnmina, facta malis v
66 1012 583 1049 ,,i nihl in vobis agnoſcimus omnia ſæuus
66 1041 691 1077 i Carpit Amor. quid non heie quuq; carpſit Amor
66 1076 560 1106 u Vos olim ſalientis aquæ de marmore viuo
89 1105 573 1138 ut niioxaut riguo gramine ſoit ager
661 1135 735 1157 ors
