872 1312
415 74 545 95 LVGII
152 112 734 140 Fors fuit & timidum dare per iuga deuia ceruum,
186 140 674 170 Cura fugæ, cur vos nun nihiliſla iunant?
154 169 740 199 Huic ſolum, quod obeſt, giatum eſt inſtere: lucis
183 201 677 229 Vos fuga, vus lacrimæ ſalſa per ora tenent.
160 229 667 257 Ah ea vis puero eſt conſlatis ignibus vndas
182 259 645 283 Mſcet, & arcana me face torret Amor.
448 290 508 317 Lig.
153 316 717 346 Sic olim memini cum me nouus abſtulit error,
185 347 616 375 Obſtrepui Gndio nocte dicque Deo.
154 374 788 405 Euge age, ſi qua potes, rapido hanc, Puer impete ferro,
182 403 692 434 Ouæ mihi furtim animum ſurripu miſero.
152 432 743 466 Sie ego; ſic Gnydius: facetem; ſed tela faceſque,
183 463 648 492 Ila tii quæ animum, mi pariter rapuit.
140 490 698 523 Quo mihi res rediit Ligia o mea patce: vei illi
183 522 696 552 Tela faccſque ſuas; vel mihi redde animum.
439 552 529 581 Capidini.
155 580 752 609 Ne mihi, nefaculaſque leueis arcumque minacem
185 609 657 638 Oſtenta improbulâ, cæce Cupido, manu.
153 637 681 669 Et Dominæ ſunt tela meæ, ſed acuta; tuiſque
181 668 645 702 Quæ grauius fixâ cuſpide vulnus agant-
167 696 706 725 O mihi ſnt vtinam ſimiles, pharetrate, ſagittæ,
183 725 749 756 Spiculaque quæque oculis hæc gerit, ipſe geram
157 756 632 785 Si qua fides, nolim duros inferre dolores,
182 784 681 815 Quod facis, at de me victus vt illa fores.
453 818 514 844 Lgi.
151 843 688 872 Deliciæ, Ligia alma, meæ mea ſola voluptas,
184 873 661 903 Spicula quæ placido lumine mille geris.
153 902 631 932 Pergin Acidalio ſua tela faceſque pueilo
184 932 717 962 Subripere, inque ſinus condere iniqua tuos?
154 960 686 991 Non ſat erat temere rapuiſſe iacentis ocellos:
184 990 630 1019 Tun etiam incauto tela faceſque rapis?
444 1022 513 1042 Eidem.
154 1048 660 1078 Sic mihi ſi qua fides imis abſtruſa medullis
186 1079 586 1109 Vris inæquali pectora anhela face;
150 1108 700 1139 Vt miſer inuitam vel cogar amare. quid? eheu,
710 1130 814 1170 Inuitam: u
