872 1312
265 82 479 105 DVCATII.
50 94 596 151 Inuitam quid non? tam malus vrget amo
51 206 662 237 Ah Ligia, anne tuum eſt, ſi quid male. vix meus. illic
51 236 672 266 Pecco? lubens vt amem tu quoque amato lubens.
51 265 591 297 Ah nimum volui. redames inuita: quod ſi
50 297 588 344 Hoc pote num quidquam ſuauius eſie mihi?
332 329 443 353 De eadem.
51 413 532 444 Interea arguis aliquid promittit ocellis,
89 444 515 473 Qod Venus eſſe iurat, & eſſe meum.
51 469 692 508 Quid metuam aut ſperem magis? anxius erro ferorque.
51 503 543 532 Huc illuc: grauius me tamen vrit Amor.
318 535 449 556 Ad anica.
51 556 618 592 Hos oculos rapueretui. quid iniqua labantem
51 591 516 621 a Deſeris, ancriti per iuga ſumma viâ?
51 617 599 651 Etipe me milerum exitio; quando ipſa ſiniſtri
51 650 585 681 Cauſſa mali es. rapidis das mea vela Notis?
51 679 682 715 Proh ſcelsl atqui ocnlos mihi redde. ſecleſta negabis
51 709 582 740 Hoc etiamt at mihi non vltima fata neges.
51 733 639 770 V Abnuis? ecqua meos iterat noua pœna dolores?
50 768 584 799 Cum mihi non liceat vinere, non morior.
346 802 424 821 Corollæ.
50 828 492 852 Corolla bella, floſculos cui amœnulos
86 858 310 880 Adonidis formoſuli
51 882 429 916 Illi virentes ſæculi priſci ſtupor
51 918 478 945 Communis hortuli inuidnt:
50 944 486 974 Bella o corolla. tun meæ Ligiæ modo
51 974 358 1002 Comæ inſidebis aureæ?
51 1002 490 1033 Ten illa ſecum per leueis feret choros
51 1033 397 1063 Proteruularum æqualium?
51 1063 484 1091 Verna emicanti rura quæ terunt pede,
51 1090 324 1121 Eburneaſque mutuis
51 1118 557 1148 Vicibus canor ad carmen exereent manus?
654 1156 714 1176 ter
