872 1312
265 82 479 105 DVCATII.
690 88 728 108 tts
2 94 596 151 Inuitam quid non? tam malus vrget amo
1 148 602 208 e:æ
7 206 662 237 Ah Ligia, anne tuum eſt, ſi quid male. vix meus. illic
45 237 672 266 Pecco? lubens vt amem tu quoque amato lubens.
45 264 591 297 Ah nimum volui. redames inuita: quod ſi
1 297 588 344 Hoc pote num quidquam ſuauius eſie mihi?
332 329 443 353 De eadem.
1 346 571 414 eæ
13 413 532 444 Interea arguis aliquid promittit ocellis,
89 444 515 473 Qod Venus eſſe iurat, & eſſe meum.
8 465 692 509 Quid metuam aut ſperem magis? anxius erro ferorque.
42 504 543 532 Huc illuc: grauius me tamen vrit Amor.
318 535 449 556 Ad anica.
21 556 618 592 Hos oculos rapueretui. quid iniqua labantem
1 585 516 621 a Deſeris, ancriti per iuga ſumma viâ?
41 617 599 651 Etipe me milerum exitio; quando ipſa ſiniſtri
1 650 585 681 Cauſſa mali es. rapidis das mea vela Notis?
1 679 682 715 Proh ſcelsl atqui ocnlos mihi redde. ſecleſta negabis
40 710 582 740 Hoc etiamt at mihi non vltima fata neges.
1 733 639 770 V Abnuis? ecqua meos iterat noua pœna dolores?
40 769 584 799 Cum mihi non liceat vinere, non morior.
346 802 424 821 Corollæ.
837 817 866 837 h
40 828 492 852 Corolla bella, floſculos cui amœnulos
86 858 310 880 Adonidis formoſuli
4 878 429 916 Illi virentes ſæculi priſci ſtupor
40 918 478 945 Communis hortuli inuidnt:
839 921 868 949 E
1 944 486 974 Bella o corolla. tun meæ Ligiæ modo
43 974 358 1002 Comæ inſidebis aureæ?
43 1002 490 1033 Ten illa ſecum per leueis feret choros
41 1033 397 1063 Proteruularum æqualium?
41 1064 484 1091 Verna emicanti rura quæ terunt pede,
41 1090 324 1121 Eburneaſque mutuis
21 1118 557 1148 Vicibus canor ad carmen exereent manus?
3 1148 87 1186 u
413 1151 503 1177 RRla
654 1156 714 1176 ter
