872 1312
392 86 532 109 VII.
183 125 423 149 o ter corolla millies,
153 152 588 185 rieſque felix? cui licet ſie cum meâ
186 185 436 207 lic adeſſetam bene.
154 212 603 244 Quæ dum paratum lucidæ fronti decus
188 242 426 268 Ineotate credit, tibi
154 271 564 303 Ipſa eſt decori. Sed corolla bellula,
185 301 527 332 Quem dum coma illa in aureâ
155 329 575 359 Ocalos triumphis omnium ſatis ſuis
185 359 519 388 Dii commoratam viderit,
155 386 586 417 Inter nitenteis ſplendidos igneis poli
169 419 470 449 Digno locabunt ordine,
155 443 665 474 laudente cœlo: numn amabo quid mih
189 477 451 502 Mollicularum de iocis
157 506 539 532 Puellularum blandioribus canes,
190 535 545 564 Sic, cum licebit, clanculum?
159 563 668 594 At ipſe tanti muneris nunquam immemor,
191 595 475 624 Te per bicornis Aoni
160 621 612 654 Vm broſa ſemper, cum meâ Ligiâ, iuga
159 653 493 680 Ducam, o corolla bellula.
422 684 524 703 Luiat.
159 709 700 740 Horrentes tenebr, gelidiſque adſtrictapruini
193 740 648 770 Frigora, & inſani murmura vaſta Noti;
160 769 673 802 Et quoſcumque timet cœlo iraſcente furores
194 799 594 823 Sil.a coloratis orba cacuminibus:
161 828 621 858 Voluite pallenteis denſa caligine nubes,
195 857 608 886 Et rabiem ſtrepi u paſcite terrifico;
161 885 739 917 Dum mihicum Ligiâ Venus adblanditur, & inter
196 917 566 944 Mollia delitiæ ſtrata Cupidineæ
159 943 726 975 Ml ſliitant; neque tot licere inrerrumpere vuobis
196 974 653 1004 Gaudia, ſeu pluuiis, ſcu niue, ſiue gelu.
164 1004 669 1032 Mox, cum luce nouâ terras inſperget Eous,
196 1033 666 1063 Ponte, & Hipotadæ clauſtra ſnbite Dei.
161 1063 674 1095 Sic non horrenti ſinuoſi in carceris vmbrâ
201 1091 665 1123 olus impoſito compede vos reprimat
167 1120 800 1157 Namque ſuburbanæ ccrtum eſt mihi commoda villæ.u
763 1150 834 1182 Siper
