872 1312
278 81 501 105 DVCATII.
694 82 735 106 S
46 118 544 148 Sl per vos liceat, cum Dominâ capere.
315 151 410 178 Cupidini.
75 174 704 208 Et qua mora eſt, ſcelerate puer? quibus ignibus, eheu,
101 208 578 240 Queis mea diſtringis pectora, ſæue, malis?
76 235 732 266 Omnia pertulimus: leue iam, quodcunque ferendum eſt,
101 266 643 289 Onod ua non dederint hactenus arma, venit.
73 297 646 327 Sed de me ludis: dumq;, ah, noua pœna paratur,
100 327 526 356 Me miſerum vitæ præripis, atq; neci.
333 359 419 378 Aatæ.
79 385 648 415 Et leuis heic ſalices circum ſtrepit aura ccmatos,
103 416 673 446 Et iuuat heic querulam quæ rotat amnis aquam
77 445 556 475 Et ſolis locus eſt hcic inter adulta cicadis
81 473 638 499 Gramina, & heic multo ſiore niteſcit humus.
78 504 640 534 Et rapido defeffa locoes mediumque per axem
109 534 592 567 Qj furit , inſringit membra tenella Dous.
81 563 580 593 Heic mecum molli potes indulgere quieri,
1 569 506 624 Nec mala ſecuro gaudia ferre loco.
47 620 711 657 Quid premis? P mca vita. moræ cur tædet? eho, annon
95 652 560 682 Sola times? mecum vanula ſola times.
46 675 693 715 ia age. ne miſetis. ne tot modo commoda ocellis
113 710 556 742 Subtrahe: da roleo, dum licet, ore frui.
2 725 604 765 iiAh, roſeo miſeri tantum ore fruentur ocelli,
2 759 612 800 Nec cernam tenero quæ tenet orbe ſinus?
2 792 702 830 Hei mihi, vix animus mecum ſteti, vix tot
113 830 468 852 Delicias oculi ſuſtinuere mei?
47 857 672 890 Et tamen illa parum eſt vidiſle, niſi oſcula iungam
114 887 609 918 Preſſa auido plus quam millia mille labro
1 905 688 951 T. plgnas? mala. tune manu intercepta moraris
116 948 527 977 Baſia? at inuita rapta manu tulero.
1 969 748 1006 Heulquo abit, hic animus?quo vis mihi?quis ſtupor artus
119 1003 667 1035 Occupat? anne aliqua eſt pars modo viua mei?
2 1033 609 1065 Labra oculis potius concedite: mitius iſthæc
2 1062 618 1093 Videro. vah etiam heic quâm pereo miſere
1 1091 692 1127 AErgo vtego his caream prorſus? neque baſia iungant
55 1121 662 1151 Labr? nec in te oculos poſtmodo, cara, morer?
699 1149 753 1176 Visa
