872 1312
419 73 560 96 LVCIt
133 106 697 139 Vita mihi haud tanti eſt. oculi, ne parcite amori,
163 136 607 169 Ne labra: interea vel decuplo peream.
370 170 517 197 Votum & ſpes.
132 195 654 229 Blanditiæ molleſque Ioci, teneriq; Lepores,
162 226 657 258 Candida pulcrarum progenies Charitum:
135 255 736 284 Dum propero ad Ligiam, mihi vos concedite; vt illi
166 284 609 316 Eripiam duro dulce in amore aliquid:
131 314 678 346 Fors gerit adſtrictum glaciali marmore pectus,
131 341 655 374 Si tamen hæc facies tale quid intus habet.
135 373 661 404 At per vos cupide noſtros ſimul audiet ignes,
165 402 642 433 Protinus in tepidas victa liquebit aquas.
136 431 692 462 Verum ne liqueat, tantum ferat omnia mecum:
166 462 621 491 Vtq; ego, ſic Gnydiâ lacrimet vſta face.
135 488 648 521 Ah nimium volui: miſero ſi credet amanti,
168 520 622 547 Meqne mori duro nolit amore, ſat eſt.
105 540 615 580 Sic mihi ſit facilis: ſic non odioſa puellis
164 580 617 606 Vos periuratus crimina reddat amans.
350 609 554 634 Suſpiris d& lacrimis.
137 636 640 668 Stridula languiduli ſuſpiria pectoris, & vos
166 666 661 697 Pallida quæ atteritis ora mihi, Lacrymæ:
114 696 678 725 Vt nunquam qua cunque imeos celatis amores;
163 725 637 755 Vt mea paſſim, eheu, vulnera detegitis?
133 754 683 785 At Dominæ illa meæ, Dominælicet illa videre,
164 784 623 807 Non aliæ: haud alia mi miſero illa facit.
133 811 659 839 Feciſſet tamen illa alia, & miſereſceret. at vos
164 843 637 873 Tantillum illa facit, quæ facit vt peream.
337 875 577 902 Vulgi iudicium ntllum.
131 900 777 933 Pulcra mihi Ligia eſt, quiſquam neget? hercule vulgus
161 932 624 961 Inegat. at vulgus pulcra videre nequit
415 964 495 983 Baccho.
130 988 678 1020 Bacche, pater vatum, viridi qui tempora thyrſo
163 1019 639 1050 Cingis, & inſana cymbula mente quatis;
129 1050 678 1080 Dum tuus ad ſacros latices Aganippidos vndæ
161 1078 622 1109 Me firor attonitum, qu via læta rapit:
130 1107 725 1139 u mihi Pierideſq; Deas, Phœbumque benignum
736 1139 797 1160 Con-
