872 1312
312 74 556 95 DVCATII
116 108 545 137 Concilia; & facilis iſ mea vota redi.
367 142 472 171 Nymphus.
81 168 653 204 Quæ vos rura, Deæ Dryades, quæ Naiades, vndæ
115 199 553 227 Forte per adſuetos detinuere choros;
82 225 593 256 Cum mea vitaleis tot formæ dotibus auras,
82 257 538 287 . Auxit inauditis aucta puella bonis?
82 287 723 320 Huic blandæ Charites, Venus huic, Veneriſq; Cupido
87 318 609 347 Ignifer, & lepidi quidquid in orbe Dei eſt,
82 347 581 375 Inter conſpicuas primum decus heroinas,
119 377 508 405 In tenero vitæ lumine conſtituit.
80 403 623 439 Seu faciem ſpectes, lætamq; decentia frontem
97 437 494 461 Lumina, ſidereâ lucidiora face:
80 462 637 500 Seu tantum placidi culta ornamenta decoris,
120 496 558 524 Aut qui purpureo ludit in ore lepos;
80 523 638 555 Nil ſpirat mortale;, Deam certe omnia clamant
121 555 621 584 Vndique, vel ſi qua eſt maior in orbe Dea.
80 578 618 616 Ipſe quoque ardentes cæco puer igne ſagittas
123 613 599 642 Cyprius; ipſa ſuos Suada ſonoſque dedit.
80 639 698 680 His quod non pectus, vel duro adamante reuinctum,
122 672 613 701 Aut natum in Siculo vertice, tranſadigat?
80 699 654 734 Me tamen ante omnes miſerum, me ſæua feroci
122 732 566 760 In mala confectum vulnere fata iacit,
80 756 613 789 Nec lacrimæ mouere meæ, nec deuia queſtus
124 791 609 821 Queis loca flebilibus concrepuere modis.
94 820 597 850 Vos etiam toties gelidis potuiſtis ab antris.
122 848 619 879 Excipere, heu flammæ conſcia verba meæ.
94 879 626 906 Forſan & e vobis vna haud immanior; ecquæ
123 908 568 939 Durities Ligiæ, tam mala, dixit, habet?
94 937 626 967 Hæc quæcunque fuit, melius tua tela, Dione,
126 966 573 996 Sentiat, & leuius, ſi quid amabit, amet.
88 996 636 1033 Quis furor inſanis ſincerum perdere amantem
88 1025 573 1056 Ignibus, & duro velle in amore mori?
87 1052 610 1085 Hæc queror obſcurâ picei ſub imagine lethi,
125 1082 598 1114 Cui tua me infeſto funere flamma dedit.
87 1109 698 1149 Nec mihi, ſedteneris cupio tua numina Nymphis
694 1138 756 1163 Miti
