872 1312
152 112 539 138 Mitius inectâ, Diua nocereface.
126 142 660 176 Parce modo; & facilis iuſtis accede querelis:
156 172 615 206 Deque tuipharetra deme mala Aligeri.
127 202 688 235 O tum quanta ſolo fueris Deal quâm pia cultor
140 230 599 259 Tura frequens aras fuderit ante tuos?
379 263 495 288 Animo ſuo.
125 287 644 320 Infelixanime, & Paphii vix ignis inanes
156 319 695 348 Rellquiæ, ecquis amor te modo lucis habet?
125 349 669 376 Cernis vt infeſtis puer hic mea viſcera flammis
160 376 572 408 Hauſerit, Idalii quem colit ora iugi.
123 406 646 433 Eripe te, ah miſer, exitio; neue vnus Amoris
157 436 532 466 Eluctare feri perdite nequitiam.
125 465 680 493 Heic mihi dum fulua inſultat iam victor arenâ,
157 494 552 525 Et terit immiti colla ſubacta pede.
117 524 686 555 Quod de me ſupereſt timidæ te ſubrrahe palmæ;
157 553 605 584 Illic parte aliquâ ſic quoque victor ero.
117 580 725 612 Ergo ſolo vt iaceam exanime & ſine luce cadauer,
159 613 615 641 Et caream Ligiâ tempus in omne meâ?
117 640 647 669 Nec cui lacteolo iniiciam mea brachia collo,
156 671 607 700 Nec mihi quæ cupido baſia libet, erit?
126 699 701 729 Nec quam molliculæ compellam voce Columbæ,
156 729 579 757 Nec quæ delitias me vocet vlla ſuas?
125 757 701 788 Ah pereor: heu tremulis vox intercepta labellis
157 789 699 819 Torpet. at o anime, quo te, anime; inde rapis?
127 817 657 847 Quo fugis? Elyſiane modo te valle receptas?
156 846 688 876 An ſolito ad Ligiam nunequoque more refer
124 876 769 909 Credo illuc bi nunquam non, dum viximus ambo, uu
158 905 632 937 Inter blanditias tam mali Amoris. eras.
124 935 583 960 Hem tu illuc ociam fata moraberis iſta,
158 964 557 992 Nec te pellenti reſtitues domino?
127 993 730 1023 Non poteris; eque inique, velis: vel ſi pote, ſic te
149 1023 590 1054 Blandius in tenero detinet illa ſinu.
126 1052 648 1081 At patulo interea lapis hæc corpuſcula buſto.
153 1081 691 1114 Condet, & hoc tumuli carmen habebit apex:
125 1110 608 1141 c igiæ iacetlle ſuæ tibicens Amoris
724 1144 807 1179 vim
