872 1312
323 80 565 111 CATIT.
131 118 574 141 Vim tulit:at faſtu ſuccubuit Dominæ.
104 143 695 179 Et tumulo Vepus, & Veneris face cum puer aureâ,
132 177 625 199 Et madidæ adſtabunt lacrimulis Charites.
105 205 734 237 Hac dum fos Ligia illa, animæ, imprudenter aberrat,
133 236 621 264 Errantem in patulo carmine ſiſtet Amor
105 265 648 291 Mox color uficiet roſeus, ſcio, candidula ora:
136 296 592 326 Perque genas ibunt turgidulæ lacrimæ.
105 325 577 354 Et ſecum de ſe tacite emollita queretur.
134 355 536 385 Et dicet; miſero cur male dura fui?
107 383 706 413 Heic tibi ne, dominoque, anime, o ne deſis; at intus
135 414 572 444 Intermiſſa Deæ ludicra pontigenæ,
108 442 659 474 Et quos cumque iocos primis in amoribus illa
139 472 659 503 Mecum erat in tremulo docta mouere thoro
106 501 613 528 Obiice; vt exanimi furſtra miteſcat, & olim.
139 532 523 564 Deliciis dignum iudicet eſſe ſuis.
388 564 481 592 Cupidini.
109 590 677 623 Hunc tibego cinerem, tumuloque inciſa capaci
142 619 622 651 Carmina, queis cineri vita futura meo eſt:
113 648 741 682 Has tibi ego lacrimaſque meas, lacrimaſque meorum,
142 679 654 712 Mixtaque cum lacrimis, tura. preces, violas;
115 709 742 742 Et quodcumq; rogis temere haud infertur amantum,
143 740 558 770 Dedico, furtiuo qui puer igne lates.
115 764 770 795 Tu mihi me, mihitu hunc animu mihi tu omnia ab vno
144 798 569 828 Vulnere fariferæ cuſpidis ecce rapis.
105 822 775 858 Hoc fruere hocq; tuis minimum decus adde trophæis,
125 856 624 892 Quæ tot Ieroas ſunt tibi ducta prius.
105 884 648 917 Accedo ſupplex manibus poſt tergareuinctis,
147 916 567 946 Ad tua ſi qua lacu ſigna tenes Stygio.
115 939 734 975 Nec mea me quæcumque fuit fors ægre habet olim
148 973 574 1006 Quæ triſtem ltis iungit amaritiem
118 999 632 1034 Non minus ille ſuæ vexatus amoribus Heris
151 1028 648 1062 Iæc tulit, infidâ qui mal merſus aquâ eſt.
120 1057 686 1093 Hæc quoque Niliacæ quem palla cruenta puellæ
149 1088 607 1119 Tradidit inſanæ, poſt tot acerba, neci.
119 1117 598 1147 Mutuus his amor, & duri communia fati
735 1146 782 1166 Tæ-
