<?xml version="1.0" encoding="UTF-8" standalone="no"?><PcGts xmlns="http://schema.primaresearch.org/PAGE/gts/pagecontent/2019-07-15" xmlns:xsi="http://www.w3.org/2001/XMLSchema-instance" xsi:schemaLocation="http://schema.primaresearch.org/PAGE/gts/pagecontent/2019-07-15 http://schema.primaresearch.org/PAGE/gts/pagecontent/2019-07-15/pagecontent.xsd"><Metadata><Creator/><Created>2022-04-10T09:25:31</Created><LastChange>1970-01-01T00:00:00</LastChange><Comments/></Metadata><Page imageFilename="0919.png" imageHeight="1312" imageWidth="872"><TextRegion id="r1" orientation="0.0" type="paragraph"><Coords points="1,1 870,1 870,1310 1,1310"/><TextLine id="l1"><Coords points="370,80 370,102 507,102 507,80"/><TextEquiv><Unicode/></TextEquiv><TextEquiv index="1"><Unicode>LVCII</Unicode></TextEquiv></TextLine><TextLine id="l2"><Coords points="658,115 569,116 446,114 145,114 145,142 272,144 658,144"/><TextEquiv><Unicode/></TextEquiv><TextEquiv index="1"><Unicode>Tdia: heu Ligiam num mea fata mouent?</Unicode></TextEquiv></TextLine><TextLine id="l3"><Coords points="639,150 415,148 381,146 296,146 271,144 117,143 117,169 130,169 140,171 170,171 194,173 277,173 308,175 366,175 412,177 528,177 579,179 640,179"/><TextEquiv><Unicode/></TextEquiv><TextEquiv index="1"><Unicode>Vix puto: at heic illi felicius &amp; mare, &amp; enſes</Unicode></TextEquiv></TextLine><TextLine id="l4"><Coords points="607,180 528,178 412,178 366,176 308,176 277,174 145,174 145,199 152,201 218,203 607,203"/><TextEquiv><Unicode/></TextEquiv><TextEquiv index="1"><Unicode>Pertulerint; ego nil ni miſere &amp; temere.</Unicode></TextEquiv></TextLine><TextLine id="l5"><Coords points="672,206 651,206 640,210 597,210 374,205 116,203 116,230 154,229 206,232 300,232 379,235 672,235"/><TextEquiv><Unicode/></TextEquiv><TextEquiv index="1"><Unicode>Tu vero, pharetrate Deus, Veneris genus aureæ,</Unicode></TextEquiv></TextLine><TextLine id="l6"><Coords points="647,240 642,239 519,238 479,236 379,236 327,234 146,234 146,260 154,261 257,261 299,263 387,263 647,267"/><TextEquiv><Unicode/></TextEquiv><TextEquiv index="1"><Unicode>Quam puer, &amp; puero iuncta puella colit;</Unicode></TextEquiv></TextLine><TextLine id="l7"><Coords points="660,267 612,268 468,265 299,264 257,262 114,262 114,287 162,287 197,290 275,292 313,291 490,295 660,295"/><TextEquiv><Unicode/></TextEquiv><TextEquiv index="1"><Unicode>Has, Amor, exuuias miſer cum funere amantis</Unicode></TextEquiv></TextLine><TextLine id="l8"><Coords points="648,298 644,297 490,296 313,292 275,293 233,291 143,291 143,318 146,319 275,320 349,323 648,324"/><TextEquiv><Unicode/></TextEquiv><TextEquiv index="1"><Unicode>Mitis habe; &amp; Ligiæ poſtmodo parce meæ,</Unicode></TextEquiv></TextLine><TextLine id="l9"><Coords points="607,326 349,324 319,322 219,320 115,320 115,351 124,351 131,347 191,349 286,349 310,351 607,351"/><TextEquiv><Unicode/></TextEquiv><TextEquiv index="1"><Unicode>Si noniuſta dedit lacrimis ſuſpiria noſtris</Unicode></TextEquiv></TextLine><TextLine id="l10"><Coords points="584,355 309,351 140,351 140,377 343,379 386,381 584,381"/><TextEquiv><Unicode/></TextEquiv><TextEquiv index="1"><Unicode>Dum vixi, &amp; duro ſæua in amore fuit;</Unicode></TextEquiv></TextLine><TextLine id="l11"><Coords points="683,381 671,380 634,380 626,384 574,384 461,381 386,382 265,379 113,379 113,410 117,410 124,405 163,405 301,410 401,409 465,411 564,410 581,412 683,412"/><TextEquiv><Unicode/></TextEquiv><TextEquiv index="1"><Unicode>At, modo non digne ſibi vel ſuſpiret ademptum,</Unicode></TextEquiv></TextLine><TextLine id="l12"><Coords points="541,412 141,409 141,436 246,436 262,438 541,438"/><TextEquiv><Unicode/></TextEquiv><TextEquiv index="1"><Unicode>Et velit a nigra valle redire, ſat eſt</Unicode></TextEquiv></TextLine><TextLine id="l13"><Coords points="615,438 587,438 577,441 426,441 285,440 246,437 113,437 113,463 128,463 135,468 138,468 145,464 171,464 183,466 268,466 305,468 615,468"/><TextEquiv><Unicode/></TextEquiv><TextEquiv index="1"><Unicode>Sic ego, &amp; illa prius quæ tot miſer exantlaui</Unicode></TextEquiv></TextLine><TextLine id="l14"><Coords points="580,471 444,469 305,469 268,467 142,467 142,498 329,498 333,496 374,496 390,498 580,498"/><TextEquiv><Unicode/></TextEquiv><TextEquiv index="1"><Unicode>Tædia, &amp; hæc etiam fata beata putem.</Unicode></TextEquiv></TextLine><TextLine id="l15"><Coords points="378,500 378,525 499,525 499,500"/><TextEquiv><Unicode/></TextEquiv><TextEquiv index="1"><Unicode>Dis infi.</Unicode></TextEquiv></TextLine><TextLine id="l16"><Coords points="690,527 651,527 620,525 544,525 519,528 503,527 465,528 422,526 335,527 329,524 109,524 109,553 274,554 308,556 407,557 690,557"/><TextEquiv><Unicode/></TextEquiv><TextEquiv index="1"><Unicode>Dii quibus imperium eſt Erebi, quibus ille trifauci</Unicode></TextEquiv></TextLine><TextLine id="l17"><Coords points="569,559 308,557 274,555 140,555 140,582 146,583 569,584"/><TextEquiv><Unicode/></TextEquiv><TextEquiv index="1"><Unicode>Incubat â Stygiis poſtibus ore canis:</Unicode></TextEquiv></TextLine><TextLine id="l18"><Coords points="669,585 608,584 603,587 591,588 498,588 289,584 104,584 103,610 273,613 364,613 404,615 534,615 669,618"/><TextEquiv><Unicode/></TextEquiv><TextEquiv index="1"><Unicode>Si quis vt eſſe ferunt, locus eſt ſecretior vmbris,</Unicode></TextEquiv></TextLine><TextLine id="l19"><Coords points="601,618 534,616 404,616 364,614 140,612 140,639 147,639 152,641 176,643 188,640 601,640"/><TextEquiv><Unicode/></TextEquiv><TextEquiv index="1"><Unicode>Ouas ferus immiti funere merſit Amor,</Unicode></TextEquiv></TextLine><TextLine id="l20"><Coords points="680,644 643,644 636,647 558,647 497,645 357,645 335,643 188,642 180,646 147,646 140,642 109,642 109,669 234,670 271,672 353,673 680,673"/><TextEquiv><Unicode/></TextEquiv><TextEquiv index="1"><Unicode>Huc quia me mea fata vocantfera fata receſſum</Unicode></TextEquiv></TextLine><TextLine id="l21"><Coords points="575,676 435,676 403,674 271,673 234,671 137,671 137,698 148,699 282,702 575,702"/><TextEquiv><Unicode/></TextEquiv><TextEquiv index="1"><Unicode>Ah miſero in tacitâ calle parate mihi.</Unicode></TextEquiv></TextLine><TextLine id="l22"><Coords points="687,703 682,702 621,702 610,706 585,706 105,700 105,726 221,729 353,730 422,733 539,733 586,734 594,738 687,738"/><TextEquiv><Unicode/></TextEquiv><TextEquiv index="1"><Unicode>Heic querar, heic recolam Gnydios ſecurius ignes,</Unicode></TextEquiv></TextLine><TextLine id="l23"><Coords points="548,735 539,734 422,734 393,732 298,730 137,729 137,759 142,760 181,760 184,758 240,758 286,760 548,760"/><TextEquiv><Unicode/></TextEquiv><TextEquiv index="1"><Unicode>Qui mihi me &amp; vitæ diripuere meæ.</Unicode></TextEquiv></TextLine><TextLine id="l24"><Coords points="693,762 656,761 643,759 594,759 588,763 583,764 368,763 240,759 184,759 181,761 142,761 136,759 108,759 108,787 693,787"/><TextEquiv><Unicode/></TextEquiv><TextEquiv index="1"><Unicode>Qud moror? hunc animum funeſto carcere Parcæ</Unicode></TextEquiv></TextLine><TextLine id="l25"><Coords points="645,794 333,792 249,789 155,789 150,792 137,793 137,813 144,814 150,817 321,820 645,820"/><TextEquiv><Unicode/></TextEquiv><TextEquiv index="1"><Unicode>Soluite: quod ſupereſt quid mihi lucis erit?</Unicode></TextEquiv></TextLine><TextLine id="l26"><Coords points="647,822 376,822 320,820 194,819 149,817 113,817 109,819 105,817 105,843 154,843 208,847 296,847 347,849 647,849"/><TextEquiv><Unicode/></TextEquiv><TextEquiv index="1"><Unicode>Fallor? an exanimeis fugit indignata lacertos</Unicode></TextEquiv></TextLine><TextLine id="l27"><Coords points="662,851 549,850 395,851 296,848 208,848 183,846 133,846 133,873 136,874 181,874 204,876 662,876"/><TextEquiv><Unicode/></TextEquiv><TextEquiv index="1"><Unicode>Vita, nigroque ſenex me vehit amne Charon?</Unicode></TextEquiv></TextLine><TextLine id="l28"><Coords points="628,881 440,879 367,880 302,878 223,878 203,876 105,876 105,902 262,907 628,907"/><TextEquiv><Unicode/></TextEquiv><TextEquiv index="1"><Unicode>Certa ſides. video loca pallida defunctorum,</Unicode></TextEquiv></TextLine><TextLine id="l29"><Coords points="618,911 339,909 132,905 132,932 134,933 618,934"/><TextEquiv><Unicode/></TextEquiv><TextEquiv index="1"><Unicode>Informeſque vmbras, &amp; ſine luce domos.</Unicode></TextEquiv></TextLine><TextLine id="l30"><Coords points="105,936 105,963 552,963 552,936"/><TextEquiv><Unicode/></TextEquiv><TextEquiv index="1"><Unicode>O tories optata mihi ſaluere ſilentum</Unicode></TextEquiv></TextLine><TextLine id="l31"><Coords points="630,965 605,965 598,968 529,969 397,968 308,965 131,965 131,990 138,991 241,994 338,994 362,996 630,997"/><TextEquiv><Unicode/></TextEquiv><TextEquiv index="1"><Unicode>Mœnia, &amp; o tenebræ, quas emo luce. vagæ,</Unicode></TextEquiv></TextLine><TextLine id="l32"><Coords points="89,1024 109,1024 117,1019 142,1019 170,1022 237,1021 259,1023 366,1026 656,1027 664,1031 703,1031 703,994 677,994 667,998 643,999 362,997 338,995 241,995 156,993 120,989 91,989 90,988"/><TextEquiv><Unicode/></TextEquiv><TextEquiv index="1"><Unicode>Poſtmodovos noſtri ferient nonæthea planctus</Unicode></TextEquiv></TextLine><TextLine id="l33"><Coords points="617,1028 366,1027 259,1024 237,1022 170,1023 157,1021 131,1021 131,1051 246,1052 280,1054 397,1056 617,1057"/><TextEquiv><Unicode/></TextEquiv><TextEquiv index="1"><Unicode>Forſan &amp; heic aliquis qui moueatur erit.</Unicode></TextEquiv></TextLine><TextLine id="l34"><Coords points="685,1054 663,1054 652,1058 576,1057 554,1058 321,1056 246,1053 102,1052 102,1077 142,1078 155,1080 297,1083 685,1083"/><TextEquiv><Unicode/></TextEquiv><TextEquiv index="1"><Unicode>Hic mihi, quiſquis erit, durum incuſabit amorem,</Unicode></TextEquiv></TextLine><TextLine id="l35"><Coords points="553,1086 428,1086 346,1085 322,1083 297,1084 237,1082 131,1082 131,1109 193,1111 268,1111 342,1114 553,1114"/><TextEquiv><Unicode/></TextEquiv><TextEquiv index="1"><Unicode>Et non ſuppoſitâ ſpicula digna face.</Unicode></TextEquiv></TextLine><TextLine id="l36"><Coords points="647,1112 596,1112 590,1115 583,1116 426,1116 342,1115 268,1112 154,1111 127,1109 92,1109 90,1108 90,1143 200,1145 647,1145"/><TextEquiv><Unicode/></TextEquiv><TextEquiv index="1"><Unicode>Aſt vbi quod facies aliud mentitur iniquum</Unicode></TextEquiv></TextLine><TextLine id="l37"><Coords points="702,1144 702,1169 763,1169 763,1144"/><TextEquiv><Unicode/></TextEquiv><TextEquiv index="1"><Unicode>Tna-</Unicode></TextEquiv></TextLine><TextEquiv><Unicode/></TextEquiv></TextRegion></Page></PcGts>