872 1312
318 63 547 91 CATII
135 106 591 135 Traducam Ligiæ pectus, ideſſe putet?
87 134 677 169 ui Immanſueta meas cphyris dedit illa querelas,
137 165 563 197 Riſit & eroſas pectora noſtra face.
86 196 686 230 muoſque meis ſenmtim conflarat in oſiibus igneis
95 226 545 256 Auctores noſtris funeris eſſc tulit.
106 255 655 285 Inſtiteram tamen; moriens, & me reſpice, dixi:
135 286 675 314 Tum quoque at a me oculos diſtulit illa ſuos.
105 315 686 344 Audiatvmbrarum quæcunque eritilla, mihique
134 345 570 375 Imputet ingenio tot mala paſſa meo.
87 375 671 404 At quæ non primævus amor non forma puellæ,
133 404 671 434 Digna frui ambroſiâ cum Ioue forma, iubent?
106 434 684 464 Nec me adeo primuus amor, neq; forma puellæ
134 464 563 493 Vt faſtus Dominæ peridit irrigidæ,
87 491 667 535 Quodque mei ſupereſt, exuſtis pallida membris
133 522 633 553 Hæc etiam Gnidi decolor vmbra face eſt.
87 550 617 583 lis, Et poterat ſupereſſe tamen, niſi durior illam
132 583 539 612 Fraudaſiet ſuperâ luce puella mea.
87 606 712 641 lus Nunc placide inter vos, nulliſque obnoxia flammis
132 642 535 672 Ignotas diſcit carpere blanditias.
323 674 479 698 Mſnibus.
87 699 619 729 Pallentes tenebræ, nouies quas implicat atra
87 730 636 761 Styx, patuloque triceps adlatrat ore canis
87 758 717 788 Vos circum horrenteis nunc huc illucque per auras
87 789 664 820 Sic tacite informis, transfugaq; vmbra feror.
103 818 651 850 Nec quidquam niſi vel ſæuis redimita colubris
132 850 626 880 Tiſiphone vltrici cum face miobiicitur,
102 879 639 907 Aut miſer Ixion, quem falſ in nube Tonatis
131 908 616 934 Luſit, & in volucri nunc rotat orbe, ſoror.
102 935 677 967 Atque quod immane & miſerabile, late informis
131 966 581 994 Vallibus obſcuro carcere Dis reprimit.
102 995 638 1025 Hæc infelicem quæ non tam dira vbicunque.
130 1021 702 1054 Perterrent? quantum heic mecum agitur miſere:
102 1054 633 1082 At non illa mcæ quondam violenta medullæ
129 1082 659 1113 Flamma, malo quæ iſtis funere me latebris
87 1112 660 1148 Obruit hcu non immiti caput amne reuinctum:
715 1139 766 1161 Heu
