872 1312
294 67 632 92 1 C
161 105 624 135 Heu non frendenti virus in ore habuit?
131 134 625 165 Nec ne ſlammatæ concuſſit verbere pinus;
164 164 659 196 Aut lacerum in furuas præcipitauit aquas.
133 194 677 226 Illi os purpureum, & gemini, duo ſidera, ocelli,
136 223 663 254 Oueis ſibi me primnm tam cito ſurripuit.
131 251 673 284 Et mollis vultus, latæ & coma primula fronti,
155 283 652 314 Qam temere olidæ disjiciunt Lephyri.
134 312 700 343 Quque meis facilis lepor ignibus adderet ignes,
164 341 632 370 Hoc ſolum in tanto ſpes tamen igne fuit.
132 369 738 394 Me miſerum, tam dulce malum, nec ferre volebams
164 400 699 429 Cum volui; inq; Deum non ſemel Idalium.-
131 428 607 460 Iecimus hoſtili conuitia carmine, quale
164 458 532 487 Conſtupratori victa puellaſuo.
131 488 595 518 Imgeminare ſolet, fuſis per colla capillis
164 517 638 546 Sic temere, & lacero pectore ſemianimis
130 543 632 578 Hæc eluſit Amor, motiſq; per aera pennis,
161 577 534 605 Vrere, ait, ventis intereaq; cane.
125 603 768 637 abueram, nec erat flammæ modus: arſimus at qua
159 635 515 664 Mitius in Ligiæ lucidulâ facie?
128 663 776 692 His me me, tenebræ, miſerum, his me reddite flammis,
160 695 703 725 Quæ non monſtra mihi, ſed Ligiam obiiciant.
450 727 542 753 L.
129 752 759 784 Hæc quæ tot miſerum circumſtant monſtra, tot igne,
160 783 641 813 Et tot, queis nouies cingitur Orcus, aquæ:
127 811 654 841 Iamdudum noſtris blande acceſfere querelis,
153 841 663 870 Quas etiam in Stgio flumine ranæ iterant:
116 869 630 900 Et facil ad ſuperos iter irremeabilis vndæ
157 900 590 927 Portitor inuerſis fecerat ordinibus.
129 927 672 960 Cum puer oppoſito, quo me prius anxerat, arc
158 957 603 989 Cyprius, hoc etiam vis, ait, igne mori:
126 985 614 1016 Dixerat: obſtupui, telo decor hæſerat imo
157 1017 607 1049 Heie, tuus, & vidi tum quoque te Ligia.
122 1046 695 1077 Nec mora, per tenueis fumoq: ſimillimus auras,
154 1075 626 1101 Ad luctum & ſolitas me retuli lacrimas.
686 1102 795 1136 ACo-e
