872 1312
332 195 537 216 ARVERNI.
262 242 613 270 Apuleiænis verſibus contradicitur,
94 277 536 329 Efas amare, ſipotiri non licet:
153 306 663 342 uid ſolus eſtamor? niſi votum impoten,
81 339 561 369 rNolens voluntas, ardor expers ignium.
81 366 536 398 i iuſque pæna cui negatum iam ſrui?
81 396 663 427 Oui amat, fruatur: hoc Venus, hoc vult Amor.
81 483 520 509 Et velle cruxeſni ſimul vires ſient:
81 514 524 545 Et poſſe cruxeſt, ni voluntas vrgeat.
81 542 639 575 iOlli ergo ament qui in lectulo cum virgin
81 570 609 604 tni Molli cubantes, membra teneris implicant
81 604 506 633 Nodis calentia, & procaci palmulâ
81 633 546 662 Omnia perrant proximæ Veneris loea,
81 663 538 694 Et comprimentes oſculo dulci labra,
81 690 526 721 ul Et hinc & inde commeante cingulâ,
80 719 507 752 nt Ethine & inde fluctuante Cypride,
81 752 557 782 Animis vtrimque dulce colludentibus,
81 780 597 811 Saliente vtrimque corde crebris pulſibus,
81 812 472 841 Vnoque bina poſſidente pectora
81 841 497 871 q Eſtu, & tenaci conligati glutino,
80 870 553 899 iuAmplexibuſque arctis adhærentes, leui
81 900 554 930 iVulnere puellæ molle laxant cingulum,
81 929 528 958 Oculis patrantibus, & cadente ſpiritu
94 958 568 982 In vaſa Veneris vim vomentis feruidam;
93 987 523 1017 Aluum rigantes imbre lacteo, ſopor
81 1017 587 1049 Donec propinquus languidos demuleat
81 1045 536 1078 Artus, ſepnltas ſuſcitans rurſum faces.
120 1073 543 1106 Exeſte Galli, vel quibus vim ſuſtulit
81 1104 551 1140 umpos lenectas: ucic potii non licet
706 1134 755 1156 e
