872 1312
283 62 707 95 IACOBIDVRANTII.
105 108 618 138 Nec amare fas eſt, noſſe nec ritus ſacros;
144 138 679 168 Ac nec videre, quæ imperat nobis Amor,
143 168 666 197 Dum floret ætas, dum inquies noſtras calor
144 197 615 222 Vrit nedullas, & Venus Venerem iubet.
411 230 534 249 I s.
361 367 605 389 In obitum Ioach. Bellaii.
137 413 775 463 Vm vigil ad multam modulatur carmina noctem,
216 445 679 476 Quo capitur Iani ſtrena daturque die:
143 474 640 504 Perdius & pernox Muſis Ioachimus amicis
173 504 615 527 Et cecinit viuens, & cecinit moriens.
144 533 590 562 Et ſi quæ fuerat viuo, tellure repoſtum
173 562 593 592 Eſt cadem vatem cura ſecuta pium.
131 587 723 621 Qui moritura dabat morituro carmina mundo,
142 622 630 649 Nunc canit æterno non moritura Deo:
142 650 666 680 Et ſupera auditu iam cantica captat acuto,
172 679 676 709 Nuper ad humanos ſurdus hebesque ſonos.
131 709 716 739 Hic ſtupor, hæc auris grauitas, præſaga propinqui
136 738 574 764 Non obitus, vitæ ſed melioris erat:
142 767 615 798 Vt toties Muſis & Phœbo digna locutus,
172 798 615 826 Audiret Superum digna parente Deo.
140 826 628 855 Auribus eſt tantum quæ fas audire beatis,
172 855 676 885 Quæque beata niſi promere lingua nequit.
142 884 716 913 Sic iacet in modic nec mortuus eſt tamenvrn.
175 914 632 946 Non obiit: longâ laude canendus abit.
371 946 580 971 oniugtum iteratum.
142 972 701 1002 Coniugium experto, cui ducitur altera coniux:
171 1003 650 1033 Naufragus in tumidobis natat ille freto.
