<PcGts xmlns="http://schema.primaresearch.org/PAGE/gts/pagecontent/2017-07-15" xmlns:xsi="http://www.w3.org/2001/XMLSchema-instance" xsi:schemaLocation="http://schema.primaresearch.org/PAGE/gts/pagecontent/2017-07-15 http://schema.primaresearch.org/PAGE/gts/pagecontent/2017-07-15/pagecontent.xsd"><Metadata><Creator>User123</Creator><Created>2020-04-19T01:00:19</Created><LastChange>2020-04-19T01:00:19</LastChange></Metadata><Page imageFilename="0924.png" imageHeight="1312" imageWidth="872"><TextRegion id="r0" type="paragraph"><Coords points="1,1 870,1 870,1310 1,1310"/><TextLine id="r0_l001"><Coords points="4,56 4,87 58,87 58,56"/><TextEquiv index="1"><Unicode></Unicode></TextEquiv></TextLine><TextLine id="r0_l002"><Coords points="420,88 420,114 463,114 463,88"/><TextEquiv index="1"><Unicode>&amp;</Unicode></TextEquiv></TextLine><TextLine id="r0_l003"><Coords points="30,87 30,108 64,108 64,87"/><TextEquiv index="1"><Unicode></Unicode></TextEquiv></TextLine><TextLine id="r0_l004"><Coords points="57,110 57,145 86,145 86,110"/><TextEquiv index="1"><Unicode></Unicode></TextEquiv></TextLine><TextLine id="r0_l005"><Coords points="662,166 612,166 603,165 596,161 522,159 520,155 513,150 510,150 499,159 458,159 398,156 388,146 388,143 187,143 187,180 662,180"/><TextEquiv index="1"><Unicode>Ii r</Unicode></TextEquiv></TextLine><TextLine id="r0_l006"><Coords points="666,150 610,150 610,164 612,165 666,165"/><TextEquiv index="1"><Unicode></Unicode></TextEquiv></TextLine><TextLine id="r0_l007"><Coords points="1,167 1,188 32,188 32,167"/><TextEquiv index="1"><Unicode></Unicode></TextEquiv></TextLine><TextLine id="r0_l008"><Coords points="309,200 309,223 552,223 552,200"/><TextEquiv index="1"><Unicode>VELLAVNII.</Unicode></TextEquiv></TextLine><TextLine id="r0_l009"><Coords points="10,202 10,244 61,244 61,202"/><TextEquiv index="1"><Unicode></Unicode></TextEquiv></TextLine><TextLine id="r0_l010"><Coords points="275,247 275,275 532,275 532,247"/><TextEquiv index="1"><Unicode>Ad Carolum V. Cæſarem.</Unicode></TextEquiv></TextLine><TextLine id="r0_l011"><Coords points="662,283 640,282 630,280 575,280 558,282 514,283 228,283 178,282 168,280 1,280 1,311 40,311 47,306 72,306 78,307 92,315 662,316"/><TextEquiv index="1"><Unicode>Bſeruant ſeriem qui temporis, inclyte Cæſar,</Unicode></TextEquiv></TextLine><TextLine id="r0_l012"><Coords points="638,345 638,318 538,317 441,319 313,318 240,319 189,318 175,316 92,316 78,308 47,307 46,308 46,329 49,332 58,334 73,334 82,343 135,344 152,347 552,347"/><TextEquiv index="1"><Unicode>lV Huius te quintum nominis eſſe putant.</Unicode></TextEquiv></TextLine><TextLine id="r0_l013"><Coords points="62,351 62,335 49,333 40,324 1,324 1,352 58,352"/><TextEquiv index="1"><Unicode>L</Unicode></TextEquiv></TextLine><TextLine id="r0_l014"><Coords points="61,389 79,375 184,377 482,377 602,375 629,377 629,348 74,348 65,352 58,353 9,354 4,356 2,359 2,379 4,386 11,391 38,391"/><TextEquiv index="1"><Unicode>Atquam falluntur, quam cæci turpiter errant?</Unicode></TextEquiv></TextLine><TextLine id="r0_l015"><Coords points="583,405 583,377 115,377 115,406 484,407"/><TextEquiv index="1"><Unicode>Virtutem pendit tempore vulgus iners.</Unicode></TextEquiv></TextLine><TextLine id="r0_l016"><Coords points="617,437 617,406 484,408 392,407 310,409 148,408 85,405 76,402 71,398 55,399 55,433 63,433 66,435 122,437 455,437"/><TextEquiv index="1"><Unicode>Geſtorum ratio quod ſi ſit habenda tuorum;</Unicode></TextEquiv></TextLine><TextLine id="r0_l017"><Coords points="603,437 146,439 121,437 66,436 63,434 1,434 1,462 32,462 35,460 58,459 61,462 70,465 131,467 352,467 484,465 585,465 592,467 603,467"/><TextEquiv index="1"><Unicode>u Non quintus, primus nominis huius eris,</Unicode></TextEquiv></TextLine><TextLine id="r0_l018"><Coords points="578,466 163,469 69,465 31,465 31,485 40,492 59,495 578,495"/><TextEquiv index="1"><Unicode>SiRomanorum te ſecula priſca tuliſſent,</Unicode></TextEquiv></TextLine><TextLine id="r0_l019"><Coords points="56,495 40,493 29,484 3,484 3,512 56,512"/><TextEquiv index="1"><Unicode></Unicode></TextEquiv></TextLine><TextLine id="r0_l020"><Coords points="515,525 515,498 111,498 111,526 412,527"/><TextEquiv index="1"><Unicode>Ex te Virgilii nunc legeretur opus.</Unicode></TextEquiv></TextLine><TextLine id="r0_l021"><Coords points="654,523 555,523 549,525 484,527 246,529 122,528 66,526 56,523 56,551 654,551"/><TextEquiv index="1"><Unicode>Cæſaris haud etiam de nomine nomen haberes;</Unicode></TextEquiv></TextLine><TextLine id="r0_l022"><Coords points="1,559 1,573 57,573 57,559"/><TextEquiv index="1"><Unicode></Unicode></TextEquiv></TextLine><TextLine id="r0_l023"><Coords points="528,556 306,557 249,559 128,558 99,559 64,562 55,573 55,583 528,583"/><TextEquiv index="1"><Unicode>Auſtriades abs te dictus at ille foret</Unicode></TextEquiv></TextLine><TextLine id="r0_l024"><Coords points="497,614 550,612 550,589 257,590 257,615 377,615"/><TextEquiv index="1"><Unicode>Ad Stephanum Faucherum.</Unicode></TextEquiv></TextLine><TextLine id="r0_l025"><Coords points="644,607 602,607 594,611 588,612 537,614 208,618 197,613 113,612 57,605 1,606 1,640 47,639 50,642 59,643 61,645 466,645 570,643 609,643 619,645 644,645"/><TextEquiv index="1"><Unicode>mPermultos patriæ præcellens ſplendor honeſtat:</Unicode></TextEquiv></TextLine><TextLine id="r0_l026"><Coords points="63,678 86,677 220,678 432,674 602,675 602,644 186,649 70,647 61,646 59,644 1,644 1,678 16,678 19,683 46,683"/><TextEquiv index="1"><Unicode>Permulti ob claros concelebrantur auos.</Unicode></TextEquiv></TextLine><TextLine id="r0_l027"><Coords points="61,706 233,707 485,703 565,704 569,706 569,675 432,675 220,679 86,678 63,679 46,684 31,684 23,687 23,705 27,710 31,712 53,712"/><TextEquiv index="1"><Unicode>At te, perpetuâ digniſſime laude Senator,</Unicode></TextEquiv></TextLine><TextLine id="r0_l028"><Coords points="558,732 558,705 400,705 233,708 61,707 55,711 55,730 63,734 462,734"/><TextEquiv index="1"><Unicode>Hæc eadem poſſent nobilitare ſatis.</Unicode></TextEquiv></TextLine><TextLine id="r0_l029"><Coords points="63,771 98,772 105,771 110,767 142,766 283,767 567,762 567,733 462,735 330,735 304,737 93,737 81,735 63,735 59,733 1,733 1,771 44,771 59,773"/><TextEquiv index="1"><Unicode>Quin illuſtratur per te Burgundia: multo</Unicode></TextEquiv></TextLine><TextLine id="r0_l030"><Coords points="565,791 565,763 283,768 142,767 110,768 105,772 98,773 63,772 55,776 55,785 60,790 64,792 74,793 116,793 125,794 129,796 169,797 301,797"/><TextEquiv index="1"><Unicode>Nobilius reddis quin genus ipſe tuum.</Unicode></TextEquiv></TextLine><TextLine id="r0_l031"><Coords points="839,771 839,790 867,790 867,771"/><TextEquiv index="1"><Unicode></Unicode></TextEquiv></TextLine><TextLine id="r0_l032"><Coords points="86,824 112,824 131,826 312,826 565,820 601,820 610,825 624,826 624,787 607,787 601,790 580,792 301,798 129,797 125,795 116,794 64,793 56,787 45,787 36,793 29,794 1,794 1,828 79,828"/><TextEquiv index="1"><Unicode>sCauſlæ ſunt variæ, quas paucis dicere non eſt;</Unicode></TextEquiv></TextLine><TextLine id="r0_l033"><Coords points="843,797 843,827 870,827 870,797"/><TextEquiv index="1"><Unicode>M</Unicode></TextEquiv></TextLine><TextLine id="r0_l034"><Coords points="529,852 566,850 566,822 454,823 312,827 131,827 109,825 109,852 115,847 130,847 141,848 146,853 451,853"/><TextEquiv index="1"><Unicode>Ouas etiam notas omnibus eſſe liquet.</Unicode></TextEquiv></TextLine><TextLine id="r0_l035"><Coords points="1,833 1,852 28,852 28,833"/><TextEquiv index="1"><Unicode></Unicode></TextEquiv></TextLine><TextLine id="r0_l036"><Coords points="84,883 109,883 152,886 401,884 470,881 585,881 599,883 599,852 147,857 139,861 118,861 110,858 107,855 95,855 91,852 50,852 49,857 47,859 39,861 29,859 2,859 2,887 77,888"/><TextEquiv index="1"><Unicode>Hiice tamen paucis te verſibus inſero, aam</Unicode></TextEquiv></TextLine><TextLine id="r0_l037"><Coords points="268,913 407,915 417,912 462,913 558,911 558,882 470,882 401,885 198,887 152,887 109,884 84,884 77,889 64,890 57,894 57,915 61,917 210,917"/><TextEquiv index="1"><Unicode>Nomine ſplendeſcet pagina noſtra tuo.</Unicode></TextEquiv></TextLine><TextLine id="r0_l038"><Coords points="868,886 854,886 850,884 843,884 843,916 868,916"/><TextEquiv index="1"><Unicode></Unicode></TextEquiv></TextLine><TextLine id="r0_l039"><Coords points="56,916 56,895 54,893 50,891 1,891 1,920 46,920"/><TextEquiv index="1"><Unicode>u</Unicode></TextEquiv></TextLine><TextLine id="r0_l040"><Coords points="224,914 224,940 550,940 550,914"/><TextEquiv index="1"><Unicode>Ad Philibertu Po ſſonnetum.</Unicode></TextEquiv></TextLine><TextLine id="r0_l041"><Coords points="1,924 1,952 41,952 41,924"/><TextEquiv index="1"><Unicode></Unicode></TextEquiv></TextLine><TextLine id="r0_l042"><Coords points="110,978 118,978 126,973 391,972 490,970 518,968 614,968 615,940 496,940 457,942 302,944 218,943 176,944 168,940 67,940 56,950 56,980 103,980"/><TextEquiv index="1"><Unicode>Qm non ambitio, nec gloria vexat inaniss</Unicode></TextEquiv></TextLine><TextLine id="r0_l043"><Coords points="1,955 1,975 33,975 33,955"/><TextEquiv index="1"><Unicode></Unicode></TextEquiv></TextLine><TextLine id="r0_l044"><Coords points="621,969 518,969 490,971 391,973 126,974 118,979 110,979 103,981 57,981 57,1000 70,1002 336,1002 545,998 576,998 583,1001 621,1002"/><TextEquiv index="1"><Unicode>Contentus propriâ qui quoque ſorte manet:</Unicode></TextEquiv></TextLine><TextLine id="r0_l045"><Coords points="56,1032 67,1031 197,1033 225,1031 447,1030 536,1027 556,1028 556,1000 454,1000 336,1003 160,1004 70,1003 50,1000 46,1005 38,1010 36,1014 29,1010 21,1012 1,1012 1,1035 53,1035"/><TextEquiv index="1"><Unicode>Inniti pleriſque bonis qui poſſet amicis:</Unicode></TextEquiv></TextLine><TextLine id="r0_l046"><Coords points="844,987 844,1034 870,1034 870,987"/><TextEquiv index="1"><Unicode></Unicode></TextEquiv></TextLine><TextLine id="r0_l047"><Coords points="554,1057 561,1056 561,1029 536,1028 447,1031 225,1032 197,1034 141,1034 102,1032 58,1033 58,1056 67,1060 103,1062 184,1062"/><TextEquiv index="1"><Unicode>Qui nulli, vtmultis adſit, obeſſe ſolet:</Unicode></TextEquiv></TextLine><TextLine id="r0_l048"><Coords points="869,1034 844,1034 844,1059 869,1060"/><TextEquiv index="1"><Unicode></Unicode></TextEquiv></TextLine><TextLine id="r0_l049"><Coords points="62,1058 55,1057 51,1054 47,1043 1,1043 1,1070 61,1070"/><TextEquiv index="1"><Unicode></Unicode></TextEquiv></TextLine><TextLine id="r0_l050"><Coords points="101,1091 323,1090 545,1085 591,1085 598,1090 629,1090 629,1057 184,1063 103,1063 65,1060 62,1066 62,1070 60,1071 60,1093 98,1093"/><TextEquiv index="1"><Unicode>Socratis in morem qui ſemper cernitur idem;</Unicode></TextEquiv></TextLine><TextLine id="r0_l051"><Coords points="869,1061 844,1060 844,1083 869,1083"/><TextEquiv index="1"><Unicode></Unicode></TextEquiv></TextLine><TextLine id="r0_l052"><Coords points="844,1084 844,1118 870,1118 870,1084"/><TextEquiv index="1"><Unicode></Unicode></TextEquiv></TextLine><TextLine id="r0_l053"><Coords points="556,1115 556,1087 481,1087 323,1091 101,1092 96,1095 48,1095 48,1118 371,1119"/><TextEquiv index="1"><Unicode>Cui ninil in niueo pectore fellis ineſt:</Unicode></TextEquiv></TextLine><TextLine id="r0_l054"><Coords points="482,1152 492,1143 497,1142 530,1142 540,1150 649,1150 653,1148 661,1148 661,1116 544,1116 438,1119 230,1121 185,1123 131,1123 87,1119 46,1119 46,1151 58,1153 466,1153"/><TextEquiv index="1"><Unicode>Quidoctos homines, ſed doctus &amp; ipſe frequentat</Unicode></TextEquiv></TextLine><TextLine id="r0_l055"><Coords points="845,1118 845,1187 870,1187 870,1118"/><TextEquiv index="1"><Unicode></Unicode></TextEquiv></TextLine><TextLine id="r0_l056"><Coords points="489,1144 489,1158 531,1158 531,1144"/><TextEquiv index="1"><Unicode></Unicode></TextEquiv></TextLine><TextLine id="r0_l057"><Coords points="705,1146 705,1169 734,1169 734,1146"/><TextEquiv index="1"><Unicode>Et</Unicode></TextEquiv></TextLine><TextLine id="r0_l058"><Coords points="564,1151 539,1151 531,1157 521,1158 521,1171 564,1171"/><TextEquiv index="1"><Unicode>l</Unicode></TextEquiv></TextLine><TextLine id="r0_l059"><Coords points="845,1215 845,1255 870,1255 870,1215"/><TextEquiv index="1"><Unicode></Unicode></TextEquiv></TextLine></TextRegion></Page></PcGts>