872 1312
309 200 552 223 VELLAVNII.
275 247 532 275 Ad Carolum V. Cæſarem.
81 279 662 342 Bſeruant ſeriem qui temporis, inclyte Cæſar,
152 316 638 347 lV Huius te quintum nominis eſſe putant.
80 347 629 377 Atquam falluntur, quam cæci turpiter errant?
115 377 583 407 Virtutem pendit tempore vulgus iners.
80 403 617 437 Geſtorum ratio quod ſi ſit habenda tuorum;
81 436 603 467 u Non quintus, primus nominis huius eris,
81 465 578 495 SiRomanorum te ſecula priſca tuliſſent,
111 498 515 527 Ex te Virgilii nunc legeretur opus.
69 523 654 551 Cæſaris haud etiam de nomine nomen haberes;
69 556 528 583 Auſtriades abs te dictus at ille foret
257 589 550 615 Ad Stephanum Faucherum.
69 606 644 645 mPermultos patriæ præcellens ſplendor honeſtat:
69 644 602 678 Permulti ob claros concelebrantur auos.
69 675 569 707 At te, perpetuâ digniſſime laude Senator,
69 705 558 734 Hæc eadem poſſent nobilitare ſatis.
69 733 567 772 Quin illuſtratur per te Burgundia: multo
69 763 565 797 Nobilius reddis quin genus ipſe tuum.
69 787 624 828 sCauſlæ ſunt variæ, quas paucis dicere non eſt;
69 851 599 888 Hiice tamen paucis te verſibus inſero, aam
69 882 558 917 Nomine ſplendeſcet pagina noſtra tuo.
224 914 550 940 Ad Philibertu Po ſſonnetum.
69 940 615 980 Qm non ambitio, nec gloria vexat inaniss
69 969 621 1002 Contentus propriâ qui quoque ſorte manet:
69 1000 556 1033 Inniti pleriſque bonis qui poſſet amicis:
69 1028 561 1062 Qui nulli, vtmultis adſit, obeſſe ſolet:
69 1057 629 1093 Socratis in morem qui ſemper cernitur idem;
69 1087 556 1119 Cui ninil in niueo pectore fellis ineſt:
69 1116 661 1153 Quidoctos homines, ſed doctus & ipſe frequentat
705 1146 734 1169 Et
