872 1312
373 75 551 96 THOM
183 111 628 143 Et quem verus alit relligionis amor:
155 138 629 172 Oenatus qui ſit virtutibus omnibus iſtis,
184 169 671 200 Semideum in terris hunc ego iure putem.
156 197 700 230 Sunt in te, aut plures, o Poiſſonnete quid? ante
186 228 670 255 Semideum in terris non ego iure putem:
337 258 656 282 Ad Ioan. Moriſotum lldiicm.
157 284 703 321 Mota fuit quondam diſcordia iurgia quondam
187 317 551 345 Inter matronas orta fuere duas.
156 345 634 376 Vna Machaoniæ myſteria protulit artis,
186 375 589 405 Altera dicendi ſuppeditauit opes:
156 401 692 439 Iutendunt igitur Peitho Medicinaque litem,
186 432 621 469 Iudice quæ nullo pæne dirempta fuit,
158 458 757 500 Conſulitur Phœbus: Phœbus non hæreat? hæret u
188 490 624 522 Nec niſi detractans, arbiter eſſe cupit
156 521 727 558 Dum ſiquidem dotes Moriſoti examinat omnes,
191 550 663 586 Semideoque videt munera digna viros
155 577 759 614 Hæret in hac primum, quam ſedulus ecolis artem
190 608 590 643 Hæret in eloquii viribus inde tui.
158 634 710 677 Deniq; decernit; tibi tandem adiudicat ambas:
188 668 633 699 Has tibi, te non his conciliare volens.
159 696 675 732 At cui non placeat ſententia iudicis huius?
191 725 663 757 Ambarum dominus iure vocandus eris.
156 758 648 795 Nam medicâ, non eſt Pæon te clarior, arte:
189 786 632 825 Eloquii geminos adſequeriſque Deos.
382 818 570 845 Ad eundom æenia.
160 842 656 878 Lux eſt iſta Deo iamdudum ſacra ifronti:
189 874 629 906 Iamdudum xeniis conuenit iſte dies.
159 902 678 941 At tibi te dignum quid vates inclite donem ?
191 931 688 970 Te dignum a nobis quod tibi munus erit?
162 960 701 998 Non aurum, cuius non eſt mihi copia: ſed non
193 994 568 1027 Auro, me longe ditior ipſe, cares.
161 1020 793 1056 Num laurum mittam, quæ non mihi ſuppedit; & qua tm
192 1049 737 1087 Mox tibi, quando voles, ſat tua ſcripta dabunt;
160 1080 734 1116 Qarmina ſi mittam, non dona ſuperflua mittam?
194 1109 660 1144 Sunt tua carmiibus ſcrinia plena ſatis.
770 1134 829 1167 Car
