872 1312
327 76 509 102 FARB.
87 107 694 146 Carmina mitto tamen: cm nil tibi mittere poſſim
114 142 568 176 Pro xeniis aliud carmina mitta tamen.
87 169 663 201 Quid ſi cautus in hoc videor? nam forſitan abs te
113 202 566 230 Acciperem vt verſus, hac ratione dedi
236 234 527 262 Ad laudium Bouquetum.
87 251 660 302 Quiſquis, at oquiſquis rigidarum more ferarum,
87 290 561 326 Ignorat, quantum ſit pretioſus amor;
87 317 591 351 Conciliatq; ſibi nullos, vt amicus, amicos,
112 350 590 382 Indomitum circa cor adamanta gerens;
87 378 588 411 Sinceri cum ſis, Bouquete, exemplar amici,
114 409 603 441 Nam meritis cunctos demeruiſſe ſtudes
87 438 603 471 Te ſibi proponens imitetur, & alter Oreſtes
87 470 538 501 Protinus vtfiat, deſinet eſſe Timon.
304 501 451 531 Ad diſcipulos.
87 526 515 562 Diſcipuli, dici pulli mihi iure ſoletis;
110 560 544 590 Dum vos gallinæ dirigo more fouens,
273 592 496 615 In Tholoſnos iuenes.
87 615 528 652 Iuriſconſultos vos naſci creditis, idq;
116 648 530 681 Adſiduus tota rumor in vrbe ſonat.
87 675 600 710 Hæc cum ſint vero fortaſle ſimillima, miror
110 708 552 743 Iuriſconſultos vos neque poſſe mori.
341 742 465 762 I Aoem.
87 765 601 798 Eſſet amor rumor, niſi mutuus eſſet amoris.
113 798 631 836 Quiſquis amat fruſtra,non redamatus, amat.
228 926 595 957 Caroli I.e Eliabetha Auſtriade.
83 970 646 1022 Andida num gelido Nais tibi vcnit ab Iſtro,
135 999 638 1028 Carole rex, magna non ditione minor?
81 1028 523 1058 Arſit amore tui caſtiſſima filia magni
115 1058 544 1087 Cæſaris. Arctoæ tunc caluere niues.
87 1084 556 1119 Mens prælætitiâ volitat præſaga futuri;
87 1116 553 1149 ttor Sercum untiat inde genus.
691 1147 755 1180 C
