872 1312
370 77 592 99 STEPHANI
141 112 709 143 Cùm tua ſit coniux ſeptem prope nata Triones,
175 143 632 175 Creditur humanâ Stella reuulſa manu.
350 174 590 195 De Cathairinâ Mediceâ.
144 201 665 233 Aſtræam Herois poſt ſe Catharina relinquit:
173 232 647 261 Regibus hæc ſplendet; legibus illa datis.
145 260 639 290 Spicas illa; ſed hæc florentia Lilia præfert:
176 291 670 319 Auro illa; hæc gemmis ſæcula noſtra beat.
145 320 638 350 Illa polum renolat, lites pertæſa moleſtas;
174 350 721 379 Dat pacem hæc populo: pax dabit alma polum.
145 378 634 408 Aſtræa obliquo Signorum fulget in orbe:
176 408 670 437 Hæc quoq; (ſiqua piis præmia) Sidus erit.
132 438 713 468 Edita ſitne ſacro Charitum de ſanguine quæras:
178 468 686 497 Vna trium eſt, animos aut habet vna trium.
332 497 642 525 Maimiliano II. Aug. Cæſari
148 527 693 556 Vt tres Forcatuli nequeant æquare Maronem;
177 556 617 585 Sic ego te Auguſtis præfero iure tribus
167 586 750 615 De Phœnice, ab ortu Solis in Septentrionem migranteat
359 617 610 644 Henricum Poloniæ regem.
146 644 665 673 Sarmaticas Phœnix vt primum vidit ad oras
176 674 587 701 Ire Ducem cuius Gallia luce nitet;
145 704 682 733 Plus, inquit, tepido gelidus me Viſtula Gange,
175 732 668 762 Et plus chryſolithis ſuccina gemma iuuat.
141 762 705 791 Non myrrhæ lacrimis, nigro nec lætor amomo:
173 792 632 821 Candida quod redolet lilia melle fruar.
129 817 667 849 Sed Phœnix metuo Gallo ſub principe felix,
171 850 595 880 Ne pigeat me poſt ſæcula certa mori:
129 881 692 909 Sarmatis ora placet: nunc Indica rura valete.
173 909 694 940 Cum Sole ipſe meos transfero nempe Lares.
262 942 681 968 Ioanni Monlucio legato regis apud Polonos.
141 968 684 998 Interpres Monluce Dei regumque potentum,
171 998 717 1027 Cur cupis Andegauum tam procul ire Ducem?
138 1027 629 1053 E Duce Rex fiet, ſic faris: ſed tamen heros
167 1056 645 1085 Liliger humano plus Duce præſtat humi.
138 1085 659 1115 Muſarum ſpoliis tu fulges, Sarmata noſtris:
168 1117 643 1151 Sarmata qui regno, ſed mage Rege viget.
750 1142 806 1185 Hic
