872 1312
270 61 532 84 FoRCATVLI.
85 156 543 188 Aſæuo lacrimas extorſit Dite, canora,
122 187 600 216 Voce ciens dulcem Maniibus Eurydicen.
85 212 665 246 Quid ſibi vult antiqua, rogas, hæc fabula, lectori
85 246 568 276 Anquod is agreſtes traxerit ore Viros?
85 275 566 306 Immanes flectit regina oratio rerum,
85 306 699 338 Blanda nec alloquitur lingua quid ergo? facit.
312 337 524 356 D ineri Phidiæ.
85 363 616 393 Innuba ſuccubuit ſub agreſti iudice Pallas:
125 395 533 424 Cyprin in Idæis prætulit iſte iugis.
98 423 642 453 Caſta triumphata eſt peplo ſuccincta verendo,
127 454 588 483 Et Paphium currum victa coacta ſequi.
98 482 616 512 In tabula quam ſi ſpectet Cytherea, viciſſim
125 512 542 542 Phidiaca pictæ ceſſerit vltro manu.
357 546 495 574 Ad Apellem.
99 571 657 602 Emerſam ex vndis Venerem cur pingis Apelle?
128 603 586 633 Spumifero natam tu mage pinge mero.
229 634 596 662 mor marinis ſluctibus incertior.
92 662 647 693 Quam ſcite genitam dixerunt Cyprida ponto
130 693 589 721 Antiqui i fluctus ſunt vtriuſque graues.
100 722 687 751 Vis tamen haud vexat tumidos Aquilonia nautas;
120 751 633 782 Quandoque quin curuet lenior aura ſinus.
92 780 642 811 Adſidua ſed amans vrgetur quiſque procella.
98 811 630 840 Sic Luna occiduum fertq; refertq; fretum.
354 843 480 872 Ad Gallam.
104 866 651 900 Galla genas ſcindis teneras, quia mater obiuit,
129 900 619 930 Vellis & hoſtili, proh dolor, vngue comas.
92 989 651 1019 Mærorem lenire queas hunc tempore: tempus
92 1017 635 1050 Quod facit, hoc præſtas ſi tibi Galla, ſapis.
312 1049 513 1077 Ad Hylen puellam.
92 1077 648 1112 Nec pauper, nec pulcer. Hyle, te deperit Aulus:
131 1108 593 1143 Sic lepidam ſimus Naida Faunus mat.
717 1137 771 1158 Non
