872 1312
355 80 571 102 STEPHANI
124 113 690 144 Non videt iſte magis ſemet, quam noctua Solem,
153 143 555 167 Luſcus amore tui, cæcus amore ſui.
305 175 577 201 Non otreſtandum feminis.
123 202 734 233 Nil pulcrum, Lentine. probas, quod femina præſtet,
155 232 591 259 Teq; putas, hanc ſi læſeris, eſſe virum.
125 260 694 290 Caſta nec eſt Ithaci coniux tibi principis, vrbem
155 290 629 319 Nec Dido in Libya condidit vlla nouam:
124 319 649 349 Penteſilea comam galea nec preſſit Amaæon
156 349 626 378 Nec Tomyris ſpoliis Regis onuſta redit.
124 377 616 406 Naſci forte mares albis ex dentibus optes,
155 407 639 437 Quos victo memorant eſſe Dracone ſatos.
125 437 608 459 Threiicii ne inſtar Vatis lacerere. caueto.
156 466 615 496 Sit bona ſi mulier, lis iubet eſſe malam:
123 495 648 523 Hac ratione malam potius niſi dicere iuseſt
154 525 639 555 Nequitia inſignem te male quod peperit.
323 557 545 583 Euridices dupler nors.
105 582 625 615 Læſit Ariſtæus, miſeros dum prætulit ignes,
152 612 659 643 Formoſam Eurydicen, Eurydiceſque virum.
123 642 602 671 Te, Heroina, cpit paſtor Peneius; illum
151 671 609 700 Tu fugis, & celerem te iuber eſſe pudor.
123 701 710 730 Cærula colla tumens pedibus tum reſtitit hydrus,
153 730 680 759 Qui tibi, quique viro morſque dolorque fuit,
105 759 592 789 Vir ſi præſciſſet. cantu qui exercita curſu
153 789 572 818 Flumina ſiſtebat, vix peritura fores.
122 818 627 841 Tunc ſit Ariſtæus lentus, ſit carmine mitis
152 847 609 877 Sub viridi ſerpens gramine qui latuit.
124 875 708 905 Quin te Orco reuocet coniux OEagrius Orpheus,
151 906 625 934 Dulciſona flectens Numina nigra chely.
122 935 668 964 Præſtituit legem ſed parcere neſcius hane Dis,
153 964 566 994 Nec dimiſſa Orco denuo reſpiceres.
122 995 760 1027 Tænarium repetis, quod reſpicis immemor, antrum: f
151 1023 651 1053 Fœderis immemorem iura ſeuera trahunt.
123 1053 645 1080 tra Deûm ſemel eſt peccanti lenior: at mox
152 1082 637 1113 Qui redit ad facinus, vix redit ad veniam.
334 1113 600 1142 Ad Actæonem, de Cltrâ.
741 1142 793 1168 Nu-
