<?xml version="1.0" encoding="UTF-8" standalone="no"?><PcGts xmlns="http://schema.primaresearch.org/PAGE/gts/pagecontent/2019-07-15" xmlns:xsi="http://www.w3.org/2001/XMLSchema-instance" xsi:schemaLocation="http://schema.primaresearch.org/PAGE/gts/pagecontent/2019-07-15 http://schema.primaresearch.org/PAGE/gts/pagecontent/2019-07-15/pagecontent.xsd"><Metadata><Creator/><Created>2022-04-10T10:42:37</Created><LastChange>1970-01-01T00:00:00</LastChange><Comments/></Metadata><Page imageFilename="0935.png" imageHeight="1312" imageWidth="872"><TextRegion id="r1" orientation="0.0" type="paragraph"><Coords points="1,1 870,1 870,1310 1,1310"/><TextLine id="l1"><Coords points="362,73 362,96 583,96 583,73"/><TextEquiv><Unicode/></TextEquiv><TextEquiv index="1"><Unicode>sTEPHANI</Unicode></TextEquiv></TextLine><TextLine id="l2"><Coords points="624,108 408,105 149,105 149,133 260,135 624,135"/><TextEquiv><Unicode/></TextEquiv><TextEquiv index="1"><Unicode>Non hanc Ledæus quâ minus albet olor.</Unicode></TextEquiv></TextLine><TextLine id="l3"><Coords points="649,141 634,140 571,140 545,138 451,137 371,138 259,135 122,135 122,165 649,165"/><TextEquiv><Unicode/></TextEquiv><TextEquiv index="1"><Unicode>Quæ mera blandiloquis triuit corallia labris,</Unicode></TextEquiv></TextLine><TextLine id="l4"><Coords points="151,166 151,194 568,194 568,166"/><TextEquiv><Unicode/></TextEquiv><TextEquiv index="1"><Unicode>Purpureas video cuius in ore niues.</Unicode></TextEquiv></TextLine><TextLine id="l5"><Coords points="699,195 614,195 605,198 592,199 422,198 374,196 260,195 123,195 123,227 129,227 136,222 205,222 246,225 341,225 414,227 700,227"/><TextEquiv><Unicode/></TextEquiv><TextEquiv index="1"><Unicode>Me voluit quondam: ſi nunc non pænitet illam</Unicode></TextEquiv></TextLine><TextLine id="l6"><Coords points="606,229 150,225 150,255 606,255"/><TextEquiv><Unicode/></TextEquiv><TextEquiv index="1"><Unicode>Da, Venus, hoc vni quod cupiere duo.</Unicode></TextEquiv></TextLine><TextLine id="l7"><Coords points="402,258 402,284 558,284 558,258"/><TextEquiv><Unicode/></TextEquiv><TextEquiv index="1"><Unicode>Ad Vulcanum.</Unicode></TextEquiv></TextLine><TextLine id="l8"><Coords points="604,283 591,285 564,286 355,285 351,283 124,283 124,308 604,308"/><TextEquiv><Unicode/></TextEquiv><TextEquiv index="1"><Unicode>An, Vulcane, tibi nunc eſt venatio cordi?</Unicode></TextEquiv></TextLine><TextLine id="l9"><Coords points="153,314 153,340 591,340 591,314"/><TextEquiv><Unicode/></TextEquiv><TextEquiv index="1"><Unicode>Aurea dic tandem retia cur fabricas?</Unicode></TextEquiv></TextLine><TextLine id="l10"><Coords points="762,339 708,342 641,341 637,343 626,343 606,346 123,343 123,371 762,371"/><TextEquiv><Unicode/></TextEquiv><TextEquiv index="1"><Unicode>Amplexum vt Veneris dulci cum Marte prehendas? el</Unicode></TextEquiv></TextLine><TextLine id="l11"><Coords points="686,376 587,374 155,373 155,398 162,391 183,391 213,393 219,401 686,401"/><TextEquiv><Unicode/></TextEquiv><TextEquiv index="1"><Unicode>Onis pudor? i vecors; vt pede, mente breuis.</Unicode></TextEquiv></TextLine><TextLine id="l12"><Coords points="635,404 384,404 219,402 211,406 166,406 161,405 155,401 124,401 124,430 160,429 217,431 635,431"/><TextEquiv><Unicode/></TextEquiv><TextEquiv index="1"><Unicode>Fabula fis ſuperis. prudens in pectore celat,</Unicode></TextEquiv></TextLine><TextLine id="l13"><Coords points="661,435 649,434 266,433 216,431 159,431 159,461 661,461"/><TextEquiv><Unicode/></TextEquiv><TextEquiv index="1"><Unicode>Quæ ſtulto in media cornua fronte patent.</Unicode></TextEquiv></TextLine><TextLine id="l14"><Coords points="370,463 370,490 560,490 560,463"/><TextEquiv><Unicode/></TextEquiv><TextEquiv index="1"><Unicode>De fonte purisimo.</Unicode></TextEquiv></TextLine><TextLine id="l15"><Coords points="659,489 604,489 597,491 105,489 105,519 659,519"/><TextEquiv><Unicode/></TextEquiv><TextEquiv index="1"><Unicode>Fons eſt Siluigeri vitreus ſub vertice montis,</Unicode></TextEquiv></TextLine><TextLine id="l16"><Coords points="674,523 663,522 155,520 155,548 172,549 394,548 436,550 674,550"/><TextEquiv><Unicode/></TextEquiv><TextEquiv index="1"><Unicode>Hinc properans tenui murmure prata lauat.</Unicode></TextEquiv></TextLine><TextLine id="l17"><Coords points="667,552 436,551 394,549 172,550 110,545 105,545 104,579 107,579 110,577 181,577 214,579 667,579"/><TextEquiv><Unicode/></TextEquiv><TextEquiv index="1"><Unicode>Non perit hac dum ſe Narciſlus deperit, vnda:</Unicode></TextEquiv></TextLine><TextLine id="l18"><Coords points="643,581 214,580 157,578 157,605 164,606 309,606 387,608 643,608"/><TextEquiv><Unicode/></TextEquiv><TextEquiv index="1"><Unicode>Hinc ſanientis aquæ captus amore perit.</Unicode></TextEquiv></TextLine><TextLine id="l19"><Coords points="631,610 164,607 114,605 107,602 105,602 105,637 126,637 131,634 152,634 168,636 179,635 269,637 631,637"/><TextEquiv><Unicode/></TextEquiv><TextEquiv index="1"><Unicode>Nudantur Charites iſta comiteſque Dianæ,</Unicode></TextEquiv></TextLine><TextLine id="l20"><Coords points="596,640 141,637 141,663 148,665 292,665 326,667 596,667"/><TextEquiv><Unicode/></TextEquiv><TextEquiv index="1"><Unicode>Erigones æſtas cum tepet igne Canis.</Unicode></TextEquiv></TextLine><TextLine id="l21"><Coords points="640,666 632,668 599,669 326,668 292,666 126,666 126,693 640,693"/><TextEquiv><Unicode/></TextEquiv><TextEquiv index="1"><Unicode>Emerſiſſe Venus decies hinc aurea mallet,</Unicode></TextEquiv></TextLine><TextLine id="l22"><Coords points="153,696 153,726 571,726 571,696"/><TextEquiv><Unicode/></TextEquiv><TextEquiv index="1"><Unicode>Nuda Cytheriaco nata puella mari.</Unicode></TextEquiv></TextLine><TextLine id="l23"><Coords points="363,727 363,752 539,752 539,727"/><TextEquiv><Unicode/></TextEquiv><TextEquiv index="1"><Unicode>Læſus ab Amore.</Unicode></TextEquiv></TextLine><TextLine id="l24"><Coords points="689,754 584,754 577,756 127,754 127,781 146,781 164,783 383,786 689,786"/><TextEquiv><Unicode/></TextEquiv><TextEquiv index="1"><Unicode>Cor mihi punxit Amor, ſed punxit præpete telo:</Unicode></TextEquiv></TextLine><TextLine id="l25"><Coords points="647,788 147,785 147,812 157,813 284,813 329,815 647,815"/><TextEquiv><Unicode/></TextEquiv><TextEquiv index="1"><Unicode>Figitur hoc tunc plus cum magis excutio:</Unicode></TextEquiv></TextLine><TextLine id="l26"><Coords points="618,818 608,817 329,816 284,814 200,815 125,813 125,836 618,836"/><TextEquiv><Unicode/></TextEquiv><TextEquiv index="1"><Unicode>Lethiferis Arabum non illita tela venenis</Unicode></TextEquiv></TextLine><TextLine id="l27"><Coords points="668,845 576,846 155,843 156,871 247,871 296,873 668,873"/><TextEquiv><Unicode/></TextEquiv><TextEquiv index="1"><Unicode>Plus noceant; medices ars petit artis opem.</Unicode></TextEquiv></TextLine><TextLine id="l28"><Coords points="615,876 606,875 125,873 125,899 615,899"/><TextEquiv><Unicode/></TextEquiv><TextEquiv index="1"><Unicode>Carpere dictamnum Cretea nil iuuet Ida,</Unicode></TextEquiv></TextLine><TextLine id="l29"><Coords points="574,905 157,903 157,928 163,929 347,933 574,933"/><TextEquiv><Unicode/></TextEquiv><TextEquiv index="1"><Unicode>Quo vellunt cerui ſpicula fixa leues.</Unicode></TextEquiv></TextLine><TextLine id="l30"><Coords points="632,962 632,930 615,930 609,933 593,934 347,934 221,932 182,930 125,930 125,958 552,963"/><TextEquiv><Unicode/></TextEquiv><TextEquiv index="1"><Unicode>Telephus hæc eadem fatalia vulnera ſenſit,</Unicode></TextEquiv></TextLine><TextLine id="l31"><Coords points="604,963 483,964 397,962 159,962 159,992 326,992 329,990 347,989 408,990 434,992 604,992"/><TextEquiv><Unicode/></TextEquiv><TextEquiv index="1"><Unicode>Sanare vt tantum qui facit illa, queat.</Unicode></TextEquiv></TextLine><TextLine id="l32"><Coords points="377,994 377,1021 473,1021 473,994"/><TextEquiv><Unicode/></TextEquiv><TextEquiv index="1"><Unicode>De Lepti.</Unicode></TextEquiv></TextLine><TextLine id="l33"><Coords points="706,1019 698,1018 614,1018 602,1017 599,1014 590,1011 526,1010 521,1012 516,1018 505,1021 371,1022 331,1021 322,1016 172,1015 125,1010 105,1010 105,1050 110,1047 124,1046 197,1050 706,1051"/><TextEquiv><Unicode/></TextEquiv><TextEquiv index="1"><Unicode>Si quos Leptis amat nec amat, ſed fallitab illis,</Unicode></TextEquiv></TextLine><TextLine id="l34"><Coords points="589,1053 153,1051 153,1075 244,1079 589,1081"/><TextEquiv><Unicode/></TextEquiv><TextEquiv index="1"><Unicode>Eximia vt merces, annulus exigitur</Unicode></TextEquiv></TextLine><TextLine id="l35"><Coords points="679,1078 625,1078 620,1081 605,1082 472,1082 363,1080 244,1080 217,1078 112,1078 112,1110 147,1110 155,1106 250,1108 254,1110 679,1110"/><TextEquiv><Unicode/></TextEquiv><TextEquiv index="1"><Unicode>Poſt Veneris ſua furta nihil plus quærit auara,</Unicode></TextEquiv></TextLine><TextLine id="l36"><Coords points="609,1113 314,1111 307,1115 283,1115 259,1114 250,1109 152,1108 145,1113 142,1113 142,1143 610,1143"/><TextEquiv><Unicode/></TextEquiv><TextEquiv index="1"><Unicode>Præſertim li aurum diuidat arte lapis.</Unicode></TextEquiv></TextLine><TextLine id="l37"><Coords points="800,1179 803,1177 803,1146 801,1146 795,1141 741,1141 741,1180 792,1180"/><TextEquiv><Unicode/></TextEquiv><TextEquiv index="1"><Unicode>n</Unicode></TextEquiv></TextLine><TextEquiv><Unicode/></TextEquiv></TextRegion></Page></PcGts>