872 1312
255 71 550 95 FORCATVILI.
84 99 608 145 Iam caret Aſſyrius gemmis, obnoxia præda
130 139 541 168 Decoquit auriferi lucida ripa Tagi
84 164 617 198 Vt ſtragem Latii Carthagine ſupputat hoſtis
129 199 616 230 Annulus; hæc victos ſupputat inde viros.
327 230 489 256 De ſ d Tireſiâ.
84 248 617 290 Pallada Tireſias doluit vidiſſe lauantem;
130 287 635 316 Nam quibus hanc oculis viderat, his caruit.
104 317 605 348 Supplicii nouitas potuit terrere: ſed audax
130 348 679 377 Cœleſtem adſpexi quis neget hoc? Clytiam,
84 376 646 407 O ſuauem nimium dulci pro crimine pœnam
130 407 573 437 Cœculus, & longe doctior hinc redeo.
234 439 514 466 Amantis incertus ſtætus.
84 467 588 498 Nec Iunonis auis, nec cœli pingitur arcus
129 498 658 527 Tam variis, quam nunc pingor amore modis.
84 527 669 557 Non freta, non Syrtes æquant me fluctibus Afræ;
129 557 610 586 Cum rota me verſat, quâ male diſcrucior.
100 587 626 617 Orta nec eſt alio tempeſtas ſidere, quam quod
127 617 547 648 Allicit, & mox me ſæua puella fugat.
99 645 658 677 Hinc tingor violis, hyacinthinus, aureus, albens.
126 676 599 708 Vt faciem tingat nunc Agathyrſus, amet.
340 709 500 736 Ad Cupidinem.
97 731 688 767 Me Clytia abſentem reuocat, pellitque ſequentem,
124 766 573 796 Huc illuc ſic nos, parue Cupido, trahis.
100 796 573 828 Tantalus in medio ſitiens eluditur vnda:
123 826 573 856 Me ſitis in medio nectare iugis habet.
269 858 545 887 Imperandum cupiditatibus.
84 880 676 918 Dux, quamuis famulo victor dominetur Hydaſpe,
123 916 565 940 Si Veneri aut Iræ dat loca, ſeruit iners.
322 947 469 968 Ad Didonem.
83 969 607 1005 Dic, Cytherea nurus, cur ferrum ſumis, Eliſa,
120 1004 560 1033 Dum tuus Nneas Punica regna fugit:
84 1026 654 1066 Nam profugus cum te Reginam luſcrit hoſpes,
122 1065 493 1088 Suffeciſſe neci debuit iſte dolor
298 1096 458 1125 Ad Cytiam.
84 1120 644 1157 Faſciculumegregio mittis pro munere florum:
692 1147 754 1171 Ns
