<?xml version="1.0" encoding="UTF-8" standalone="no"?><PcGts xmlns="http://schema.primaresearch.org/PAGE/gts/pagecontent/2019-07-15" xmlns:xsi="http://www.w3.org/2001/XMLSchema-instance" xsi:schemaLocation="http://schema.primaresearch.org/PAGE/gts/pagecontent/2019-07-15 http://schema.primaresearch.org/PAGE/gts/pagecontent/2019-07-15/pagecontent.xsd"><Metadata><Creator/><Created>2022-04-10T10:43:34</Created><LastChange>1970-01-01T00:00:00</LastChange><Comments/></Metadata><Page imageFilename="0937.png" imageHeight="1312" imageWidth="872"><TextRegion id="r1" orientation="0.0" type="paragraph"><Coords points="1,1 870,1 870,1310 1,1310"/><TextLine id="l1"><Coords points="329,67 329,94 605,94 605,67"/><TextEquiv><Unicode/></TextEquiv><TextEquiv index="1"><Unicode>sTEPHAN</Unicode></TextEquiv></TextLine><TextLine id="l2"><Coords points="567,105 163,105 163,133 166,134 567,134"/><TextEquiv><Unicode/></TextEquiv><TextEquiv index="1"><Unicode>Nexa eſt alternis lutea caltha roſis.</Unicode></TextEquiv></TextLine><TextLine id="l3"><Coords points="727,134 615,133 613,135 605,137 521,137 436,135 196,136 134,133 134,162 217,161 224,166 249,166 253,164 727,166"/><TextEquiv><Unicode/></TextEquiv><TextEquiv index="1"><Unicode>Ni cito marceſcant. ſatiant hæc tempore. quidna</Unicode></TextEquiv></TextLine><TextLine id="l4"><Coords points="657,168 620,166 530,167 483,165 253,165 249,167 226,165 211,165 197,165 163,164 169,178 169,192 657,192"/><TextEquiv><Unicode/></TextEquiv><TextEquiv index="1"><Unicode>Clytia obſecrem dixero? visne? libet.</Unicode></TextEquiv></TextLine><TextLine id="l5"><Coords points="136,194 136,220 591,220 591,194"/><TextEquiv><Unicode/></TextEquiv><TextEquiv index="1"><Unicode>Arboris vt Citriæ flores imiteris, &amp; vn</Unicode></TextEquiv></TextLine><TextLine id="l6"><Coords points="164,224 164,253 603,253 603,224"/><TextEquiv><Unicode/></TextEquiv><TextEquiv index="1"><Unicode>Mutua des fructus gaudia. cur renuis?</Unicode></TextEquiv></TextLine><TextLine id="l7"><Coords points="516,281 516,256 361,256 361,282 478,282"/><TextEquiv><Unicode/></TextEquiv><TextEquiv index="1"><Unicode>Ad Vulpeniam.</Unicode></TextEquiv></TextLine><TextLine id="l8"><Coords points="680,282 666,281 564,280 555,283 368,282 320,283 309,279 292,278 175,278 161,276 134,276 134,310 273,312 680,312"/><TextEquiv><Unicode/></TextEquiv><TextEquiv index="1"><Unicode>Vox, color, atque ætas tibi ſunt, Vulpenia, corui</Unicode></TextEquiv></TextLine><TextLine id="l9"><Coords points="634,315 623,314 167,312 167,340 634,340"/><TextEquiv><Unicode/></TextEquiv><TextEquiv index="1"><Unicode>Nubere vis Lopſo? nube, cadauer habes.</Unicode></TextEquiv></TextLine><TextLine id="l10"><Coords points="328,345 328,370 508,370 508,345"/><TextEquiv><Unicode/></TextEquiv><TextEquiv index="1"><Unicode>Ad puella.</Unicode></TextEquiv></TextLine><TextLine id="l11"><Coords points="135,370 135,395 616,395 616,370"/><TextEquiv><Unicode/></TextEquiv><TextEquiv index="1"><Unicode>Porrexi ex auro munuſcula Dædala ſed tu</Unicode></TextEquiv></TextLine><TextLine id="l12"><Coords points="165,400 165,429 561,429 561,400"/><TextEquiv><Unicode/></TextEquiv><TextEquiv index="1"><Unicode>Reſpuis, &amp; nugas aurea dona facis.</Unicode></TextEquiv></TextLine><TextLine id="l13"><Coords points="128,429 128,460 705,460 705,429"/><TextEquiv><Unicode/></TextEquiv><TextEquiv index="1"><Unicode>Cinnama nec captas redolentia, nec Amethyſtos.</Unicode></TextEquiv></TextLine><TextLine id="l14"><Coords points="658,460 167,460 167,488 658,488"/><TextEquiv><Unicode/></TextEquiv><TextEquiv index="1"><Unicode>Qud faciam, ſi nec, lux mea, carmen amasi</Unicode></TextEquiv></TextLine><TextLine id="l15"><Coords points="694,488 127,488 127,516 160,516 174,518 694,518"/><TextEquiv><Unicode/></TextEquiv><TextEquiv index="1"><Unicode>Montibus .thiopum magnetem poſcere cogar</Unicode></TextEquiv></TextLine><TextLine id="l16"><Coords points="574,519 166,518 166,542 574,542"/><TextEquiv><Unicode/></TextEquiv><TextEquiv index="1"><Unicode>Fibra tibi cum ſit ferrea: ſic venies.</Unicode></TextEquiv></TextLine><TextLine id="l17"><Coords points="363,550 363,577 511,577 511,550"/><TextEquiv><Unicode/></TextEquiv><TextEquiv index="1"><Unicode>Ad Nartiam.</Unicode></TextEquiv></TextLine><TextLine id="l18"><Coords points="124,603 422,606 639,606 639,576 411,578 330,578 321,576 124,576"/><TextEquiv><Unicode/></TextEquiv><TextEquiv index="1"><Unicode>Olfaciam citius fugientem, Nartia, vulpem,</Unicode></TextEquiv></TextLine><TextLine id="l19"><Coords points="647,608 641,607 166,605 166,632 168,633 483,636 647,636"/><TextEquiv><Unicode/></TextEquiv><TextEquiv index="1"><Unicode>Si qua vel in bararhri fauce mephitis olet.</Unicode></TextEquiv></TextLine><TextLine id="l20"><Coords points="695,634 692,634 685,637 483,637 135,634 135,662 272,664 695,663"/><TextEquiv><Unicode/></TextEquiv><TextEquiv index="1"><Unicode>Excuſſam quam te, poſt tot crepuſcula ſomno:</Unicode></TextEquiv></TextLine><TextLine id="l21"><Coords points="647,666 548,667 532,665 351,666 271,664 163,664 163,692 297,693 354,695 647,695"/><TextEquiv><Unicode/></TextEquiv><TextEquiv index="1"><Unicode>Impexam præfers tunc mihi Tiſiphonem.</Unicode></TextEquiv></TextLine><TextLine id="l22"><Coords points="592,697 587,696 522,697 354,696 297,694 133,694 133,720 592,720"/><TextEquiv><Unicode/></TextEquiv><TextEquiv index="1"><Unicode>Mox pretioſa linis laſciuo ſerica moſco.</Unicode></TextEquiv></TextLine><TextLine id="l23"><Coords points="167,722 167,754 659,754 659,722"/><TextEquiv><Unicode/></TextEquiv><TextEquiv index="1"><Unicode>Suaue nec hoc redolet, ſed male: te potius</Unicode></TextEquiv></TextLine><TextLine id="l24"><Coords points="385,756 385,783 477,783 477,756"/><TextEquiv><Unicode/></TextEquiv><TextEquiv index="1"><Unicode>upidini.</Unicode></TextEquiv></TextLine><TextLine id="l25"><Coords points="621,813 621,782 520,780 515,783 497,784 353,785 340,780 134,780 134,810 274,813 545,814"/><TextEquiv><Unicode/></TextEquiv><TextEquiv index="1"><Unicode>ncola, non hoſpes, cordis, veſane Cupido,</Unicode></TextEquiv></TextLine><TextLine id="l26"><Coords points="670,840 670,813 545,815 163,813 163,839 223,838 253,841 296,842 561,842"/><TextEquiv><Unicode/></TextEquiv><TextEquiv index="1"><Unicode>Incendis propriam cur tibi, quæſo, domum</Unicode></TextEquiv></TextLine><TextLine id="l27"><Coords points="690,841 561,843 296,843 252,841 135,841 135,867 148,868 192,868 215,870 352,871 690,871"/><TextEquiv><Unicode/></TextEquiv><TextEquiv index="1"><Unicode>Scis, Clytiam peraio; quæ ni mihi dura fuiſſet,</Unicode></TextEquiv></TextLine><TextLine id="l28"><Coords points="571,901 571,873 162,871 162,898 169,899 261,899 290,901 441,902"/><TextEquiv><Unicode/></TextEquiv><TextEquiv index="1"><Unicode>Delicias poſſet diſſimulare Paphus.</Unicode></TextEquiv></TextLine><TextLine id="l29"><Coords points="718,899 611,899 605,901 581,902 441,903 134,899 134,926 156,926 161,929 718,929"/><TextEquiv><Unicode/></TextEquiv><TextEquiv index="1"><Unicode>Cor valet hæ quamuis abſentibus vrere ſlammis:</Unicode></TextEquiv></TextLine><TextLine id="l30"><Coords points="556,931 414,932 192,930 189,932 165,933 165,957 342,959 556,959"/><TextEquiv><Unicode/></TextEquiv><TextEquiv index="1"><Unicode>Tu lpiras: vires inde fauilla capit.</Unicode></TextEquiv></TextLine><TextLine id="l31"><Coords points="689,958 590,958 585,960 537,961 133,958 133,986 139,987 689,987"/><TextEquiv><Unicode/></TextEquiv><TextEquiv index="1"><Unicode>Barbara quam ſciſcis lex eſt; nec credo, negabis:</Unicode></TextEquiv></TextLine><TextLine id="l32"><Coords points="165,990 165,1018 644,1018 644,990"/><TextEquiv><Unicode/></TextEquiv><TextEquiv index="1"><Unicode>Cum peccent oculi, pœna cor vna manet.</Unicode></TextEquiv></TextLine><TextLine id="l33"><Coords points="351,1021 351,1048 540,1048 540,1021"/><TextEquiv><Unicode/></TextEquiv><TextEquiv index="1"><Unicode>lia corde triplici.</Unicode></TextEquiv></TextLine><TextLine id="l34"><Coords points="714,1048 135,1048 135,1074 213,1074 252,1076 358,1077 714,1077"/><TextEquiv><Unicode/></TextEquiv><TextEquiv index="1"><Unicode>ronem triplici memorant ceruice ſuperbum;</Unicode></TextEquiv></TextLine><TextLine id="l35"><Coords points="612,1078 166,1077 166,1103 181,1105 612,1106"/><TextEquiv><Unicode/></TextEquiv><TextEquiv index="1"><Unicode>Et Stygium ternâ fauce latrare canem.</Unicode></TextEquiv></TextLine><TextLine id="l36"><Coords points="611,1107 353,1108 320,1106 135,1106 135,1138 611,1138"/><TextEquiv><Unicode/></TextEquiv><TextEquiv index="1"><Unicode>Tres animo Hcrilo, mirum, Feronia Begi</Unicode></TextEquiv></TextLine><TextLine id="l37"><Coords points="700,1135 700,1167 799,1167 799,1135"/><TextEquiv><Unicode/></TextEquiv><TextEquiv index="1"><Unicode>ypha</Unicode></TextEquiv></TextLine><TextEquiv><Unicode/></TextEquiv></TextRegion></Page></PcGts>