872 1312
248 65 539 88 FORCATVLI.
718 72 756 93 S
118 101 627 132 Nympha dedit: triplex elia nomen habet.
1 122 643 164 aCorda procos totidem admittentia Lælia celat:
118 161 616 192 Vel tria, velleue cor, plus habet vna tribus.
326 194 494 222 ytie clliinde.
48 198 626 250 Quorſum opus eſt oculos alienis eminus aſtris
117 250 581 282 Mittere, vel Solis quærere facta procul.
49 271 662 314 Floſculus ornat humum, ſed ſtellâ pulcrior indes,
119 309 526 342 Aſſiduus Solis cæruluſque comes.
50 340 604 373 Flos Clytiæ Solem ſequitur, fixuſque tuetur.
120 369 605 402 Qui fuit in Nymphâ. fore perennat amor.
49 389 613 433 Præſaga vt rerris conducunt aſtra colendis,
118 429 555 462 Sic flore exiguo ſidera pandit humus.
331 462 437 480 De Lcb â.
48 479 560 522 Tela Leo fugiens Maſſyla per auia fuluus
118 518 604 548 Plus rugit, oſtendens quam generoſus eat.
47 541 609 581 Sic amat, & noſtros cum Lesbia reiicit ignes.
116 579 582 608 Frigida quit flammas reddere ſæpe ſilex.
271 610 531 638 Vocatur Venus ad nuptias.
90 637 431 668 Exi floridulis Venus corollis,
92 668 479 698 Et ſrena Paohias roſis columbas;
48 698 502 726 Vt currum ſubeant pares eburnum.
48 728 473 756 In cœlum reuoles cupit Cupido,
91 756 493 787 Pſychen qui deamat puer puellam,
88 786 440 816 Ictus ſit propriis velut ſagittis.
47 815 552 842 Ne conteimne nurum, Venus, venuſtam:
47 846 451 875 Cuius prominuli nitentocelli,
49 876 512 904 Ceu noctu fugiens procul Cometes:
50 902 504 935 Cuius molliculum rubet labellum,
49 934 434 963 Ceu corallia littoris Pachyni.
52 963 459 993 Si ſpectas faciem, vides pruinas,
51 993 453 1021 Sed miſtas hyacinthino colore.
51 1020 440 1050 Eccur,o Dea. tamdiu moraris?
50 1051 456 1080 In cœlo tuus Heſperus pateſci?
1 1069 469 1110 Stellas parturiens, nec ampliores
46 1110 498 1143 Qum Pſyche tibi parturit nepotes
