872 1312
218 60 519 85 oRCTV I.
57 97 614 141 Qot ſunt ora, duplex tempus ſpectantia, Iano,
57 129 573 161 Tot, nec plus, vt ait, vult ſibi Iana procos.
57 159 624 190 Neſcit vtrum potius ſpoliet. ſic cum videt anos
57 189 580 220 Forte duos, dubiam fert lupa raua famem.
57 218 523 255 Hoſtibus eueniat talis victoria noſtris
57 247 619 287 Nam prior huic, quamuis diues, abibit inops.
201 279 541 308 Viem ſerens, eam Baceho dedicat.
57 367 606 400 Verba pedesque reget ſaltem feſtiua nepotum:
56 396 580 425 His. vitem, hæc nobis carmina pauca ſero.
249 429 495 460 Dolor ob vulnu tti
57 455 581 489 Cum Clytiâ in ſiluâ libuit colludere. punxit
56 488 604 519 Huic acus, & tinxit ſanguine parua manum.
56 515 586 550 Sie violet quiſquam minio ſubtiliter album.
57 545 562 581 Quod ſaltu in Mauro bellua ponit ebur.
57 575 591 609 Tam paruum potui lacrimis lauiſſe cruorem,
57 605 530 638 Dum plus illa meo tacta dolore dolet.
56 632 573 674 Sic Diomedis ego nolens in crimine verſor,
57 665 568 695 tolo Gnidiam cum ferit enſe Deam.
284 697 457 726 Daphns fuci.
57 720 505 759 Virginis in laurum verſæ Peneidos ora
57 752 548 788 Adſpiciens mœſtus lurida Phœbus, ait:
57 783 567 817 Fronde triumphali ſuccinctus, mitia ſaltcm
56 813 606 848 Poma legam: Diuûm non ego malo dapes.
57 842 630 872 Heu, ſolitos mores arbor tenet; & quod amarum
56 871 564 913 Exſtitit in Nymphæ pectore, bacca refert.
306 908 445 927 Ad Diana.
56 926 648 970 Ducis odoriſequos quonam, Dictynna moloſſos,
57 960 541 997 Luſitat inſtabili dum lenis aura comâ?
57 989 562 1027 Et pharetra ex auro bell leiſſa renidet?
72 1022 497 1055 Siluiuagos an tu ſic agitabis apros?
319 1115 453 1136 Ad Helnam.
653 1134 736 1156 Conu-
