872 1312
218 60 519 85 oRCTV I.
43 97 614 142 Qot ſunt ora, duplex tempus ſpectantia, Iano,
43 129 573 161 Tot, nec plus, vt ait, vult ſibi Iana procos.
52 159 624 190 Neſcit vtrum potius ſpoliet. ſic cum videt anos
43 189 580 220 Forte duos, dubiam fert lupa raua famem.
43 216 523 258 Hoſtibus eueniat talis victoria noſtris
44 247 619 287 Nam prior huic, quamuis diues, abibit inops.
201 279 541 308 Viem ſerens, eam Baceho dedicat.
22 303 618 370 c
26 367 606 400 Verba pedesque reget ſaltem feſtiua nepotum:
45 396 580 425 His. vitem, hæc nobis carmina pauca ſero.
249 429 495 460 Dolor ob vulnu tti
45 456 581 489 Cum Clytiâ in ſiluâ libuit colludere. punxit
45 488 604 519 Huic acus, & tinxit ſanguine parua manum.
45 515 586 553 Sie violet quiſquam minio ſubtiliter album.
45 545 562 581 Quod ſaltu in Mauro bellua ponit ebur.
45 574 591 609 Tam paruum potui lacrimis lauiſſe cruorem,
45 605 530 638 Dum plus illa meo tacta dolore dolet.
1 632 573 674 Sic Diomedis ego nolens in crimine verſor,
45 665 568 695 tolo Gnidiam cum ferit enſe Deam.
284 697 457 726 Daphns fuci.
45 720 505 759 Virginis in laurum verſæ Peneidos ora
46 752 548 788 Adſpiciens mœſtus lurida Phœbus, ait:
45 783 567 817 Fronde triumphali ſuccinctus, mitia ſaltcm
45 813 606 848 Poma legam: Diuûm non ego malo dapes.
46 842 630 872 Heu, ſolitos mores arbor tenet; & quod amarum
46 871 564 913 Exſtitit in Nymphæ pectore, bacca refert.
306 908 445 927 Ad Diana.
46 926 663 970 Ducis odoriſequos quonam, Dictynna moloſſos,
49 960 541 999 Luſitat inſtabili dum lenis aura comâ?
48 989 562 1027 Et pharetra ex auro bell leiſſa renidet?
72 1022 497 1055 Siluiuagos an tu ſic agitabis apros?
319 1115 453 1136 Ad Helnam.
653 1134 736 1156 Conu-
460 1141 545 1163 Mm m
15 1155 45 1177 M
