872 1312
342 70 579 93 sEPANI
154 105 714 136 Conubio vt tetrici nos iungant, Helne, parentes
184 136 682 166 Vis, nec ad id formæ, quam mage dote ferar,
154 165 681 196 Vis prece, vis etiam nummis, vis nitar amicis;
186 195 651 224 Mille petita velut ſis Atalanta procis.
156 224 602 252 In nigra tibi dos dicetur forte moneta,
186 252 686 282 Proque breui quæſtu tempora longa teram.
155 283 726 312 Aureus ob congrum quam ſtult mittitur hamus.
185 312 754 336 Perſimile eſt damno cum nocet Helna, lucrum
299 343 669 362 Dianæ de Sanealinæ Duci.
156 371 717 400 e iuuet vtra magis, Virtus Fortunaque certant:
187 400 676 429 Hinc generis ſplendor militat, inde animi.
156 429 684 457 Ninc facies, qualem Cinyreius opteAdonis,
187 458 618 486 Hinc Suadela tuis mel operata labris.
156 486 626 516 Iudice ſub Phœbo nutat victoria: cenſet
187 516 637 546 Difundi, quia res non liquet, ille diem.
156 546 760 575 Aente Diana tibi tam par, quam nomine, palmam
185 576 606 604 Nec dat Fortunæ, nec negat ingenio,
389 608 503 627 In Aulam.
153 634 695 664 Quidquid habet Serum pretioſi velleris arbor,
187 664 681 693 Quæris &, Aula, tuam prodigis in tunicam.
156 693 730 722 Circuit aureus hanc limbus, tereteſque mamillas
188 722 701 751 Comprimit; at fuluum colla monile grauat.
153 751 735 781 Inquinat & rubrum, pudor eſt tua ſerica coccum:
191 782 673 811 Sic pudibunda magis pallia mente gerls.
155 811 648 833 Porcia num tumuit faſtu caſtiſſima tanto?
188 840 660 864 Scis habuit Brutum, nata Catone, virum.
156 868 690 899 Matronæ properæ, non pictam ſumere veſtem.
185 899 656 929 Illa tegit corpus; detegit hæc animum.
325 930 633 949 Ad Allm. em mori.
155 957 660 987 Tanquam ſim Pæon, vel Phœbi filius, vrges,
187 987 619 1016 Sanus amans fieri quâ regione queas.
153 1016 667 1045 Res eſt perfacilis. dextrum te ſumere cornu,
188 1047 638 1069 Ouod ceruus ſiluis occulit, Aule, decet.
157 1075 750 1108 OQooque ſelix inculta refert hoc tundito granum;
186 1105 602 1136 ciiis Aſiri deſitodorus auis
751 1133 827 1162 rol
