872 1312
217 62 514 84 FORCATVLI.
699 64 736 85 s
37 92 589 135 Protinus incipies formoſam odiſſe puellam,
38 127 573 166 Tyndaris vt Paridi inuiſa Lacæna Phrygi
38 156 524 189 Sæuiit in ſeſe Dido, ſed fata vetabant:
39 186 587 223 Quod nequit â medicis, impetrat? gladiis.
318 218 448 244 Ad Ligdar.
36 240 576 274 n ſomnis viſa eſt Hecube, Priameia coniux,
42 275 550 307 Pro puero accenſam ſe peperiſſe facem.
42 305 657 341 Laomedontis opes quæ vaſtet, & llion ingens,
98 334 567 356 Infauſtum enixa eſt mane ſed illa Parin.
40 356 595 424 ææ
274 425 510 453 De Lyridu mctrimonto.
74 453 547 483 Lyris heri ſtolido denupſit ſtulta marito:
101 482 610 512 O Hymen. inſolitos funde Hymenæe, iocos,
74 512 562 542 Occidit Alceſtis caro pro coniuge coniux:
101 542 518 567 Occidet hæc, deſit rixa diurna domi.
42 569 657 607 Inter vtrumque probet lex dona; impun licebit,
43 600 570 631 Mutuus alterutrum non ſpoliabit amor.
271 632 547 659 utu amantum periuria.
41 658 652 697 Non amo iam Clytiam; ſed non eſt credula: iuro
101 690 556 719 Lumina per Clytiæ, ſigna gemella, meæ.
42 721 539 758 Tangit & illa aras, liquido iurare parata,
104 748 576 780 Vt me nec, quia ſim perſidioſus, amet.
42 775 607 804 Inſitians adfert Numen, nec credo, Tonantis.
89 809 583 838 Cum Dea ſit ſi non per Styga iuret, amat.
260 841 470 867 De yride ia ænu.
45 864 551 905 Muſa iocoſa, refer, quo me deluſerit æſtu,
106 896 547 930 Cum rugis nondum vixit arata uyris.
47 922 624 962 Tempus edax formam detraxit: me petit vltr
106 955 570 988 Hanc fugio, d ſæuos certus abire Getas.
835 959 864 1007 I
47 982 561 1017 Ouam quærit, ſpeculis non inuenit vllis;
50 1012 560 1047 n cineres verſam nec negat eſſe facem.
48 1041 517 1088 Tertia de turiis an ſit tugtua, rogai
107 1071 597 1105 Pætrritum lacriæ pene dedere decus.
82 1099 653 1135 e pudet: ipium me miſeret, dulcima. verim
688 1129 746 1149 N
461 1133 589 1150 2
