872 1312
217 62 514 84 FORCATVLI.
69 94 589 128 Protinus incipies formoſam odiſſe puellam,
69 127 573 166 Tyndaris vt Paridi inuiſa Lacæna Phrygi
69 156 524 189 Sæuiit in ſeſe Dido, ſed fata vetabant:
69 186 587 223 Quod nequit â medicis, impetrat? gladiis.
318 218 448 244 Ad Ligdar.
69 240 576 274 n ſomnis viſa eſt Hecube, Priameia coniux,
69 275 550 305 Pro puero accenſam ſe peperiſſe facem.
69 305 612 339 Laomedontis opes quæ vaſtet, & llion ingens,
98 334 567 356 Infauſtum enixa eſt mane ſed illa Parin.
274 425 510 453 De Lyridu mctrimonto.
74 453 547 483 Lyris heri ſtolido denupſit ſtulta marito:
101 482 610 512 O Hymen. inſolitos funde Hymenæe, iocos,
74 512 562 542 Occidit Alceſtis caro pro coniuge coniux:
101 542 518 567 Occidet hæc, deſit rixa diurna domi.
69 569 657 603 Inter vtrumque probet lex dona; impun licebit,
69 600 570 631 Mutuus alterutrum non ſpoliabit amor.
271 632 547 659 utu amantum periuria.
69 658 652 697 Non amo iam Clytiam; ſed non eſt credula: iuro
101 690 556 719 Lumina per Clytiæ, ſigna gemella, meæ.
69 721 539 752 Tangit & illa aras, liquido iurare parata,
104 748 576 780 Vt me nec, quia ſim perſidioſus, amet.
69 775 607 804 Inſitians adfert Numen, nec credo, Tonantis.
89 809 583 838 Cum Dea ſit ſi non per Styga iuret, amat.
260 841 470 867 De yride ia ænu.
69 864 551 900 Muſa iocoſa, refer, quo me deluſerit æſtu,
106 896 547 930 Cum rugis nondum vixit arata uyris.
69 922 624 958 Tempus edax formam detraxit: me petit vltr
106 955 570 988 Hanc fugio, d ſæuos certus abire Getas.
69 982 561 1025 Ouam quærit, ſpeculis non inuenit vllis;
69 1012 560 1047 n cineres verſam nec negat eſſe facem.
69 1042 517 1076 Tertia de turiis an ſit tugtua, rogai
107 1071 597 1105 Pætrritum lacriæ pene dedere decus.
72 1099 653 1135 e pudet: ipium me miſeret, dulcima. verim
688 1129 746 1149 N
