872 1312
321 69 562 94 sTEPANI
154 106 602 138 Non redeunt vernæ, quæ periere, roſæ.
378 139 502 167 lytiæ time.
111 165 616 198 Furta Iouis metuo tauri,ſuadentis & auri,
159 197 606 227 Ne Clytiæ fucum cautus amans faciat.
129 227 570 257 Tyndaris Iliaca cedat laudata rapina:
159 256 548 286 Aptior illa rapi; dignior iſta capi
335 286 564 313 De Amore d Apibus.
130 312 695 344 Conueniunt & Apes, & Amor. nam ſpicula melli
161 343 632 375 Mixta gerunt: æris gaudet vterque ſono.
277 375 571 401 De duello, cd alaim puerum.
132 399 744 433 Da ſtrophium, Calais: nam vultum obnubere cogo,
161 430 658 463 Vt referam tectus, quod iuuat, atque pudet.
131 460 644 492 Acre puella ſubit mecum formoſa duellum,
163 488 688 520 Memnonis aſtra nigri cum fugat alba parens.
134 517 698 552 Quod cupit illa, timet: decuit timuiſſe puellam:
162 549 604 580 Candida puniceus pinxerat ora color.
131 579 568 602 Lene laceſſitos in me detorſit ocellos.
164 607 636 637 Cui ceſſit, nebulo cœpta palæſtra, rogas?
134 637 642 668 Neſcio: ſed rapui fragrantia baſia myrtum:
165 667 602 698 Sic ſequitur pini vulnera mirus odor.
133 696 619 726 Antæum rigido dixiſſes Hercule preſſum,
162 725 631 760 Nam ſimul ac cecidit fortior inde redi.
325 757 535 787 Do & ytiâ.
135 784 638 815 Merſus Abydenis non ſit Leander in vndis,
167 816 627 844 Ni ſuperet Seſtam noſtta puella nurum.
135 840 712 869 Nox, accenſus amor, fax hunc exſtincta moleſtant
169 871 648 905 At Clytiæ ſemper lumina lumen habent.
324 907 490 931 Ad Blinam.
140 931 600 962 Sæpe tuos dixiſſe oculos fulgere pyropo
169 961 675 992 Pœnitet; & quamuis frons ſit eburna nego.
139 989 692 1022 Amplius & rubro non ſplendet Iaſpide labrum,
171 1019 687 1052 Collaque chryſolitis non quatis alba comis.
139 1050 646 1083 Turgidulas nec habes berylli colle papillas,
169 1080 574 1112 Vertice quæ roſeo mi placuere diu.
139 1110 702 1146 Durior o Hadriæ ſcopulis, me ſpernis amantem:
748 1134 806 1163 M
