872 1312
338 86 576 109 STEPHANI
405 123 507 145 De cliniâ.
135 150 635 181 Acœna Clinias maniplos promiſerat auri:
168 181 617 211 Nocturno fuit hæc pactio ſcripta mero.
129 211 606 240 Iiduxit Diuos teſtes, quot ſuſtinet Atlas.
168 239 598 265 Vt cœlum albeſcit, deſiit eſſe memor.
137 269 711 299 Quid faciam? iurata rogem, niſi Numina, pactum
164 299 561 324 Ebrius vt ſeruet, ſobrius aut feriat.
293 329 600 358 Amandt pares, ad Helimnum.
136 357 628 387 Agreſtem peramas tu Naida; candida Nais
164 386 658 416 Totaeſt in Daphni: te fugit, hanc ſequitur.
133 416 613 445 Lentiſcos capræ vix ſex paſcuntur amaras
163 446 721 475 Daphnidis: at totidem claudis, Helimne, greges.
134 474 652 503 Nil mirum: fugit Phœbum Deneia Daphne;
163 504 616 533 Lentior in Satyros nempe futura leues.
133 534 577 564 Endymione ſuo virgo Latonia flagrat;
163 564 636 591 Lathmia de cœlo ſaxa frequentat amans.
132 591 700 622 Prætulit is Glyceren, Glyceræque Cydonia miſit.
163 621 594 650 Cœculus hos parili læſerat igne puer.
127 651 560 680 Læta viget longo lex indelebilis æuo,
162 681 677 710 Ne quis, quæve, niſi tentet amare parem.
320 712 584 740 Ad Aurotan, oroperet.
127 740 687 770 Cur Aurora, manes? quin inficis æthera cocco?
162 769 654 798 Segnis an ob claudos biga moratur equos?
130 798 627 822 An noua mane ſenis retinet te cura mariti,
159 828 610 856 Vt Cephalus pulcer fluerit ex animo?
124 856 649 886 Non lux rurſus erit, Memnon qua filius, haſta
160 886 693 916 Punctus, Dardaniam ſanguine tingat humum.
128 915 611 946 Roſcida nox miris ornauit prata lapillis:
160 945 644 974 Ne huic cedas; auro necte roſiſque caput.
129 974 702 1003 Ad tropicum iam Sol porrexit lumina cancrum:
159 1005 650 1033 Surge igitur: nox eſt mors mihi; vita dies.
335 1036 596 1063 In tumulu Geriæ puellæ.
121 1062 612 1092 Cum ſuprema ſit formoſo Cypris Adoni,
161 1091 604 1122 Sic dolet, vt Geriam triſtis obeſſe fleo.
123 1121 632 1152 Tit ellus heres pretioſis rebus, & aſtrum:
736 1145 806 1186 Hoc
