872 1312
245 80 528 102 FORCA
383 80 530 93 og
679 76 722 103 ol
41 106 583 148 oc repetit mentem; cetera dantur humo.
41 147 602 177 ilia de calathis, Dryades nunc ſpargite plenis;
89 177 517 205 Addite ſanguineis alba liguſtra roſis:
41 200 659 235 Floreus vt tumulum de marmore nymbus honeſter,
40 236 528 264 Quique meus im ber decidit ex oculis.
41 264 596 295 Heu fleo: vos fortes ignoſcite: namque putaui
41 294 543 329 Ne, Dea cum fuerit, ne moritura foret.
337 326 438 354 DeGelliâ.
40 343 543 383 Expers Lucinæ duo per quiiquennia luxit
40 383 537 413 Gellia, cui facies integra, fama parum.
61 413 582 442 Surdis nequidquam Diuis operata. ſupremam
88 443 619 472 Comperit in thetmis, quando lauatur, operm
64 472 563 501 Nil mirum Romæ flammâ ſi Seruius eſt re
88 501 531 531 Editus: mdiis hæc grauis exit aquis.
238 532 536 560 Amat ggeiin neeſſe etedit.
64 557 610 590 Autigenam ex Denae puerti: qui ſulit olim,
39 591 517 619 Et Ledâ, Cycni nomine, qi potitus,
37 617 549 651 Antiopem Satyrus, qui bos in littorefallit
36 650 588 680 Europam; prudens nonne videtur amans?
36 672 560 708 Cuiuſuis didicit mores geniumque puellæ:
37 708 653 739 Huic pretium, huic cantus, ſilua, tapina, placet.
280 741 475 767 Ad Nellam anum.
36 767 590 799 Diues opum. ſed mentis inops, & ditior annis,
36 799 501 821 Me cinetes credis ducere velle tuos?
6 823 579 856 Ad coruos abeas, Hecubæ turpiſſima nutrix:
89 857 558 885 Num vis faucipremæ nubere me Lamiæ?
59 885 617 913 Concinnes tu philtra licet; ſis Theſſala: vultus
40 915 545 946 Omne tuus ſubito diluet Hippomanes.
298 946 464 973 Meliſſa in apem.
42 973 533 1003 Floridus irriguolocus eſt confine ſalicto,
87 1001 617 1034 Eſtque ferax vn teneræ cum floribus herbæ,
41 1032 604 1062 Sed prohibet collis ſe longe extendere pratum
39 1061 599 1090 Dignum Phryxæi quo poſcat velleris auctor.
36 1089 588 1121 Forſan in hoc venit de agreſtibus vna Napæis,
35 1118 567 1154 Qu fuerat Tiuiæ dilecta Meliſſa Dianæ;
662 1146 724 1177 u
374 1152 487 1183 Mmm
