872 1312
343 76 589 105 sTEPANI
124 110 739 142 Huic comes, & ductrix Diyadum per Hymettia ruara,
124 138 650 172 Cum radiis orbem Sol aureus adſpicit æquis.
124 168 637 202 Lſtas, ingniumque loci, riuique loquaces
126 198 605 228 Inuitant digitis flores vt carpat eburnis;
126 228 686 256 Pingens fammeolas Hyacinthi murice calthas:
127 255 657 288 Narciſſo violæ nubunt: viror vndique mirus
128 285 569 316 Illuxit pictis, quas texuit illa, corollis.
131 317 689 351 Tunc per amœna volans albiſque Fauonius alis,
131 346 698 377 Auricomæ vt vidit geſtus faciemque Melilſæ,
131 373 588 405 Arſit, & auxerunt ſolitas ſuſpiria vires,
131 405 656 432 Mque agitata leui percreuit flamine flmma.
133 434 770 464 Quo magis vrget amans, precibus minus illa mouetur:
133 463 739 492 Non magis momâ frondens quâm Pinus in Oſsâ.
134 492 795 521 Quodque nequit precibus Lephyrus, iam virubus ambit.
133 521 662 551 Exuit hinc autam quâ floribus ante fauebat;
134 550 662 581 Induit accenſus quâ nubila torquet & æquor.
133 580 639 607 Acrifer inſtabat, cm virgo flebilis æthram
135 608 682 638 Suſpicit, & Solem, quem ſic mœſtiſſima fatur:
133 638 664 668 Cynthie qui luſttas candenti lampade terras,
133 668 681 697 Eripe me inuitam probro: da Phœbe, perenni
134 697 645 724 Virginitate frui, famulamque tuere ſororis,
133 725 595 755 Vt reſonat Cycni pulſatus voce Cayſter,
131 755 662 787 Sic aguta gemunt, & late arbuſta queruntur,
132 785 592 814 Et cuuæ valles, vocis quas cedit imago.
131 815 664 842 Exorat Nympha, & Phæbeo numine tandem
132 844 685 873 Fit volacris: tenues iam motat in aere plantas,
132 873 661 902 Et coma, ceu maculis auro ſqualentibus arſit.
132 902 677 933 Inceſſit Lephyrum querulo ſtridore procacem.
131 932 674 960 Quoſque prius legit, ſugit per gramina flores,
118 960 631 994 Sedula vere fauos mellito poplite fingens.
383 993 541 1013 Ad Probinam.
136 1019 710 1047 Ore, Probina, nites, vt lux roſa, nix, ebur Indum,
162 1050 634 1076 Candidior cum ſis mente, Diana rubet.
375 1082 540 1109 De Cupidine.
133 1109 675 1141 Vt melius ſperent, iubeo iucundus, amantes;
723 1137 808 1176 Denit
