872 1312
356 80 512 102 PETRI
139 112 628 144 Pacatâ hac Martis non nego ferre minas,
119 139 584 175 iemmllnuuiuuls lenis deterttocellos,
151 172 571 203 His poterit Solis vel ſuperare facem.
392 207 532 227 Ad Vindiam.
118 229 629 264 Abſit vt adſpiciam te, Vindia: lex vetat ipſis
150 261 587 291 Saturniin tabulis priſca videre Deam.
406 294 541 315 FINIS.
227 378 675 410 PETRIIVLVII.
245 430 642 461 Errici Regis Nauarræorum epitaphium.
114 464 717 514 STcœlum tumulus: ne fingite marmora nobis,
183 493 591 520 Gloria ſi cœlo maior in aſtra volat.
107 522 656 556 Sit breuis vrna licet; fama eſt & gloria, qualis
148 553 619 584 Vel decuit Regem, vel ſuperâ arce Deum
107 578 690 613 Scilicet hoc potuit, quo me mors vulnere ſumpſit,
146 612 589 635 Hac etiam ſummos tollere cæde Deos.
237 643 621 673 Margarethæ Reginæ Nauarr. epitaph.
115 670 524 696 Adſta Viator; eſt ſacer locus. cernis
113 700 553 729 Vultus & agnoſcis pares Diis ſummis?
114 729 621 760 Miraris, & ſtupens rogas quod eſt Numen?
115 759 535 790 Auguſta facies te ſatis docet. quin tu
114 789 623 820 Lege titulos? Hoc mater artium & princeps,
116 818 523 848 Oriunda ſtirpe nobiliſimâ Regum,
114 847 536 878 Regis ſoror, coniuxque Regis, elegi
113 878 522 900 Farum. Sateſt. abi Viator. & ferro
113 906 565 938 Pius oculos ſupplexque itiure candenti,
114 936 562 966 Ne quid profanuim conſpiceris a ſacro.
323 967 563 990 In Orontii Finæi obitum.
114 993 674 1028 Qui matis & terræ poſitus numerauerat omnes,
144 1024 651 1055 Quotque forent ſuperis aſtra voluminibus.
111 1054 659 1083 Gmnia dimenſus, vix implet Orontius vrnam;
141 1082 664 1116 eqe ſuis nameris vix numerum ipſe tenet.
389 1115 504 1147 Peronila.
704 1145 787 1179 Piſcis
