872 1312
320 79 488 103 VLVII.
694 85 736 104 Sæ
45 110 575 148 iſcis Graiugentm, mea Petronilla, poetis,
102 145 489 174 Threiciæ doctis fila mouere lyræ,
46 175 564 205 Mellitos coram celebrare licebat amores,
102 205 511 234 Qamuis a primâ nobilitate forent.
74 235 631 264 Quin etiam in medium producere fas fuit, atque
47 263 530 291 In ſpeciem Dominæ dicere multa ſuæ.
47 288 610 321 Forma reportabat laudem, non carmini ordo.
47 323 566 348 Præmium amatori, ſuauiolum a Venere.
1 343 617 386 Temporibus noſtris redeat mos aureus, an non
46 382 532 415 Ille tuus vincat quiſquis amator crit?
365 414 436 435 Eidem.
72 442 533 465 oliis Cauris tumidâ me iactat in vndâ
101 473 564 500 Cypris: remigium, ſæue Cupido, tenes.
74 500 574 531 Quos adeam Diuos tot tempeſtatibus actus
101 531 542 559 Petronilla, tuis ne peream in ſcopulis?
43 560 673 593 Hoc ſaxum, hanc rupem iuuat impegiſſe: malorum
43 590 562 618 Vel mihi principium, vel mi ſinis erit
206 619 597 649 De Alticlario, ſupplic.
43 642 464 680 Quis te vel numeris ſuis honoret,
793 648 854 672 A
36 680 491 709 Vel dignâ meritum ferat Camænâ,
42 710 471 740 Cum tot conſpicuus ferare cha:ti?
825 742 854 756 s
73 740 406 768 At nos ſuccidui ſuperba flexo
69 771 500 799 Dudum poplite Numina impotenter
70 799 465 829 Miramur Clarii vtriuſque: multo
72 828 459 859 Clarus lumine ſupplices ſerenas.
43 858 463 889 Phœbus irradiat nitore mundum,
13 882 480 914 Sed ſtats vicibus: coruſcus omnem
40 917 497 948 Tu pellis nebulam, & fugas tenebras
42 947 499 975 lOmues, perpetuo vt nitore mundum
68 976 457 1006 Illuſtres, domino Deoquenoſtro,
42 1006 500 1037 Regi proximus, altus atque honorus;
68 1037 440 1065 Molem vt ſuſtineas negotiorum
68 1063 554 1094 Regiſque & procerum, infimæque plebis.
37 1094 463 1124 rgo Cynthius ipſe cum quadrigis
35 1124 493 1161 Cedat & citharam tibi & Camænas.
651 1153 738 1181 l a-
