872 1312
393 75 535 98 PETRI
353 112 569 138 l. Maroti tumulus.
125 137 643 172 Bucolicos verſus, Elegos, Epigrammata luſit;
158 169 553 196 Dauidem Gallos iuſſit inire ſonos.
129 198 641 227 Sarcophas planxit, mutatas vertere formas
158 227 598 260 Auſus: ſed periit dum fera bella parat.
317 260 553 289 In Medram I. Penſii
127 287 642 321 Magnanimos ceciniſſe duces heroicaq; arma
158 317 582 349 Ingentis labor eſt atq; opus ingeni.
127 347 705 384 At qui grandiloquus reſonantia pulpita complet,
147 375 614 407 Caſibus ambiguis anxia corda grauans,
128 404 711 438 Qui ſpectatorem retinetque mouetque legentem:
161 435 620 463 Hic noſtro punctum iudicio omne tulit.
128 463 643 494 Efficis hoc, Peruſi patrio clangore per altum
158 493 579 522 Auſus inacceſſam primus inire viam.
287 524 635 553 In eſigiem Scauolæ Samarihani.
130 554 714 587 Fronsanimi eſt index. animum ſi dextera pingit,
160 584 597 614 Cur non cœleſtes pinxerit ipſa Deos:
117 611 620 642 mo quâ tabula nobis eſt Scæuola preſſus,
158 642 653 671 Hac cœlum, & cœli myſtica cuncta latent.
319 673 603 701 In eſſigiem Cat. Caſtelleclari.
129 701 602 731 Nomen quod clarius quod & Camœnæ
130 730 554 761 Commendant lepid ſſimus libellis;
130 760 493 790 In mutâ tabula, ſed & loquace
129 790 522 820 Pictor exprimit. eſſe quid putatis
132 820 462 843 O vos dulciculi mei ſodales?
129 848 636 880 Num pictura qnoque eſt poema? Phœbus
129 878 503 907 Pingenti fauet, & fauet canenti.
380 911 532 939 Rl Betolaudo.
130 937 588 969 ra mihi fului nolo preticſa metalli;
162 967 636 999 Non oibis dominum quæro ſupercilium.
131 997 699 1028 Nil moror aut faſces, aut partos cnſe triumphos
165 1027 681 1057 Sunt mihi cum Dominâ bella gerenda meâ.
131 1056 669 1080 Dum licet, vtamur noſtris Betolaude. diebus.
164 1086 669 1117 Tune es ſollicitus quid ferat hora ſcquens?
132 1115 655 1150 Stat flauos liquido crines peeundere oore,
731 1151 798 1179 Gu,
