872 1312
314 72 483 93 FVLVII.
682 76 726 100 a2
37 102 653 138 Quodquc auido merdam dente, acobe, terunt;
61 136 622 170 Qæritur ex llo res præſtantiſſima, gles.
37 171 568 203 Hoc aurum ex ipſo eſt Stercore colligere.
314 205 464 232 R. etolaudo.
38 232 546 261 Siccine Acidalio ſparſurus cuncta lepore,
38 261 566 291 Tu morbum prodis mentis, amice, tuæ?
36 281 606 320 Vah, quos non luſus, ouæ non modo baſia legi,
36 319 488 349 Conchatim longa baſia fixa mora
37 346 667 379 Ecquam non animam pulmo gemebundus anhelat?
37 379 485 408 cquæ non roſeis lilia mixta genis
37 406 576 444 Quas non delicias niueis dant fraga papillis:
37 439 581 468 Ceteraque? ipſe iubet quæ reticere pudor
36 465 616 498 Hæc ſunt quæ memeri dictarunt carmine Muſæ,
81 498 606 527 Ad Clanium pecudes dum, Betolaude, lauis.
57 527 556 557 At mihi Melpomene tragico funeſta boatu
28 557 548 587 Exululat miſeris ſanguinolenta modis.
37 588 611 616 Nempe ego, veſanos dum fallere conor amores,
36 616 515 647 Vrgeo lugubri pulpita mœſta choro.
36 647 572 681 rtinam tantum magnorum funera regum,
36 676 565 704 Corduba docta, tuis æmulus ingeminem
34 700 716 730 Cor, iecur & cerebrum, minus & minus improba adurat
36 733 575 766 Quæ Dea melle grauem condit amaritiem.
42 759 647 795 Nam quos non æſtus, nam quæ non fulmina geſto,
82 793 518 820 Petronilla, tuis fulmina miſſa notis:
56 823 569 852 Petronilla, meæ non vltima gloria flammæ,
84 852 551 884 Soſpite qua, facimus plurima vota loui,
56 879 620 906 An ne erit vt te te teneam, mea vita, meum cor?
38 911 553 943 Meque amplexeris perdita perditulum?
38 937 630 974 Quando ego ſuauiculis impingam labra labellis,
40 965 632 1001 Languidulumque tuo ſpiritum ab ore traham?
39 992 661 1030 Hei mihi, mentis inops quæ demens ſomnia fingo?
40 1027 545 1060 Pene tui oblitus, quo etolaude feror?
39 1058 520 1090 Cur ego diffitear? nolim felicius vri:
85 1086 588 1112 Nec facilis nimium, nec mihi dura Venus
1 1114 629 1152 Mella canant ali, Regumquc Ducumque ruias
616 1138 741 1163 Materies
433 1148 495 1168 Nnn
827 1247 861 1268 A
