872 1312
367 77 574 105 IOANNIS
174 118 612 144 Materies noſtris verſibus, vnus amor.
145 149 672 180 rgo Cupidineas cantemus vterque fauillas:
176 179 640 207 Hæc mihi lohannæ proxima cura ſubit
146 208 697 237 Scæuola Chriſtigenûm mutatas dicere formas
178 237 634 267 Pergat, & audaci tendat in aſtra gradu.
149 264 682 296 Compleat orcheſtram Iodellius: alter ab Idâ
182 296 653 323 Gallorum in fines pertrahat Hectoridas:
144 324 658 352 Grande cothurnatus reboet Mæſoneus ipſe
184 354 600 381 Alcinous Gallis hæſitet in pedibus,
145 380 735 413 Dulciloquum lepido ſuperes licet ore ſecundum;
182 412 557 440 Petronilla mei laus erit ingenni.
413 543 562 565 Ad Leſtorem.
145 577 758 639 AAgnus eram, maiorque forem; ſi ludicra fuſim
244 609 676 640 vSpargere non triſti collibuiſſet hero.
155 638 732 671 Patuus eram, minimuſque forem; ſi ſeria tantum
188 670 619 691 Promere non hilari collibuiſſet hero.
156 699 594 722 Miraris Lector? mirari deſine. Liber
186 726 715 759 Sum Liber. hinc iuuenis ſcilicet, inde ſenex.
335 759 638 786 De Pompeio a cæſare ſuperato.
159 783 734 817 Victus ad mathios trepidantem forte Lariſſam
192 816 679 846 Cum peteret Magnus, præuia turba venit.
159 845 704 874 Fuſus erat, pompaque nouâ, faſtuque remoto:
192 874 583 898 ſtud victori munus obite, refert
160 901 747 929 Sors Genero fautrix, Socero mens candida: Cæſat
163 933 656 963 Quem niſi viciſſet, vincere dignus erat.
370 963 605 984 In Venerem & Annam
163 989 742 1020 Cypridos ac Dominæ par gratia, parque venuſtas:
195 1020 709 1051 Anna foretque Venus, ni Venus Anna foret.
161 1048 795 1080 Diſcrepat hoc tantum ſi diſcrepat Anna Venuſque:
195 1079 580 1109 Podiit iſta ſalo, prodiit illa ſolo.
398 1109 610 1140 DeApele, ſeipſo.
751 1135 836 1174 Ql
