872 1312
306 75 485 96 GESSEI.
692 81 731 103 Sss
311 114 451 133 Ad Annam.
37 132 665 170 Anna grauis, grauis Anna, mei male conſcia luctus;
85 170 512 200 Scire cupis fies quâ vice mitis hera?
1 198 601 229 Adſit amoris amor, quo deſit amaror amoris;
58 229 541 260 Aut ſi amara minus moris amore mora.
301 261 492 287 In oculos eiuſdem.
40 281 565 319 Ales Amor ſuperas fortaſſe reliquerat arces,
40 319 535 342 Pætula cum noſtræ lumina vidit heræ.
39 342 632 377 Vidit, & obſtupuit; patriis melioraque cœlis
40 378 541 408 Gaudia concipiens; Anna petatur, ait.
39 408 660 438 Nec mora; gratus enim gratos ſubit hoſpes ocellos;
37 438 540 469 Vnde tot in noſmet tela faceſque iacit.
223 469 545 496 d Vidum Fabrum Præſidem.
36 494 577 528 Diuerſos diuerſa iuuant; hilareſque iocoſa:
36 528 526 558 At nunc ſola Fabro ſeria forte placent.
36 554 659 591 Quicquid agis, ſapienter agis. tibi, maxime Præſes,
36 588 573 619 Nec requieta quies, v ſit honorus honor.
188 618 584 646 Ad Io. Bethonum Scotiæ Reginæ Orat.
36 646 583 676 Phœnix priſca nouat Phariæ miracula terræ:
786 673 838 687 p
36 676 490 706 Solius gypti nam locaſola colit.
37 703 600 736 Attu Scotorum decus, & pars maxima, Præſul.
82 735 572 765 Vnus es e multis quem loca multa colunt.
197 766 566 794 Alegrim, in oblatum malu.
56 792 657 821 Non mala das, malum; male nec reoreſſe malorum
80 826 474 855 Principium, mali copia lata mali.
55 854 510 877 Diuarum litem malum fatale diremit,
82 883 543 913 Excidium Troiæ liſque dirempta tulit.
38 912 560 942 Currebat ſparſis Atalanta celerrima malis;
38 943 559 972 Cydippen malo chartaque luſit, amans.
54 970 531 993 Nec labor Alcidæ iuſtiſſimus aurea mala
39 1000 520 1030 Heſperidum, forti corripuiſſe manu.
39 1028 586 1060 Perdidit ipſa ſuum malo ſimul Ea maritum,
78 1058 581 1089 Malaque quis neſcit?mille dedere mala.
12 1084 591 1119 Ergo bonum bona fer, pro lato Alegria malo:
32 1117 531 1151 Ne mala ſi malis, des male mala malis.
657 1142 725 1172 In Ve-
402 1150 493 1181 Nn a
