872 1312
366 77 573 99 IOANNIS
376 114 574 141 In Venerem Apellis.
142 138 675 170 Aſpice qum Venus hæca vera diſtet, Apelles.
173 169 641 193 Priſca fuit meretrix: at Dea caſta tua eſt.
246 201 710 227 Ad amillam, Lucretiam, Dianam, Morell,
145 229 555 258 O docti celebranda ſtirps Morelli:
148 258 622 288 Stirps, quam Graia loqurdocet vetuſtas,
147 289 560 318 Quam Romana loqui docet Poeſis,
146 318 592 346 Et quam Galla loqui docet venuſtas:
149 346 517 375 An poſſet magis eſſe vel Diones
151 375 526 405 Trium gratia grata Gratiarum?
268 405 686 434 Ad Io. Leslum, Ep. Roſſenſem, Scotum.
149 433 770 465 Quod, Leo, Capra, Draco, fuit vno corpore monſtrum,
180 464 595 493 Pegaſeus magnâ vi ſuperauit eques.
147 492 668 522 Bellerophonteæ ſed triplex forma Chimeræ,
182 523 614 553 Horridior Vitio non ſtetit icta graui.
154 552 700 581 Gorgoneo vectus domat hane is præpete: ſol
179 582 604 611 Virtutis Præſul, tu premis illud ope.
297 611 672 638 Ad Carolum Borbonium Principem.
149 639 651 669 Poſteritas ſtupeat, miretur & alta vetuſtas
183 669 657 697 Quæ famulos famulo vidit in orbe Deos.
151 699 754 728 Tu Princeps, veterum minor haud pietate Deorum,
180 728 683 757 Iam terris præſens, nec leue Numen, ades.
370 760 611 788 In Dominam fugientem.
156 786 575 817 Quod ſis pulcrior omnibus puellis,
158 817 550 843 Quod ſis blandior oſculo Diones,
155 844 530 875 Quod ſis carior Indicis lapillis;
156 874 531 905 Idcirco pedibus fugis proteruis
158 904 522 931 Virgo, femineæ decus cateruæ l
160 932 601 961 Saltem, Nympha, tui miſerta Geſſei,
160 962 567 989 Expecta modicum Leæna curſim
159 990 532 1020 Non ſic torua fugit, Ieone viſo.
157 1020 531 1043 An ſæuâ mihi ſæuior Leæna es?
440 1054 544 1072 De eadem.
157 1079 651 1109 Ver licet arridens & flore, & rore vigeſcat;
184 1107 679 1141 Eprobrante tamen te cremor igne nouo.
745 1139 821 1165 Ne va-
