872 1312
318 69 493 91 GESSEI.
56 106 574 131 Ne varios æſtus, aut tantas obiice flammas:
83 134 565 161 Simihi flos eſſes, ros tuus, Anna, forem.
335 167 425 192 Eiuſdem
59 195 576 226 Formoſo noſtram ſpeculetur vt ore puellam
86 226 552 255 Formoſus Titan, nubila quæque fugat.
56 253 600 285 Qu meat hæc eadem, fauet induigentia cœli;
55 281 632 313 Conſpectuque hærent Diique homineſque ſuo,
56 313 581 346 olus hinc ventis, hinc Iupiter igne triſulco
56 343 535 372 Parcit, & vndiuagis Ennoſigæus aquis.
56 372 642 402 Cur ita? nempe, illam mirentur vt altius Annam,
87 402 617 433 Quæ vultu Nymphas, mente refertque Deos
56 430 644 464 Et quæ, neſcio queis, trahit vſque tenacior hamis.
56 462 524 498 Mortaleſque polo, cœlicolaſque ſolo.
245 492 522 515 In Palladem & Dominam.
56 513 574 552 Et docta, & bellax, ſi fas eſt credere, tallas:
86 547 629 580 Et docta & bella eſt quis neget? Anna ſimul.
60 580 598 604 Sic ſecerne tamen; differt nam Pallas & Anna.
46 608 544 647 Plus habet hæc veri, plus habet illa viri.
323 642 457 661 Ad Annam.
46 660 621 700 Sim licet exiguus, nec ſorte, nec arte tumeſcam
46 698 566 724 Cur tamen his videor aſtra ferire, rogas?
63 727 544 759 Inter plebeios plebi me ſubtrahis, Anna;
90 756 563 790 Inque lacro ſacrum das Helicone locum.
319 788 467 809 In bella ciuilia.
64 813 625 848 Terra parens Superis regnantibus inuida fratres
92 843 582 877 Sub Ioue Phlegræos, impia monſtra, tulit.
51 871 637 909 Hi montes onerant dum montibus, ipſa laborant
50 906 453 934 Aſtra: laceſſitis at periere Deis
51 929 637 967 His, fateor, ſimiles partus quoque Gallia profert.
51 960 608 991 Nec miruml nam vis, rixa, doluſque vigent.
51 989 647 1026 Hoc tantum admiror, quod noſtri clade Gigantes
50 1021 617 1048 Cum ſemel occiderint, rurſus in arma ruant.
268 1050 527 1074 In malum Alchimiſtam.
50 1080 468 1111 Cum ſis Alchimiæ peroſus auctor,
51 1110 445 1149 Et ſic Alchimiæ peroſorauctus;
682 1135 735 1156 P-
