872 1312
334 70 512 93 GESSEI.
700 75 742 98 S
42 100 542 137 Ingenium varii muneris omne tenes?
42 134 664 165 Olepidum monſtrum ſunt cetera corpora multo,
101 167 523 196 Tu ſolo mentes corpore mille geris.
254 197 499 226 De ſipſo & Anna
43 218 668 261 Non ſum qui fueram, grauidoque in pectore viuax
105 256 578 283 Hæret heræ vultus, formaque vera meæ,
45 283 624 320 Sic ea iam ſentit, quæ iam non ſentio; quæque.
105 313 575 342 In me fata citat trux Amor, Anna ſubit.
44 336 560 380 Fallitur ergo ſui deſlet qui funera Geſſei:
107 372 571 402 Geſſeus ille ſuus non perit; Anna perit.
280 403 537 428 Ad Phœbum & Muſas.
42 426 668 469 Me chorus Aonidum, Phœbo duce, nuper adibat:
109 460 625 493 Nunc fugit; aut noſtræ numina fingit heræ.
21 484 611 527 Pace ſit hoc veſtrâ, duetr, Muſæque ſodales
106 523 591 552 Anna mihi ductrix gratior, Anna comes.
253 553 543 581 Ad Niol Baufremontium.
41 572 670 618 Iam cita garrit auis, frondet nemus, aura ſuſurrat:
109 608 616 642 Nec polus eſt terræ, terra poloque grauis.
779 610 847 642 A
41 640 533 678 Aduentumiti rident hæc omnia Veris,
90 670 528 699 Lætior & roſeo Cynthius ore micat
39 694 587 738 Sic reditu, Nicolae, tuo recreamur, & ipſæ
107 725 626 760 Sunt procnl ærumnæ; cura, dolorque fugax.
38 752 608 796 Te ſine torpebam victus ſquallore; remoto
112 784 647 817 Ceu vere, & Phœbo, ſquallida torpet humus.
37 814 575 855 Scilicerhis tellus debet ſua gaudia: nobis
111 846 575 875 Tu Ver iucundum, Solque futurus eras.
291 876 558 906 De æſare moriente.
42 899 576 939 Vulnera cum medio Cæſar iurata Senatu
114 934 569 965 Cepiſſet; ſenſit ſpiritus ipſe Deum.
44 953 653 1002 Corporis inferior neu pars non tecta labaret,
117 995 559 1026 Demiſit veſtem lentus vtraque manu
43 1017 635 1062 Non ſic exſpirant homines comitante pudore
113 1049 552 1083 Sic repetunt ſcdes Nunina læſa ſuas.
301 1080 538 1107 indicta ſera, ſed certa.
36 1106 553 1150 Qui prius examen vitarunt Iudicis, alti
702 1133 756 1155 Non
471 1140 557 1162 Nn S
820 1240 870 1270 I
