872 1312
340 68 547 92 IOANNIS
150 102 641 139 Non tamen effugient lumina vimque Dei.
325 135 567 155 De Amore & Domina.
121 161 663 189 It telum, fauet aura, tremit cor, ſauciat ictus;
111 218 757 255 Mens ſtupet, os queritur, pectus fremit, ignis oberrat l
150 191 665 221 Cum nos atque Deos torquetamarus Amor.
152 249 611 279 Cum nos atque Deos vera Scuera ferit.
110 277 653 310 O igitur paribus decorata Virago triumphis.
151 309 725 340 Te Dominâ Dominus, te Duce Duxque mihieſt.
299 341 556 367 Ad eueram.
123 366 680 396 Qui mihi fautrices ait, aut putat eſſe Camœnas,;
152 397 602 425 Fallitur: auſpiciis nil iuuat ire nouem.
123 425 701 456 Si quid noſtra poteſt Erato, Iaus ſi qua, vel auſus;
151 456 681 484 Hunc mihi tu genium ſuggeris, hocque decus.
371 487 530 513 Rerum vanitas.
99 514 665 549 It tempus, fluit hora, tumet Sors, deuolat ætas;
151 544 526 573 Sæcula nec Pylii fas iterare ſenis.
99 568 695 608 Et mih eras forſan dicet Mors proxima; Geſſeu,
151 602 577 627 Sat vixtil fateor, viximus, orba Dea
120 631 685 661 Vita faceſſit, homo moritur, corpuſque ſepulcro
148 661 663 690 Gaudet, eritque nihil, quod nihil ante fuit.
283 691 627 718 Ad Iac. Amboſium, ſeu Buſium.
120 718 599 748 Vellus Iaſonia raptum prænobile dextrâ,
147 748 609 778 Phaſidos ad ripas acta Ducemque tulit.
120 778 620 807 At tibi mille fero direpta ex hoſte trophæa,
149 808 665 837 Par dant, par reddunt, per duo regna, decus.
120 835 605 864 Eſt æqualis honos. ope ſed Medæa leuauit
148 866 593 895 ſoniden: opifer nemo, Iacobe, tibi.
382 897 522 917 Ad Seueram.
121 924 451 952 Ne, virgo mea, baſiare cures
120 952 472 982 Iſtos frigidul viros calentes,
123 981 583 1009 Qui nomen ſibi vendicant Amantum;
120 1012 475 1040 Aſt odi cane peius ac colubro.
123 1040 466 1070 Vna ſit tibi cura tot Geſſeus.
123 1070 474 1094 Vni es ſicuti cura tota Geſſeo.
253 1101 654 1129 Hercul & fenrici Borb. Nauar. Regis
691 1130 798 1167 Qualites
