872 1312
315 74 492 96 GESSEI.
68 102 639 146 Qualiter Alcides, magni ſtirps magna Tonantis,
69 141 525 170 Conceſſa terris pace quicuit ouans;
69 164 596 204 Qualis & aſtricolæ conubia pertigit tebes:
109 199 530 222 Henricus talis ductor & obſes adeſt.
69 223 675 259 Magnus vterque: Ducem ſed ſi iam Gallicus æquat
108 258 621 287 Thebanum, in cœlis dic rogo quantus erit
340 290 489 311 Ad Seueram.
80 317 594 349 Et petis, & ſummo contendis Amaſia nutu
109 347 606 379 Quæ fueris, quæ ſis, quæque futura mihi?
80 376 616 406 Pulcrior es niuei folio, mea Nympha, liguſtri,
110 407 572 437 Blandidior cygnis, candidiorque roſis.
226 437 602 466 Ad Chriſtoph. Thuanum Præſidem.
84 465 589 490 Cum cecidit Graio vetus Ilion eruta ferro,
113 494 649 528 Rex maris in Priamum ſæuiit, inque Phrygas:
87 525 635 558 Quoſque prius ſocio fundarat Apolline muros,
118 557 534 584 Diruit; Iliacas heu populatus opes.
83 585 523 614 Tu Præſes, ſtudio caſuris rebus amico
118 612 542 641 Occurris, reſides nec ſinis eſſe viros.
88 643 539 676 Neptuni trux ira fuit: tu ciuibus extas
117 672 566 704 Vis, obſes, princeps, auxiliator, herus.
234 700 612 731 Ad Franc. Fluſſam, Ep. Adurenſem.
83 725 562 765 Egit Echionios in mutua vulnera fratres
120 760 621 794 Trux Dea, quæ durum Martis acerbat opus.
92 792 558 819 At te coniunxit ſtabili concordia nexu
120 820 581 853 Patribus æqua tuis, fratribus æqua tuis.
83 847 583 883 Nec ius, aut pietas ſolum coniurat in illo
121 876 628 911 Fœdere; te ſequitur Pallas, Apollo, Charis.
95 905 642 936 Macte tuis, heros, virtutibusl ipſa ſequendum
124 936 600 967 Plebs habet exemplar, te reſerante viam.
336 967 513 997 In opera Alegriæ
90 988 739 1030 Pauca vides, non pauca tamen; quæque aſpicis hæren,
127 1026 684 1061 Quæque legis; Dominæ ſunt monumenta meæ.
99 1051 673 1085 At mentem formæ præfers? non, Lector, aberras:
128 1081 632 1120 Pulcra quidem facies; pulcrius ingenium.
374 1115 488 1138 De eadem.
692 1135 766 1171 Ouo
