872 1312
340 68 549 89 IOANNIS
113 104 720 134 Quod Dea ſit patrio quondam ſata vertice, mirum
145 134 580 162 At miranda meæ ſunt magis acta Deæ.
113 162 726 191 Edoctam edocta nam dum exprimit arte Mineruam,
141 193 519 223 Enata Virgo Virgine nata venit.
388 224 498 242 In eande.
113 250 618 279 Nil opus eſt ſociis ſociatam Pallada Muſis,
142 280 711 309 Aut Phœbum, aut Charites hoc memorare loco.
114 309 601 333 Ne falli metuas; ſolam ſi dixeris Annam,
138 338 620 367 Nomine comprendes Numina tanta ſuo.
342 368 529 397 Lector & Geſſeus.
113 395 664 427 Quiſaam opifex operis? Virgo de virgine creta,
139 427 625 455 Quam nuper cerebro docta Minerua tulit
112 455 727 483 Magna canis canerem, maioraque miraque, Lector,
141 486 641 513 Eia age: dic annos, cum genioque genus.
99 510 624 544 Corpus ſi ſpectes, ætate, velore, puella eſt:
140 544 599 573 Mentem ſi pendis; marte vel arte, Dea.
382 574 490 593 De eadem.
99 598 668 632 Quæ legis, & Domina iuuenis das eſſe volumen;
140 630 604 660 Falleris orſa ſequens, falleris ora videns.
111 659 574 687 Si genii vires, & idonea munera pendis:
139 689 657 718 Non opus hoc teneræ Virginis; imo Deæ eſt.
379 721 509 740 In Aorem.
109 746 657 777 Ecquid agam? ſeruus male ſano torqueor æſtu:
139 775 550 806 Eſt hera Biſtonia frigidiorque niue
110 804 612 835 Si tibi par igitur virtus Amor; effice ſumat
135 833 538 863 Illa meos ignes, eius at ipſe niues.
325 865 556 893 In opera Remigii Bellæi.
108 890 643 920 Amiſſum fleret cum Gallica Muſa Marotum,
112 921 695 951 Sangelaſum atque illos melior quos protulit ætas,
109 949 633 981 Bellaium, patriis Romana poemata rythmis
109 978 688 1009 Miſcentem. & tragice ſpi rantem magna Peruſam,
108 1008 624 1040 Et maiora ſuis ſperantem mente Iodellum;
109 1038 622 1069 Creditur hoc nuper rupiſſe ſilentia queſtu:
109 1067 657 1098 Tune etiam noſtri pars & rata gloria cœtus,
108 1096 672 1128 Tune etiam, Bellœe, iaces? nec inhoſpita turpi
713 1127 793 1158 Neus
