872 1312
311 68 475 89 GESSEI.
99 101 568 132 Cum præſens cæpit pro genitore loqui.
63 131 576 163 Aſtego, ceu mutus pro letho patris inhæſi;
101 162 578 191 Abſentem præſens occupat vſque dolor.
63 189 676 226 Me miſeruml tandem quod ſors dat Regis alumns
100 221 541 244 In dubio vitæ, mors mihi certa dedit.
63 247 612 281 Ambobus querulæ diuerſa eſt cauſſa querelæ:
104 281 561 305 Sed tamen hæc illi conuenit; iſla mihi.
271 311 493 340 Durani Geſſæi patrui.
73 340 536 368 Durani læuo reticebam funere mæſtus;
104 369 622 400 Cura tenaxque fuit, mens vaga muta chelys.
75 400 620 429 Non oculis deerant lacrimæ, ſed verba palato:
109 428 524 460 Elinguis Cræſo ſic patre natus erat,
74 459 637 488 Forte redempturus genitorem,, donec in hoſtes
108 489 581 519 Os reſerat, capta captus in orbe loquens;
76 520 534 550 Filius at regis vitam cum voce redemit.
108 547 624 577 Par mihi nec Patruumniſus amorque refert?
62 579 573 611 Scilicet auctores fas crebro flectere mortis
108 608 556 638 Aſt vllo flecti mors nequit ipſa modo.
165 638 639 667 nnæ Memorantii Eqq. agiſtri epiaphium.
63 666 651 696 Heic iacet ille Ducum ductor, Regumque ſodalis,
109 697 624 726 Et cui ſors ſua nil, niſi Regia ſceptra, negauit.
267 727 565 753 Tmoleonts Bri tumulus.
77 753 659 785 Rex animum noſtrum cape, tes cape Gallia geſtas.
110 786 570 815 Perfruitur cælo mens pia, corpus humo.
315 817 522 844 la. Syllis. Archi.
80 844 581 876 Syllius heic tegitur, viridi ſublatus in æuo:
111 874 553 906 Et ſeli, & regni faxque timorque ſui.
82 904 639 932 At dum vitaſuit homines ipſumque Tonantem
114 933 591 963 Vexabat; Stygio nunc mouet arma Ioui.
252 963 577 985 Claudiui medici tumulus.
85 989 692 1025 Quem cernis, cernenſque hæres meditaris & hærens,
115 1019 684 1048 Et tumulum, & tumuli nomen, opusque loqua:
84 1050 586 1081 Baillivus retinet, medica ſpectabilis arte;
116 1079 553 1110 Et Morti & nigro conſcius inde Ioui.
86 1108 588 1136 At ne Tartaream comes ille diutius aulam
682 1139 749 1160 Fraa-
