872 1312
259 60 460 86 GESSEI.
57 89 628 131 Spes ale dum ſurgat Franciſcus Apolline maior:
56 126 577 159 Conſulit hic famæ; conſulet ille fami.
203 260 582 288 In lacrymas Macrini, vaore ortua.
47 297 648 350 Redidimus te olim vatum, Macrine, parentem
134 326 711 356 Phœbum eſſe, aonidum credidimuſque patrem
59 356 595 386 At quoniam gratæ tibi mors ingrata Gelonis,
92 387 586 416 Tam largo vndantes irrigat imbre genass
56 412 637 445 Neſcio quid minus es: nam non audiuimus ipſos
93 446 515 475 Vnquam cæleſtes illacrimaſſe Deos.
249 477 473 504 Epitaphta in Gelonim
56 498 592 535 Et Macrine tuum poſt fata Gelonis amorem
94 534 559 562 Sentit, & indicium mortua ſæpe dedit.
57 559 646 587 Nam tacito audita eſt hæc murmure verba ſonare:
94 593 578 624 Valde amat ille, piis qui colit oſſa modis.
312 625 427 645 In endem.
64 652 579 682 Noſſe cupis, qualis fuerim matrona, viator?
96 682 553 712 De me audi vatem mira referre meum.
57 712 609 741 Nam quamuis mihi ſit coniux idemque poeta:
92 741 540 769 Mos tamen eſt illi vera canendo loqui.
288 773 450 800 Eadem loquitur.
56 796 662 836 Quæritis vnde mihi tam ingens ſim nomen adepta?
96 828 550 859 Coniugis id faciunt carmina ſacra mei.
65 857 522 886 Diſcite vos caſtæ vates adamare puellæ:
95 885 599 916 Et veſtrum feriet nomen vtrumque polum.
294 919 492 946 Ad Iacob. Gopilum.
57 940 587 976 Quid tibi me debere putem, Gopile, requiris,
96 974 574 1002 Deuinctum officiis, muneribuſque tuis?
56 999 678 1040 Quantum qui nihil oeſt meritus, tamen ampla ſoluto
97 1034 489 1065 Et laxo accepi plurima dona ſinu.
56 1061 628 1095 Tanto grata mage oſlieiacſe & n era debent,
98 1094 569 1127 Quanto qui confer debuiti
640 1116 731 1144 N.
