872 1312
229 59 564 87 IOAN. GIRARDI.
311 101 476 121 Venus inittatur.
66 120 605 158 Ipſa meas potes in venas Venus alma venire:
101 156 590 184 Huc ante & Bacchus venit, & ante Ceres.
341 191 423 210 Cantulo.
66 213 584 246 Duxiſti vxorem deformem, ſed locupletem:
66 244 524 274 Duxiſti digitis, Cantule, non oculis.
354 279 424 306 Spurio.
70 303 598 335 Si pater eſt certus tibi de genitrice Sacerdos
98 334 579 365 Heic mihi te Spurium dicere. relligio eſt.
284 366 507 392 Iannæ caſa inſcriptum.
67 391 557 423 O triſtes Curæ vos magnas quærite turres:
93 423 599 447 Hanc humilem ſibi habet libera vita caſam.
317 456 489 475 Minime inuidus.
64 480 587 512 Nuſquam virtuti alterius bonus inuidet ille,
93 510 491 544 Quiſquis virtuti fidit vbique ſuæ.
267 543 532 573 Qare non ſcribat de iure.
62 570 570 602 Quid ſioi iura velint, & quid ſit legibus vti.
88 600 526 630 Mandarem ſcriptis forſitan ipſe meis;
43 626 590 660 Hac niſi vita, hominum leges & iura viderem
85 658 537 689 Eſſe hominum inter ſe rctia, decipulas.
249 694 485 720 Vulgi tuæicium nullu.
56 717 536 750 Faſtidit Muſas argento dum hæret & auro
84 749 564 777 Vulgus iners; cui ſum fabula factus inops.
44 777 652 807 Argentum atque aurum faſtidio, dum hæreo Muſis:
44 808 570 839 Eſtmihi, diues opum, fabula, vulgus iners.
278 839 475 866 Puellæ ineorabili.
53 866 512 897 Si tua de veteri penetralia mouero ſede,
79 898 514 924 Atque tuam tantam vicero duritiem;
48 924 574 953 xpugnaſſe ego me vel ahenea mænia dicam,
74 954 492 985 Et Iouis aurifluos exuperaſſe dolos.
276 986 467 1012 In ſenem laſciuum.
31 1011 618 1044 Dic mihi Pythagora poſt vltima quid fore mortis
74 1043 530 1072 Fata ſenem, qui ſit fractus amore putes?
45 1071 607 1101 Per Venerem, fiet pulerum ae laudabile porrum:
73 1102 510 1135 Vviridi cauda eſt albiculaque coma.
