872 1312
371 57 559 91 IOANNIS
388 89 540 119 Laus & Nota.
146 119 710 152 Si non laudentur, quibus eſt curæ vnica virtus;
175 152 621 183 Ecquis eos dicet, vel ſciet eſſe bonos:
146 181 720 211 Si non damnentur, qui non niſi crimina curant;
176 211 610 242 Ecquis eos dicet vel ſcier eſſe malos:
335 239 630 267 Formoſu, maritus deſormu.
151 267 691 297 Vxorem duco deformem. quæ mihi cauſſa eſt?
152 299 597 324 Non facit hoc eæcæ triſtior ira Deæ.
153 327 684 358 Non huc cæcus amor cogit me auriue cupido.
184 355 655 388 Qu, mihi, ſufficiat, forma duobus, adeſt.
437 387 518 407 Amico.
152 413 656 445 Heic omni populo vulgata parœmia fertur;
183 441 681 475 Non eſt is felix coniuge, quiſquis equo eſt.
153 472 675 505 Quærenti tibi quei ſim fœlix coniuge? dico,
185 502 612 531 Sum celeri felix atque beatus equo.
443 533 548 552 Lambertso.
157 562 543 589 Exclamas mihi; doctus es poeta;
157 592 518 622 Bxclamo tibi; doctus es poeta.
160 620 583 651 Sic ſponte & proprie tibi repono,
161 648 608 681 Quod ſponte & proprie mihi reponis.
434 680 503 700 Sereno.
161 708 546 737 Inciuile quidem eſt, Serene, tota
161 737 484 766 Perſpecta niſi lege iudicare.
164 766 502 796 Incitlis homoes. mei libelli
164 793 600 825 Vis iudex prius eſſe, quam eſſe lector.
339 824 650 846 Do bomini, cui vor adultera.
165 853 541 882 Heus tu, Catellum hunc adſpice,
168 882 563 912 Quam dignus eſt, quam dignus eſt,
166 913 420 943 Qui eratioſæ cuipiam
168 943 423 969 Adblandiatur pellici.
169 970 487 1000 Tuæ quis vxori hunc dedit:
463 999 526 1020 Alo.
171 1021 700 1054 Seu mihi ſis ſocius, mihi ſeu ſis Aule miniſter,
184 1057 601 1086 Simve a conſiliis, a pedibusve tuis:
171 1084 757 1118 Dum viuam, reget atque meos dum ſpiritus artus,
772 1112 831 1149 Non
