872 1312
280 85 482 106 GIRARDI.
92 120 579 150 Non erit alternis, quam tuus hic animus.
57 148 512 180 Ergo tui vnius fidei conſide Girardi
58 181 538 209 Qui tuo ab ore, tuo pendet & arbitrio.
300 211 488 238 Nobilinon nobili.
57 232 593 270 Gentilem magna genitum te gente putamus:
92 268 695 300 Gens tua Brutorum eſt: gens ea magna quidem eſt.
65 298 658 328 Nobilis es. magno genitum quem ſanguine ſcimus:
94 329 584 358 Es ſiquidem magno de Boue Bos genitus:
58 356 628 388 Quod ſi alii te de, atque alii naſcantur ab illis,
83 388 570 416 Multa laborandis Gens tua creſcet agris.
253 419 527 446 ominum natura maligra.
66 447 667 476 Hoc mundo ſi vſquam quis quid male fecerit, illud
98 477 441 506 Omnes loquuntur & notant.
58 503 676 535 Hoc mundo ſi vſquam quis quid bene fecerit, illud
99 536 434 566 Omnes tacent, & negligunt.
58 564 672 595 Pronior vſque adeo mala culpet, quam bona laudet
58 596 414 625 Natura gentium omnium.
299 625 463 654 De ſua apathia.
68 654 626 685 Duritia ſuperare feras, chalybemque petramque
100 685 592 712 Poſſum, femineum durus in omne genus.
71 712 632 743 Fruſtra in me exacuit petulans ſua tela Cupido;
99 744 601 773 In me fruſtra etiam ſe Veneremque mouet.
58 773 673 805 At vereor, quia gutta cauat chalybemq; petramqu
101 801 560 831 Ne mea tantipotens molliat oſſa Deus.
336 833 498 860 Vginis raptori,
57 861 449 891 Deus eſt Cupido, dea eſt enus;
70 891 432 920 Viſque vtriuſque præpotens,
58 920 373 950 Dea aut Deus ſi te impulit
70 950 442 978 Ad comprimendam virginem;
57 977 325 1005 Et dicis hoc feciſſe te
57 1007 365 1035 Vi, veritas in ore tuo eſt.
273 1037 466 1066 Iroetæ, muti.
58 1067 575 1101 Deſine mirari mutos hoc tempore cyenos,
104 1095 544 1126 Quo flant occluſo tot Boreæ Cephyro.
58 1126 547 1159 Deſine mirari mutos hoc tempore vates,
686 1154 743 1181 Qus
