<PcGts xmlns="http://schema.primaresearch.org/PAGE/gts/pagecontent/2017-07-15" xmlns:xsi="http://www.w3.org/2001/XMLSchema-instance" xsi:schemaLocation="http://schema.primaresearch.org/PAGE/gts/pagecontent/2017-07-15 http://schema.primaresearch.org/PAGE/gts/pagecontent/2017-07-15/pagecontent.xsd"><Metadata><Creator>User123</Creator><Created>2020-04-19T01:00:18</Created><LastChange>2020-04-19T01:00:18</LastChange></Metadata><Page imageFilename="0976.png" imageHeight="1312" imageWidth="872"><TextRegion id="r0" type="paragraph"><Coords points="1,1 870,1 870,1310 1,1310"/><TextLine id="r0_l001"><Coords points="1,1 1,17 102,17 102,1"/><TextEquiv index="1"><Unicode>r</Unicode></TextEquiv></TextLine><TextLine id="r0_l002"><Coords points="803,20 803,47 862,47 862,20"/><TextEquiv index="1"><Unicode></Unicode></TextEquiv></TextLine><TextLine id="r0_l003"><Coords points="280,85 280,106 482,106 482,85"/><TextEquiv index="1"><Unicode>GIRARDI.</Unicode></TextEquiv></TextLine><TextLine id="r0_l004"><Coords points="682,92 682,110 727,110 727,92"/><TextEquiv index="1"><Unicode>4</Unicode></TextEquiv></TextLine><TextLine id="r0_l005"><Coords points="579,120 92,120 92,150 255,150 370,148 579,150"/><TextEquiv index="1"><Unicode>Non erit alternis, quam tuus hic animus.</Unicode></TextEquiv></TextLine><TextLine id="r0_l006"><Coords points="44,182 71,180 512,180 512,151 376,149 255,151 92,151 50,148 47,147 42,142 37,142 37,185 39,185"/><TextEquiv index="1"><Unicode>Ergo tui vnius fidei conſide Girardi</Unicode></TextEquiv></TextLine><TextLine id="r0_l007"><Coords points="538,181 71,181 44,183 38,186 39,209 260,209 283,207 311,207 332,209 538,209"/><TextEquiv index="1"><Unicode>Qui tuo ab ore, tuo pendet &amp; arbitrio.</Unicode></TextEquiv></TextLine><TextLine id="r0_l008"><Coords points="300,211 300,238 488,238 488,211"/><TextEquiv index="1"><Unicode>Nobilinon nobili.</Unicode></TextEquiv></TextLine><TextLine id="r0_l009"><Coords points="593,269 593,235 520,235 516,238 508,240 370,239 316,240 262,239 252,234 98,234 38,232 38,269 42,267 96,267 243,269 374,268 583,270"/><TextEquiv index="1"><Unicode>Gentilem magna genitum te gente putamus:</Unicode></TextEquiv></TextLine><TextLine id="r0_l010"><Coords points="695,299 695,268 630,268 617,270 583,271 374,269 243,270 92,268 92,297 99,298 468,298 500,300 561,300"/><TextEquiv index="1"><Unicode>Gens tua Brutorum eſt: gens ea magna quidem eſt.</Unicode></TextEquiv></TextLine><TextLine id="r0_l011"><Coords points="658,300 500,301 468,299 189,299 114,300 98,298 65,298 65,327 658,328"/><TextEquiv index="1"><Unicode>Nobilis es. magno genitum quem ſanguine ſcimus:</Unicode></TextEquiv></TextLine><TextLine id="r0_l012"><Coords points="584,357 584,330 94,329 94,357 539,358"/><TextEquiv index="1"><Unicode>Es ſiquidem magno de Boue Bos genitus:</Unicode></TextEquiv></TextLine><TextLine id="r0_l013"><Coords points="628,356 609,358 539,359 156,358 116,359 40,356 40,388 628,388"/><TextEquiv index="1"><Unicode>Quod ſi alii te de, atque alii naſcantur ab illis,</Unicode></TextEquiv></TextLine><TextLine id="r0_l014"><Coords points="570,388 110,388 93,389 90,392 84,394 63,396 46,395 40,397 39,399 39,413 41,416 570,416"/><TextEquiv index="1"><Unicode>Multa laborandis Gens tua creſcet agris.</Unicode></TextEquiv></TextLine><TextLine id="r0_l015"><Coords points="253,419 253,446 527,446 527,419"/><TextEquiv index="1"><Unicode>ominum natura maligra.</Unicode></TextEquiv></TextLine><TextLine id="r0_l016"><Coords points="66,447 66,476 667,476 667,447"/><TextEquiv index="1"><Unicode>Hoc mundo ſi vſquam quis quid male fecerit, illud</Unicode></TextEquiv></TextLine><TextLine id="r0_l017"><Coords points="441,505 441,477 98,477 99,506 379,506"/><TextEquiv index="1"><Unicode>Omnes loquuntur &amp; notant.</Unicode></TextEquiv></TextLine><TextLine id="r0_l018"><Coords points="725,503 480,503 476,505 454,506 379,507 156,506 99,507 52,504 52,535 724,535"/><TextEquiv index="1"><Unicode>Hoc mundo ſi vſquam quis quid bene fecerit, illud</Unicode></TextEquiv></TextLine><TextLine id="r0_l019"><Coords points="99,536 99,566 434,566 434,536"/><TextEquiv index="1"><Unicode>Omnes tacent, &amp; negligunt.</Unicode></TextEquiv></TextLine><TextLine id="r0_l020"><Coords points="672,565 472,565 402,567 175,566 110,567 84,565 22,565 22,595 71,595 76,593 126,595 672,595"/><TextEquiv index="1"><Unicode>Pronior vſque adeo mala culpet, quam bona laudet</Unicode></TextEquiv></TextLine><TextLine id="r0_l021"><Coords points="39,596 39,625 414,625 414,596"/><TextEquiv index="1"><Unicode>Natura gentium omnium.</Unicode></TextEquiv></TextLine><TextLine id="r0_l022"><Coords points="299,625 299,654 463,654 463,625"/><TextEquiv index="1"><Unicode>De ſua apathia.</Unicode></TextEquiv></TextLine><TextLine id="r0_l023"><Coords points="814,632 814,668 854,668 854,632"/><TextEquiv index="1"><Unicode></Unicode></TextEquiv></TextLine><TextLine id="r0_l024"><Coords points="412,683 626,684 626,654 68,654 68,683 215,685"/><TextEquiv index="1"><Unicode>Duritia ſuperare feras, chalybemque petramque</Unicode></TextEquiv></TextLine><TextLine id="r0_l025"><Coords points="592,685 100,685 100,712 592,712"/><TextEquiv index="1"><Unicode>Poſſum, femineum durus in omne genus.</Unicode></TextEquiv></TextLine><TextLine id="r0_l026"><Coords points="554,741 632,741 632,712 546,714 398,713 280,715 130,715 99,712 71,712 71,742 78,743 484,743"/><TextEquiv index="1"><Unicode>Fruſtra in me exacuit petulans ſua tela Cupido;</Unicode></TextEquiv></TextLine><TextLine id="r0_l027"><Coords points="99,744 99,773 601,773 601,744"/><TextEquiv index="1"><Unicode>In me fruſtra etiam ſe Veneremque mouet.</Unicode></TextEquiv></TextLine><TextLine id="r0_l028"><Coords points="801,743 801,775 848,775 848,743"/><TextEquiv index="1"><Unicode></Unicode></TextEquiv></TextLine><TextLine id="r0_l029"><Coords points="53,802 72,801 94,801 136,804 252,804 472,802 484,800 517,800 594,801 606,802 611,805 673,804 673,773 360,773 260,775 127,775 36,773 36,807 45,807"/><TextEquiv index="1"><Unicode>At vereor, quia gutta cauat chalybemq; petramqu</Unicode></TextEquiv></TextLine><TextLine id="r0_l030"><Coords points="560,802 484,801 472,803 252,805 136,805 101,803 101,831 560,831"/><TextEquiv index="1"><Unicode>Ne mea tantipotens molliat oſſa Deus.</Unicode></TextEquiv></TextLine><TextLine id="r0_l031"><Coords points="336,833 336,860 498,860 498,833"/><TextEquiv index="1"><Unicode>Vginis raptori,</Unicode></TextEquiv></TextLine><TextLine id="r0_l032"><Coords points="38,861 38,891 449,891 449,861"/><TextEquiv index="1"><Unicode>Deus eſt Cupido, dea eſt enus;</Unicode></TextEquiv></TextLine><TextLine id="r0_l033"><Coords points="70,891 70,920 432,920 432,891"/><TextEquiv index="1"><Unicode>Viſque vtriuſque præpotens,</Unicode></TextEquiv></TextLine><TextLine id="r0_l034"><Coords points="58,950 373,949 373,920 188,920 149,922 57,920 49,925 39,926 40,953"/><TextEquiv index="1"><Unicode>Dea aut Deus ſi te impulit</Unicode></TextEquiv></TextLine><TextLine id="r0_l035"><Coords points="442,950 70,951 70,977 442,978"/><TextEquiv index="1"><Unicode>Ad comprimendam virginem;</Unicode></TextEquiv></TextLine><TextLine id="r0_l036"><Coords points="325,980 322,979 123,980 102,978 42,977 42,1005 325,1005"/><TextEquiv index="1"><Unicode>Et dicis hoc feciſſe te</Unicode></TextEquiv></TextLine><TextLine id="r0_l037"><Coords points="40,1008 40,1035 365,1035 365,1008"/><TextEquiv index="1"><Unicode>Vi, veritas in ore tuo eſt.</Unicode></TextEquiv></TextLine><TextLine id="r0_l038"><Coords points="273,1037 273,1066 466,1066 466,1037"/><TextEquiv index="1"><Unicode>Iroetæ, muti.</Unicode></TextEquiv></TextLine><TextLine id="r0_l039"><Coords points="67,1095 199,1097 441,1094 575,1095 575,1067 52,1067 51,1070 36,1070 36,1102 57,1102"/><TextEquiv index="1"><Unicode>Deſine mirari mutos hoc tempore cyenos,</Unicode></TextEquiv></TextLine><TextLine id="r0_l040"><Coords points="544,1124 544,1095 441,1095 264,1098 104,1096 104,1126 383,1126"/><TextEquiv index="1"><Unicode>Quo flant occluſo tot Boreæ Cephyro.</Unicode></TextEquiv></TextLine><TextLine id="r0_l041"><Coords points="37,1112 1,1112 1,1135 36,1135"/><TextEquiv index="1"><Unicode></Unicode></TextEquiv></TextLine><TextLine id="r0_l042"><Coords points="365,1157 381,1157 394,1155 547,1155 547,1126 384,1126 328,1128 122,1128 98,1126 46,1126 45,1130 36,1136 24,1136 24,1159 362,1159"/><TextEquiv index="1"><Unicode>Deſine mirari mutos hoc tempore vates,</Unicode></TextEquiv></TextLine><TextLine id="r0_l043"><Coords points="721,1173 743,1173 743,1154 686,1154 686,1181 713,1181"/><TextEquiv index="1"><Unicode>Qus</Unicode></TextEquiv></TextLine><TextLine id="r0_l044"><Coords points="418,1159 418,1182 521,1182 521,1159"/><TextEquiv index="1"><Unicode>Oooo?</Unicode></TextEquiv></TextLine><TextLine id="r0_l045"><Coords points="776,1249 776,1283 870,1283 870,1249"/><TextEquiv index="1"><Unicode></Unicode></TextEquiv></TextLine></TextRegion></Page></PcGts>