872 1312
353 90 556 116 IOANNIS
173 130 589 161 Quo Mecænatem viuere non video.
136 155 761 191 Nulla ego iampridem compono aut carmina canto.
168 189 608 217 Vox, cala mus, nummi deperiere mei.
372 220 473 246 De ſiipſi
141 245 625 281 Quas odi Muſas, Muſæ me odere viciſſim:
173 276 616 308 t erpetuos fugio totum Helicona dies.
140 304 706 338 Quid cauſſæ eſt? non hoc auri ſcelerata cupido,
173 334 725 365 Non facit hoc Veneris famma. quid ergo? nihil.
135 363 685 401 Quid nihil hoc ſit adhuc, ſi non intelligis, audi:
172 392 625 423 Totus inops habeo poſſideoque nihi.
424 425 517 443 Panætio.
138 448 686 481 Luno opibus, Venus illiciis & amore ſuperbit;
174 480 551 512 Ingenio Pallas pollet & eloquio.
141 506 751 540 Nemo tribus placuit, placuit quoque nemo duabus:
177 540 545 570 Vnam Panæti delige cui placeas
127 564 680 603 Nil tibi cum Cypriâ, nil cum Iunone negotii.
179 596 687 629 Quod ſi ſolam ambis Pallada, laudo, & amo.
324 629 594 656 Vrs tus appetenda e Grao.
146 656 603 683 Non te felices attollant temporis auræ:
181 685 648 717 Nulla grauet mentem ſollicitudo tuam.
145 714 704 741 Omnis enim inſtabili vita hæc exponitur Euro,
178 743 608 772 Plena doloriſicis vndique vita malis.
142 771 722 799 irma tibi virtus cimba: hanc adſcende libenter,
178 801 626 830 Et vitæ dubias haud trepidabis aquas.
377 832 582 858 De duobus elotpu.
144 857 681 892 Lelotypus quidam eſt, caſta de vxore maritus
180 889 594 919 De laſciua alter coniuge elotypus.
150 916 692 945 Huius an illius melior fortuna, priorque?
184 947 657 978 Si quid es expertus. ſcire profecto potes.
152 975 672 1008 Plus ſatis ille ſuo nimirum friget in igne:
182 1006 585 1033 Iſte ſuis autem ſe nimis vrit aquis.
356 1036 610 1062 tſomini rapin nobilitato.
150 1063 621 1095 Et rapere, & ſola toto æuo viuere præda,
187 1089 720 1122 Nobilitas noſtro tempore prima quidem eſt.
754 1151 817 1171 Non-
