872 1312
288 90 481 111 ARDI
71 124 592 153 Nonne Aquila eſt primæ nobilitatis auis?
71 153 563 178 Nobilis eſt medio dentatus flumine cetus:
101 184 493 208 Nobilis eſt inter cetera bruta Leo.
71 212 586 245 Hæc autem viuunt præda viuuntque rapina.
71 243 567 279 Harpale, nobilitas, præda, rapina, tua eſt.
229 276 508 304 Rhamnuſiæ. in auarum.
71 295 672 332 Quem nimis in magnos nummorum tollis aceruos;
102 333 683 362 Quem ad ſumma ingentum culmina ducis opum;
71 362 579 386 An non venit eo ridens hinc flens vt abireti
101 392 536 422 Quin etiam vt lapſu præcipiti rueret?
71 422 634 447 Verte tuam mihi, verte rotam Rhamnuſia verte:
100 452 512 481 Exſpectata dies venit, & hora ſonat.
72 481 563 510 Seruiat æternos in paupertate Decembres,
66 510 517 540 Inter opes liber qui nequit eſſe ſuas.
313 543 455 563 Ver amiciti.
71 571 571 600 Sincerum genitore Deo concepit Amorem
98 600 520 624 Virtus, & medio baiulat hunc vtero.
70 629 699 659 Naſcitur hic tandem: fouet hunc materque paterque:
101 661 554 689 Nutrit, alit mater nutrit alitque pater.
71 690 576 718 Non ergo vtilitas ſinceri eſt mater Amoris:
101 717 623 749 Huius deinde patrem quis putat eſſe lucrum?
71 749 734 777 Hoc verum eſt: domin pedibus venerantur Amorem,
99 779 657 808 Hinc famula tilitas, mancipium inde Lucrum.
286 810 493 838 Temporio.
70 836 688 867 Viuit homo octoginta, haud plus communiter annis:
69 866 650 896 Ex quibus ille decem in menſa. potuque, ciboque,
68 897 556 926 Ac totidem ludo. viginti inſumere ſomno
62 925 654 954 Dicirur; atque nouem & ſeptem puerilibus armis,
63 954 606 984 Nil operæ faciens: dein morbis quattuor. ergo
63 984 602 1014 Qua ſtudeat Mnſis, ſtudeat qua rebus honeſtis,
63 1015 480 1044 Illi quarta datur totius portio vitæ.
69 1044 582 1074 O Tempus ſub Sole tuis quid carius horis?
276 1075 460 1103 Claudio upeforti.
62 1102 624 1135 Sola genethlia. aut doctrina. aut denique virtus,
96 1133 525 1167 Iudice me, non eſt integra Nobilitas.
638 1159 740 1189 Ooo A Ouod
