872 1312
340 83 546 108 OANNIS
133 124 624 155 Quod ſi tres vno iungantur corpore dotes,
165 156 624 185 Omnino vnum illud nobile corpus erit.
136 185 657 214 Ogeneſis tua I doctrina tua & o tua virtusl
161 215 700 245 Quo triplici ornatum ſtemmate corpus habes.
135 243 632 273 Hinc inter proceres forti te in rupe repoio,
165 273 533 301 Et te præcipuo dico ſedere loco.
392 305 493 328 In Syrum.
138 332 626 359 Crimen adulterii Syrus capitale reclamat,
167 361 608 389 Atque exſecrandum iudicateſſe nefas.
138 390 629 419 Hic idem ſtuprum Syrus laudabile crimen
168 419 652 448 Tam putat, aut ſaltem tam putat eſſe leue;
139 448 675 478 Septem vt Parthenicas malit ſtupraſſe puellas,
170 478 560 507 Vnius vxorerm quam violaſſe viri.
138 504 661 535 Nimirum malit, quam portâ, intrare feneſtrâ.
170 537 614 567 Vſque adeo ſtricti dogmata iuris amat.
340 568 590 587 Bonum omen conitale.
130 585 742 624 Præpete quid volucri heic opus eſt, aut oſcine nobis?
171 624 594 653 Ah valeat priſci temporis augurium
139 652 631 681 Eſt præſens melius: ſeſe offert cœna parata
169 683 617 712 Cum perdice capis. ergo bonis auibus.
371 714 533 740 Spefretus amat.
138 743 417 772 Amare paupertas vetat:
140 772 431 800 Amare contra ſpes iubet.
141 801 545 831 Summum vtraque in me ius habet.
141 830 415 858 Sedquæ potentior Dea,
140 859 434 888 Oſtendat heic potentiam
138 888 509 918 In me ſuam, atque comprobet.
139 919 478 947 Iam me ecce paupertas fugit,
138 946 430 974 Et ſpes mihi ſola adſidet.
137 977 447 1007 go ergo amabo protinus.
400 1008 512 1036 In ingratos.
136 1034 590 1066 Exoſum & nulli non exſecrabile genti,
167 1065 652 1095 Ingratorum hominum dicitur eſſe genus.
138 1094 680 1124 Sunt alii quibus eſt leuior bona gratia pluma;
168 1124 678 1157 uut qui diſſimulant munera, dona negant
749 1155 811 1177 Sunt
