872 1312
276 75 472 97 ARD.
702 76 741 96 Ss
35 112 569 147 Sunt alii, obliti quæ feceris ipſe bonorum:
106 140 595 173 Sunt qui pro officiis damna referre ſolent.
36 164 532 208 Illos natura plus quam capitaliter odi:
107 201 548 231 Hos odi lacrimis plus, Crocodile, tuis.
37 225 535 269 Hos, illos, odit tellus, hos æquor, & illos
108 261 502 291 Aër: hos, illos odit vterque polus.
277 291 478 319 Demuliere & equo.
80 319 580 351 Paſſim omnibus pulcerrimæ ac laudabiles,
81 353 561 381 Hæ beſtiæ duæ, Mulier & Equus veneunt.
82 379 552 405 Re ceterum omni erit doloſus venditor,
82 409 567 442 Præterquam in his ſolis duabus beſtiis.
84 438 594 470 Harum altera eſt, quæ venditur facto pretio,
67 468 615 497 Denariis decem & tribus; eaque venditur
87 498 552 529 Sic, vt reuendi neutiquam queat. altera
85 527 539 555 Vendatur vt centum aureis & amplius,
86 554 612 589 Reuendi ea ipſa quidem queat, quanti poteſt.
87 589 519 618 At conſtet vtra pluris, hae, an altera;
88 616 539 649 Emas vtramque beſtiam. & certo ſcies.
278 647 527 677 Aurum, ſanguis, & vita.
91 676 625 709 Vnde fit vt fuluo quanto minus impleor auro,
122 702 658 740 Hoc mage magno emptis impleo me dapibus?
78 733 717 772 Quei fit item, vt fuluo quanto magis impleor auro,
123 762 612 798 Hoc minus oppiparis impleo me dapibus i
93 792 607 828 Huc illucve potens mea me Natura vocauit,
124 828 504 853 Pro varia ſortis conditione meæ.
95 850 657 887 Hoc fit natura, querulam quod ſemper in aluum
125 882 575 915 Immittat, nummis qui caret & loculis.
98 916 508 948 Hoc fit natura, facili ieiunia ventre
127 944 589 975 Vt ferat is, magnas qui ſedet inter opes.
99 971 573 1005 O aurum, triplici capſa, clauique, ſeraque
129 1000 643 1034 Seruandum ſanguis, vita, ſalus hominum--.
258 1030 572 1062 Seurra primâ nocte pater factus.
102 1055 637 1098 Quidam connubio ſibi bellam ſcurra puellam
130 1083 596 1120 Iunxit lieri, factus qui pater eſt hodie.
1 1107 635 1161 Exquo ſollicitus fabrorum adit ille tabernas,
549 1139 771 1167 OooS E
