872 1312
347 93 528 115 IOANNIS
143 123 613 154 Et cunas centum comparat; inde redit?
115 153 654 185 Ecquid id eſſet, erat qui tnc quæſiuit amicus:
144 183 574 213 Vxor fœcunda eſt, inquit amice, mea.
116 212 608 243 Quolibet illa die grauida demittet ab aluo
146 241 593 272 Infantem, modo ſi quo pede cœpit, eat.
114 271 593 295 Et centum cunæ centum ſatis eſſe diebus
145 299 579 332 Poſſunt; ne toties cogar adire fabros.
339 334 514 357 Iocus in hoſpitem.
117 357 585 385 Soluere vos, aut hac fas eſt exire feneſtra,
145 389 597 417 Quattuor hoſpitibus durior hoſpes, ait.
115 417 530 448 Ex illis vnus conſultus iuris & alter,
145 447 499 476 Has leges ſocios edocuere ſuos.
116 475 548 505 Alternatiuis næ debitor eligit? aiunt,
144 505 580 535 Et magis eſt facilis. quæ ſit aperta via?
99 533 691 567 Conſilium placuit: dictam, mora nulla feneſtram
144 563 600 595 Aſcendunt, ſubita moxque abiere fuga.
99 587 675 623 Hoſpes litem infert: multum certatur vtrimque.
141 622 584 651 Iudex iudicium, quiſquis es, ede tuum.
356 655 478 681 Votum poëtæ.
114 680 667 711 Quid reputas lepidum inter dulcia vina poëtam
142 709 552 732 Poſcere, & in votis continuare ſuis?
99 735 669 769 Non Tyrias veſtes poſcit, viridesque Smaragdos,
140 768 533 799 Diuitias Crœſi, diuitiasque Midæ.
111 797 652 828 Nil dominos reges curat. gentemque togatam:
139 826 585 855 PIutonis ſpernit, ſpernit & arma Iouis:
107 857 686 886 Vt quocumque nouos Septembri menſe racemos,
137 886 618 915 Et tractet manibus ſupprimat & pedibus.
109 913 604 943 Vtque ſuo cantet maturas tempore meſſes,
140 943 572 968 Audeat & Veneri dicere; viue Venus.
109 971 656 1003 Denique continuos vt centum gaudeat annos;
137 1003 544 1025 Extremum mors vt vita ſit illi alia:
108 1029 616 1061 Hæ lepido curæ, hæc lepido ſunt vota poëtæ.
137 1057 560 1084 Dic mihi ſi poſſunt his meliora dari.
352 1090 489 1110 Ioh. Borthoni.
108 1116 724 1151 Quæris quos habeam ex miſeris mortalibus hoſtes,
673 1151 772 1182 Fugiam-
