<PcGts xmlns="http://schema.primaresearch.org/PAGE/gts/pagecontent/2017-07-15" xmlns:xsi="http://www.w3.org/2001/XMLSchema-instance" xsi:schemaLocation="http://schema.primaresearch.org/PAGE/gts/pagecontent/2017-07-15 http://schema.primaresearch.org/PAGE/gts/pagecontent/2017-07-15/pagecontent.xsd"><Metadata><Creator>User123</Creator><Created>2020-04-19T08:48:26</Created><LastChange>2020-04-19T08:48:26</LastChange></Metadata><Page imageFilename="0024.png" imageHeight="1432" imageWidth="976"><TextRegion id="r0" type="paragraph"><Coords points="1,1 974,1 974,1430 1,1430"/><TextLine id="r0_l001"><Coords points="231,3 231,20 286,20 286,3"/><TextEquiv index="1"><Unicode></Unicode></TextEquiv></TextLine><TextLine id="r0_l002"><Coords points="62,88 61,15 54,9 1,9 1,90 42,90"/><TextEquiv index="1"><Unicode></Unicode></TextEquiv></TextLine><TextLine id="r0_l003"><Coords points="946,45 922,43 856,43 856,72 918,73 946,75"/><TextEquiv index="1"><Unicode></Unicode></TextEquiv></TextLine><TextLine id="r0_l004"><Coords points="188,52 188,84 836,84 836,52"/><TextEquiv index="1"><Unicode>2DAM iis vmiis</Unicode></TextEquiv></TextLine><TextLine id="r0_l005"><Coords points="48,134 48,90 1,91 1,135 34,135"/><TextEquiv index="1"><Unicode></Unicode></TextEquiv></TextLine><TextLine id="r0_l006"><Coords points="738,133 738,101 193,101 193,134 658,135"/><TextEquiv index="1"><Unicode>Byſſus eat, quam virgato bombycina textu</Unicode></TextEquiv></TextLine><TextLine id="r0_l007"><Coords points="973,110 884,110 884,142 973,142"/><TextEquiv index="1"><Unicode></Unicode></TextEquiv></TextLine><TextLine id="r0_l008"><Coords points="748,165 748,135 508,136 468,138 190,135 190,166 199,165 233,167 497,168"/><TextEquiv index="1"><Unicode>Fimbria miuris inter rutilantibus aureis,</Unicode></TextEquiv></TextLine><TextLine id="r0_l009"><Coords points="924,144 924,181 974,181 974,144"/><TextEquiv index="1"><Unicode>o</Unicode></TextEquiv></TextLine><TextLine id="r0_l010"><Coords points="768,195 768,168 190,168 190,196 206,196 219,198 617,198"/><TextEquiv index="1"><Unicode>Vndiq diradiet: caſiam&amp; fagrantia amoms</Unicode></TextEquiv></TextLine><TextLine id="r0_l011"><Coords points="973,196 822,195 563,200 219,199 206,197 190,197 190,229 556,230 605,228 863,228 889,229 893,231 973,231"/><TextEquiv index="1"><Unicode>Cinnama congerite, ac calamo bene- olente cyperurm</Unicode></TextEquiv></TextLine><TextLine id="r0_l012"><Coords points="833,229 605,229 556,231 190,230 190,258 833,258"/><TextEquiv index="1"><Unicode>Macer anhelantem ambroſijs tot odoribus auram</Unicode></TextEquiv></TextLine><TextLine id="r0_l013"><Coords points="920,234 920,277 974,277 974,234"/><TextEquiv index="1"><Unicode></Unicode></TextEquiv></TextLine><TextLine id="r0_l014"><Coords points="724,291 724,261 453,261 395,263 277,262 190,263 190,292 519,293"/><TextEquiv index="1"><Unicode>Aſpalathuſq; alat, &amp; dij vis maſcula turis.</Unicode></TextEquiv></TextLine><TextLine id="r0_l015"><Coords points="826,294 820,293 192,293 192,322 220,323 233,325 534,325 649,323 826,325"/><TextEquiv index="1"><Unicode>Vettonicis, violiſque, immortaliq; amaranto,</Unicode></TextEquiv></TextLine><TextLine id="r0_l016"><Coords points="944,290 944,316 974,316 974,290"/><TextEquiv index="1"><Unicode></Unicode></TextEquiv></TextLine><TextLine id="r0_l017"><Coords points="973,316 928,316 922,321 922,326 924,328 933,331 973,331"/><TextEquiv index="1"><Unicode></Unicode></TextEquiv></TextLine><TextLine id="r0_l018"><Coords points="799,352 799,326 763,326 737,324 649,324 534,326 354,325 233,326 220,324 191,324 191,356 582,356"/><TextEquiv index="1"><Unicode>Et galijs ornate thorum, roriſq; marii</Unicode></TextEquiv></TextLine><TextLine id="r0_l019"><Coords points="973,332 933,332 921,328 921,362 973,362"/><TextEquiv index="1"><Unicode>t</Unicode></TextEquiv></TextLine><TextLine id="r0_l020"><Coords points="675,385 821,386 821,355 743,354 582,357 189,358 189,387 592,387"/><TextEquiv index="1"><Unicode>Atq; thymi aſparagis, atq; aſteris atq; hyacinthi,</Unicode></TextEquiv></TextLine><TextLine id="r0_l021"><Coords points="971,364 902,363 892,360 892,391 895,393 971,394"/><TextEquiv index="1"><Unicode></Unicode></TextEquiv></TextLine><TextLine id="r0_l022"><Coords points="784,416 784,386 675,386 536,389 279,388 223,390 192,389 192,417 773,417"/><TextEquiv index="1"><Unicode>Aurea victrices vmbrent periſtromata laurus.</Unicode></TextEquiv></TextLine><TextLine id="r0_l023"><Coords points="918,425 918,457 972,457 972,425"/><TextEquiv index="1"><Unicode></Unicode></TextEquiv></TextLine><TextLine id="r0_l024"><Coords points="918,395 918,425 974,425 974,395"/><TextEquiv index="1"><Unicode></Unicode></TextEquiv></TextLine><TextLine id="r0_l025"><Coords points="224,418 224,445 819,445 819,418"/><TextEquiv index="1"><Unicode>Collis enimveſtri,veſtri inſtaurator honoris,,</Unicode></TextEquiv></TextLine><TextLine id="r0_l026"><Coords points="775,480 775,450 696,449 643,451 479,452 271,451 252,452 191,450 191,481 629,482"/><TextEquiv index="1"><Unicode>Fortia Scotigenas patrijs qui pectora ſceptris</Unicode></TextEquiv></TextLine><TextLine id="r0_l027"><Coords points="918,463 918,488 973,488 973,463"/><TextEquiv index="1"><Unicode></Unicode></TextEquiv></TextLine><TextLine id="r0_l028"><Coords points="772,512 772,482 630,482 571,484 403,483 367,484 189,482 189,513 692,513"/><TextEquiv index="1"><Unicode>E virtute regit: clangentibus incita pennis</Unicode></TextEquiv></TextLine><TextLine id="r0_l029"><Coords points="745,543 745,515 191,515 191,543 205,544 654,545"/><TextEquiv index="1"><Unicode>Oceani trans vaſti aditus, auroq; comantes</Unicode></TextEquiv></TextLine><TextLine id="r0_l030"><Coords points="867,545 655,545 505,547 410,547 351,545 189,545 189,574 209,575 352,577 624,577 666,575 778,575 805,577 867,577"/><TextEquiv index="1"><Unicode>Heſperidumiluas, trans quæ rigat æquora Ganges,,</Unicode></TextEquiv></TextLine><TextLine id="r0_l031"><Coords points="804,607 804,577 666,576 624,578 352,578 193,576 193,607 684,608"/><TextEquiv index="1"><Unicode>Tranſq; Arabes quem fama vehis, Iacobus auito</Unicode></TextEquiv></TextLine><TextLine id="r0_l032"><Coords points="919,588 919,622 974,622 974,588"/><TextEquiv index="1"><Unicode></Unicode></TextEquiv></TextLine><TextLine id="r0_l033"><Coords points="1,573 1,633 49,633 49,573"/><TextEquiv index="1"><Unicode></Unicode></TextEquiv></TextLine><TextLine id="r0_l034"><Coords points="822,608 685,608 555,610 192,608 192,638 205,639 822,640"/><TextEquiv index="1"><Unicode>Sanguine qui Regum Sextus id inominis audit,</Unicode></TextEquiv></TextLine><TextLine id="r0_l035"><Coords points="188,641 188,672 815,672 815,641"/><TextEquiv index="1"><Unicode>Fridericinatarum Annam, tot laude per annos</Unicode></TextEquiv></TextLine><TextLine id="r0_l036"><Coords points="729,703 729,673 487,674 191,672 191,702 202,703 719,704"/><TextEquiv index="1"><Unicode>Regales Danicæ flexit qui gentis habenas,</Unicode></TextEquiv></TextLine><TextLine id="r0_l037"><Coords points="921,688 921,712 974,712 974,688"/><TextEquiv index="1"><Unicode>l</Unicode></TextEquiv></TextLine><TextLine id="r0_l038"><Coords points="825,703 577,706 192,703 192,732 388,735 825,735"/><TextEquiv index="1"><Unicode>entis, in armorum, terraq; marique, trumphis,</Unicode></TextEquiv></TextLine><TextLine id="r0_l039"><Coords points="921,716 921,741 974,741 974,716"/><TextEquiv index="1"><Unicode></Unicode></TextEquiv></TextLine><TextLine id="r0_l040"><Coords points="749,735 473,737 307,734 190,734 190,765 309,765 399,767 749,767"/><TextEquiv index="1"><Unicode>Qua ſit nulla magis toto excellentior Orbe,</Unicode></TextEquiv></TextLine><TextLine id="r0_l041"><Coords points="830,767 187,767 187,795 213,795 230,797 353,797 404,799 830,799"/><TextEquiv index="1"><Unicode>Goniugij capit auſpicijs, queriturque morantem</Unicode></TextEquiv></TextLine><TextLine id="r0_l042"><Coords points="769,799 596,801 404,800 353,798 188,798 188,826 204,827 349,830 769,830"/><TextEquiv index="1"><Unicode>Sideris Heſperij cupidis in amoribus ignem.</Unicode></TextEquiv></TextLine><TextLine id="r0_l043"><Coords points="893,830 805,830 745,832 482,832 222,830 222,859 233,860 337,862 893,864"/><TextEquiv index="1"><Unicode>Surge age, quid ceſſas? nitidiſſime veſper, Olymp</Unicode></TextEquiv></TextLine><TextLine id="r0_l044"><Coords points="724,864 189,862 189,891 318,891 365,893 724,893"/><TextEquiv index="1"><Unicode>Expectata diu quid tollerelumina ceſſas i</Unicode></TextEquiv></TextLine><TextLine id="r0_l045"><Coords points="803,892 771,892 760,895 741,896 520,896 365,894 318,892 184,892 184,921 307,922 390,925 803,925"/><TextEquiv index="1"><Unicode>Anne tibi furtim ardenti puer improbus arc</Unicode></TextEquiv></TextLine><TextLine id="r0_l046"><Coords points="755,928 490,927 390,926 307,923 187,923 187,951 194,952 460,957 755,957"/><TextEquiv index="1"><Unicode>Surripuit flammas? ipſe an colldis Amori?</Unicode></TextEquiv></TextLine><TextLine id="r0_l047"><Coords points="937,939 937,966 971,966 971,939"/><TextEquiv index="1"><Unicode></Unicode></TextEquiv></TextLine><TextLine id="r0_l048"><Coords points="780,959 510,959 459,957 361,957 313,955 185,955 185,983 199,984 457,989 780,989"/><TextEquiv index="1"><Unicode>Crudelſne iuuas Venerem procudere luſus?</Unicode></TextEquiv></TextLine><TextLine id="r0_l049"><Coords points="945,977 945,998 974,998 974,977"/><TextEquiv index="1"><Unicode></Unicode></TextEquiv></TextLine><TextLine id="r0_l050"><Coords points="781,992 521,991 339,987 183,987 183,1015 197,1016 400,1020 781,1020"/><TextEquiv index="1"><Unicode>Vt pariter caſto viuacem in pectore flammam</Unicode></TextEquiv></TextLine><TextLine id="r0_l051"><Coords points="713,1024 463,1022 283,1018 185,1018 185,1047 309,1050 713,1050"/><TextEquiv index="1"><Unicode>Funditus, atq; imis funalia fixa medullis</Unicode></TextEquiv></TextLine><TextLine id="r0_l052"><Coords points="815,1050 773,1050 766,1054 758,1056 609,1056 373,1053 308,1050 181,1050 181,1078 195,1079 815,1079"/><TextEquiv index="1"><Unicode>Exagites? iuueni vt moræ alant incendia triſtes?</Unicode></TextEquiv></TextLine><TextLine id="r0_l053"><Coords points="768,1088 601,1087 419,1083 215,1083 215,1109 221,1110 291,1113 385,1113 422,1115 537,1116 574,1118 672,1118 768,1120"/><TextEquiv index="1"><Unicode>Heu quoties toto mœrens expalluit ore,</Unicode></TextEquiv></TextLine><TextLine id="r0_l054"><Coords points="936,1102 936,1133 973,1133 973,1102"/><TextEquiv index="1"><Unicode></Unicode></TextEquiv></TextLine><TextLine id="r0_l055"><Coords points="795,1119 790,1121 574,1119 537,1117 422,1116 385,1114 291,1114 220,1110 181,1110 181,1141 195,1142 381,1146 795,1146"/><TextEquiv index="1"><Unicode>Gùm ſua iam dubijs præbentem carbaſa ventis</Unicode></TextEquiv></TextLine><TextLine id="r0_l056"><Coords points="935,1133 935,1159 974,1159 974,1133"/><TextEquiv index="1"><Unicode></Unicode></TextEquiv></TextLine><TextLine id="r0_l057"><Coords points="763,1152 756,1151 560,1151 328,1145 181,1144 181,1172 196,1173 234,1175 763,1175"/><TextEquiv index="1"><Unicode>Ite mari dominam, ac tenuis teneraſcere fili</Unicode></TextEquiv></TextLine><TextLine id="r0_l058"><Coords points="925,1171 925,1203 972,1203 972,1171"/><TextEquiv index="1"><Unicode></Unicode></TextEquiv></TextLine><TextLine id="r0_l059"><Coords points="182,1176 182,1213 768,1213 768,1176"/><TextEquiv index="1"><Unicode>Tirgineam ſciret, ratis in vexamue, mentem</Unicode></TextEquiv></TextLine><TextLine id="r0_l060"><Coords points="927,1203 927,1224 973,1224 973,1203"/><TextEquiv index="1"><Unicode>I.</Unicode></TextEquiv></TextLine><TextLine id="r0_l061"><Coords points="898,1221 776,1221 776,1244 807,1244 816,1252 898,1252"/><TextEquiv index="1"><Unicode>Quanas</Unicode></TextEquiv></TextLine><TextLine id="r0_l062"><Coords points="20,1340 20,1396 80,1396 80,1340"/><TextEquiv index="1"><Unicode></Unicode></TextEquiv></TextLine><TextLine id="r0_l063"><Coords points="899,1371 899,1401 974,1401 974,1371"/><TextEquiv index="1"><Unicode></Unicode></TextEquiv></TextLine><TextLine id="r0_l064"><Coords points="973,1401 912,1401 904,1398 884,1398 884,1417 973,1417"/><TextEquiv index="1"><Unicode></Unicode></TextEquiv></TextLine></TextRegion></Page></PcGts>