976 1432
278 100 676 130 SCoTOvME Is.
2 139 699 178 tuspondet fata ſuæ: Aonio nam mater ab antro
3 174 766 222 :Mnemoſyne dedit augurium: læuaque coruſcant
111 210 598 242 Ecce Dionei liquidis èe nubibus ignes.
55 243 637 274 Illius erg omnis virtutes audiet ætas,
55 273 794 306 Egregiamque animi laudum in certamine, mentem
55 304 706 337 Fama feret: magna ingenij dabit orgia nobis,
56 336 737 372 Scotia quo bella animos, quo sſancta verendum
57 368 721 408 eligio caput attollit. Princepſque enatus
58 399 671 435 Iuſtitia iniectis adſtringet compedibus vim
58 429 825 467 Sæuam animis nimioque manusheu ſanguine tinctæ
111 464 704 498 Oui leges Scotis patrias. rectumque piumque
59 490 671 534 eſtitueti qui mœrentes ad priſtina Muſas
61 525 701 558 Præmia longinquis volet è contemptibus ie:
64 556 667 590 Sic canit: aſſenſæ pariter cecinre ſorores,
61 588 661 633 Et felix ythara firmauit Cynthius omen.
154 620 728 655 Talibus atque alijs connubia pangere verbis,
62 651 643 696 Plectrâquediuinis hilares genialia Muſæ
62 683 732 722 Stringere certabant digitis ſe namque ſolentes
61 715 729 761 Ad ſunonis agunt, Venerique Hymeneia ſa nctæ
1 747 728 798 tusDona ferunt ſuauique adolent puluinar odore,
1 779 682 834 nox Stat ſua vbi pietas, & honoribusara vireſci
62 812 647 853 Indelibatis, lorumque perennibus auris.
154 847 747 881 Nam quis Iacobo Scotorum Rege Camœnas,
63 874 746 917 atoidamque colit melius? quis temporis iſtud,
63 906 741 946 Aut ætate patrum, poterit memiſſe Monarcham
58 939 746 981 Iagenij illâ inſignem & amabilis indole linguæ,
62 971 747 1006 Tam vigilemque animi? plauſit ui ſæpe canenti
60 1002 747 1038 Calliope, viridique auſcultans hœbus ab antro.
156 1033 796 1072 Aſpice per Rheni populos, quique algida Moſehæ
123 1068 778 1104 Teſqua habitant: ſpecta tantis comitatus in æquor
122 1100 684 1135 FIuminibus quà flauentes rapit Iſter arenas:
125 1130 796 1169 Quaque viam immenſis dirimuntanfractibus Alpes
58 1164 719 1200 Quoſque inter medius ſe porrigit Apenninus:
125 1191 771 1232 Quoſque a Bethigenis diſterminat alta Pyrene,
56 1226 743 1264 Eethigenſque iꝑpſus ringat licet inuidiæ dens,
760 1260 824 1282 No
1 1274 58 1320 ne
