<PcGts xmlns="http://schema.primaresearch.org/PAGE/gts/pagecontent/2017-07-15" xmlns:xsi="http://www.w3.org/2001/XMLSchema-instance" xsi:schemaLocation="http://schema.primaresearch.org/PAGE/gts/pagecontent/2017-07-15 http://schema.primaresearch.org/PAGE/gts/pagecontent/2017-07-15/pagecontent.xsd"><Metadata><Creator>User123</Creator><Created>2020-04-19T08:48:33</Created><LastChange>2020-04-19T08:48:33</LastChange></Metadata><Page imageFilename="0035.png" imageHeight="1432" imageWidth="976"><TextRegion id="r0" type="paragraph"><Coords points="1,1 974,1 974,1430 1,1430"/><TextLine id="r0_l001"><Coords points="903,47 903,67 954,67 954,47"/><TextEquiv index="1"><Unicode></Unicode></TextEquiv></TextLine><TextLine id="r0_l002"><Coords points="293,66 293,96 674,96 674,66"/><TextEquiv index="1"><Unicode>SCOToRvMRE GIS.</Unicode></TextEquiv></TextLine><TextLine id="r0_l003"><Coords points="762,71 762,105 840,105 840,71"/><TextEquiv index="1"><Unicode>;3</Unicode></TextEquiv></TextLine><TextLine id="r0_l004"><Coords points="125,113 125,147 806,147 806,113"/><TextEquiv index="1"><Unicode>Vnus ei hanc omnem dedit vno in munere dotem</Unicode></TextEquiv></TextLine><TextLine id="r0_l005"><Coords points="752,151 658,151 606,149 104,149 104,175 118,176 180,178 297,178 383,180 705,181 752,183"/><TextEquiv index="1"><Unicode>Ferre Deus. patrij dederit quum pignusamoris,</Unicode></TextEquiv></TextLine><TextLine id="r0_l006"><Coords points="730,183 569,181 383,181 297,179 128,179 128,208 365,211 730,211"/><TextEquiv index="1"><Unicode>Notitiamq; ſui, Fideique opobaſſama ſanctæ,</Unicode></TextEquiv></TextLine><TextLine id="r0_l007"><Coords points="572,244 662,244 662,214 364,211 127,211 127,239 178,241 363,242 455,244 519,243 537,244 544,248 565,248"/><TextEquiv index="1"><Unicode>Stirpis eſææ dulei quæ ſanguine ſudant.</Unicode></TextEquiv></TextLine><TextLine id="r0_l008"><Coords points="805,243 706,243 697,245 658,246 572,245 565,249 544,249 537,245 519,244 455,245 363,243 114,243 114,269 138,271 142,273 805,274"/><TextEquiv index="1"><Unicode>Scilicet hoc illud proprium &amp; ſolenne Tonantis</Unicode></TextEquiv></TextLine><TextLine id="r0_l009"><Coords points="741,279 377,275 127,275 127,303 144,303 158,305 397,306 584,309 741,309"/><TextEquiv index="1"><Unicode>Ferre voluntatem in melius c ertumq benigni</Unicode></TextEquiv></TextLine><TextLine id="r0_l010"><Coords points="905,293 905,328 953,328 953,293"/><TextEquiv index="1"><Unicode>I</Unicode></TextEquiv></TextLine><TextLine id="r0_l011"><Coords points="698,311 397,307 71,306 71,337 147,336 271,338 698,338"/><TextEquiv index="1"><Unicode>Pectoris indicium facere, ac placabilis iræ,</Unicode></TextEquiv></TextLine><TextLine id="r0_l012"><Coords points="728,343 658,343 619,341 482,342 404,339 127,339 127,368 406,370 728,370"/><TextEquiv index="1"><Unicode>Quum Reges dat habere pios, vereq; timentes</Unicode></TextEquiv></TextLine><TextLine id="r0_l013"><Coords points="74,414 85,413 95,405 127,404 135,398 168,398 178,400 283,400 378,402 559,402 611,403 621,405 625,408 720,408 720,373 489,372 405,370 82,370 79,372 78,375 70,380 1,381 1,422 66,422"/><TextEquiv index="1"><Unicode>eisNminis æterni, &amp; venerances nomen honore</Unicode></TextEquiv></TextLine><TextLine id="r0_l014"><Coords points="583,404 378,403 283,401 131,401 127,405 127,433 583,433"/><TextEquiv index="1"><Unicode>Illuſtri, caſto, qualis pietate Ioſias</Unicode></TextEquiv></TextLine><TextLine id="r0_l015"><Coords points="662,432 623,432 618,435 612,436 351,435 278,433 128,434 128,462 149,462 159,464 662,464"/><TextEquiv index="1"><Unicode>Iſacidûm Regale genus præcelluit omne,</Unicode></TextEquiv></TextLine><TextLine id="r0_l016"><Coords points="127,465 127,498 705,498 705,465"/><TextEquiv index="1"><Unicode>Heſperus vt ſtellas creperâ ſub luce minotes.</Unicode></TextEquiv></TextLine><TextLine id="r0_l017"><Coords points="696,501 350,498 159,498 159,527 175,528 292,528 362,530 696,530"/><TextEquiv index="1"><Unicode>Relligionis enim pariter iuriſque ſeueri</Unicode></TextEquiv></TextLine><TextLine id="r0_l018"><Coords points="703,536 696,535 690,532 127,530 127,557 142,558 703,559"/><TextEquiv index="1"><Unicode>Vt decus, &amp; priſcæ viueſceret aura ſalutis,</Unicode></TextEquiv></TextLine><TextLine id="r0_l019"><Coords points="727,561 722,561 713,564 606,562 426,563 371,561 127,561 127,590 143,591 487,594 727,594"/><TextEquiv index="1"><Unicode>Cura fuit terraſque ſacris detergere labes</Unicode></TextEquiv></TextLine><TextLine id="r0_l020"><Coords points="661,595 127,594 127,622 130,623 661,624"/><TextEquiv index="1"><Unicode>Numinis illatas adytis:denſilq; comarum</Unicode></TextEquiv></TextLine><TextLine id="r0_l021"><Coords points="945,502 945,633 974,633 974,502"/><TextEquiv index="1"><Unicode></Unicode></TextEquiv></TextLine><TextLine id="r0_l022"><Coords points="708,627 128,624 128,655 708,655"/><TextEquiv index="1"><Unicode>Nexibus horrentes penitus reſc:ndere lucosi</Unicode></TextEquiv></TextLine><TextLine id="r0_l023"><Coords points="660,683 660,662 652,658 388,658 128,656 128,686 132,687 651,688"/><TextEquiv index="1"><Unicode>Ieroboæa ſolo Bethelidis orgia terræ</Unicode></TextEquiv></TextLine><TextLine id="r0_l024"><Coords points="630,689 170,689 123,687 123,717 130,718 630,718"/><TextEquiv index="1"><Unicode>ertere ſacrilegos iuſto ſacrare fauillis</Unicode></TextEquiv></TextLine><TextLine id="r0_l025"><Coords points="122,720 122,752 671,752 671,720"/><TextEquiv index="1"><Unicode>Igne Sacerdotes, veraſque emergere leges,</Unicode></TextEquiv></TextLine><TextLine id="r0_l026"><Coords points="125,753 125,785 762,785 762,753"/><TextEquiv index="1"><Unicode>Vnus amor cupidique aniimus conaminis vnus.</Unicode></TextEquiv></TextLine><TextLine id="r0_l027"><Coords points="160,785 160,817 699,817 699,785"/><TextEquiv index="1"><Unicode>Sit quia nam maius cœli vertentia ſubter</Unicode></TextEquiv></TextLine><TextLine id="r0_l028"><Coords points="84,817 84,850 783,850 783,817"/><TextEquiv index="1"><Unicode>Sidera quicquam aliud quam veræ conſpicuus Rex</Unicode></TextEquiv></TextLine><TextLine id="r0_l029"><Coords points="714,876 717,873 717,852 713,850 126,850 126,879 143,878 162,880 310,881 683,881"/><TextEquiv index="1"><Unicode>Luminibus Fidei, iuſtæq; examine lancis?</Unicode></TextEquiv></TextLine><TextLine id="r0_l030"><Coords points="683,882 126,881 126,906 683,906"/><TextEquiv index="1"><Unicode>Et vobis Deus illa dedit, dedit omnia vobis,</Unicode></TextEquiv></TextLine><TextLine id="r0_l031"><Coords points="127,912 127,944 760,944 760,912"/><TextEquiv index="1"><Unicode>Quæ mens cunque queat conceptis poſcere votis.</Unicode></TextEquiv></TextLine><TextLine id="r0_l032"><Coords points="755,945 65,946 65,969 77,972 157,973 169,975 755,975"/><TextEquiv index="1"><Unicode>Omnia comprendit numero, ſeu munera ſpectes</Unicode></TextEquiv></TextLine><TextLine id="r0_l033"><Coords points="111,975 111,1008 645,1008 645,975"/><TextEquiv index="1"><Unicode>Illa animi,. ſcu diuinias in corpore dotes:</Unicode></TextEquiv></TextLine><TextLine id="r0_l034"><Coords points="97,1008 97,1039 764,1039 764,1008"/><TextEquiv index="1"><Unicode>Et quas vulgus opes ſtudiis immanibus excors</Unicode></TextEquiv></TextLine><TextLine id="r0_l035"><Coords points="764,1041 126,1040 126,1070 422,1072 764,1072"/><TextEquiv index="1"><Unicode>Deperit eximioſq; hominûm quos ardet honores</Unicode></TextEquiv></TextLine><TextLine id="r0_l036"><Coords points="693,1103 693,1073 541,1072 422,1073 180,1071 80,1072 80,1104 98,1104 105,1100 146,1102 661,1104"/><TextEquiv index="1"><Unicode>Ambitione furens animus:ſemelilla ſoluto</Unicode></TextEquiv></TextLine><TextLine id="r0_l037"><Coords points="791,1104 99,1104 96,1107 71,1107 66,1110 66,1134 791,1134"/><TextEquiv index="1"><Unicode>In gremium dedit ampla ſinu, &amp; cœleſtibus auris,</Unicode></TextEquiv></TextLine><TextLine id="r0_l038"><Coords points="663,1136 123,1136 123,1164 191,1167 663,1168"/><TextEquiv index="1"><Unicode>Inuoluitq; Fidequæ perpetis altera vitæ</Unicode></TextEquiv></TextLine><TextLine id="r0_l039"><Coords points="908,1149 908,1181 969,1181 969,1149"/><TextEquiv index="1"><Unicode></Unicode></TextEquiv></TextLine><TextLine id="r0_l040"><Coords points="717,1168 123,1168 123,1198 132,1198 135,1200 717,1200"/><TextEquiv index="1"><Unicode>Tempora, temporibus præſentis ſupputat æui.</Unicode></TextEquiv></TextLine><TextLine id="r0_l041"><Coords points="932,1184 932,1199 968,1199 968,1184"/><TextEquiv index="1"><Unicode></Unicode></TextEquiv></TextLine><TextLine id="r0_l042"><Coords points="135,1201 135,1234 736,1234 736,1201"/><TextEquiv index="1"><Unicode>Coniugij par egregiuml veſtr inter amores</Unicode></TextEquiv></TextLine><TextLine id="r0_l043"><Coords points="761,1234 761,1257 824,1257 824,1234"/><TextEquiv index="1"><Unicode>Am-</Unicode></TextEquiv></TextLine><TextLine id="r0_l044"><Coords points="1,1301 1,1328 74,1328 74,1301"/><TextEquiv index="1"><Unicode></Unicode></TextEquiv></TextLine></TextRegion></Page></PcGts>