976 1432
384 70 648 95 DAMMAI
170 81 205 101 I
169 108 795 143 Ambroſium florem niſi mella liquentia ſempes
167 143 705 176 Semper inalbeſcens Syrij fragrantia roris
161 174 709 204 Eſſe velint: bonus Idalij vos nectaris imber
162 204 770 240 Complutat, ætatemneque cum rota verterit æu
160 236 726 271 In ſenium, putet alteruter ſenuiſſe priorem
161 269 696 296 Alterius formam:æterni ſit nexus amris
162 300 771 335 Sancta fides, patrij ſoboleſque ſimillima vultus.
194 331 922 366 Salue magna hominum, fulgentis ab ignibus æthræs
163 364 690 399 Spes illpſa ſinus:noſtri vos carminis ales
164 395 760 430 Vndantem trans oceanum genteſque remotas,
161 428 748 462 Emerito nunquam, ſi qua potis, impete toilet.
161 460 675 494 Virtutis primaegregiæ ſunt altera famæ
160 490 790 526 Præmia conſequitur qui diis ducentibus ambas,
159 523 777 557 IIlum ego promeritis, & fe licibus auguror auri,
161 554 775 589 Semper florentem capiti impoſuiſſe coronam.
255 599 759 629 Ad lohann Metellanum anc ellarium Scotia.
947 641 974 665 u
162 641 815 675 Quam celeri hanc Pallas percurrit pectine telam
194 672 793 707 Quid memorem, quum ſeres ſatis ipſa probet?
160 706 751 736 Nil erenim eſt aliud, videas, ſeu tangere mallis,
192 737 775 771 Grandibus horridior quam leuidenſa plagis.
166 770 721 800 Et mihi cum docto, Mecœnas, dicis Apelle,
188 803 617 834 Miror non plures texere te citiua?
942 838 972 857 u
164 833 764 865 Certe quidem, ſi perſuadet Sulmonius auctor,
192 866 614 897 Tela illa ingeni, filia Lætitiæ eſt.
159 896 751 929 Quid mirum eſt igitur, mentis ſi nulla ſerenæ
938 932 974 954 l
192 929 714 960 Gaudia in his etiam verſibus eſſe nihil.
937 965 973 993 lui
158 961 745 993 Cur igitur mittam?quia me prior illa fauoris
936 993 974 1019 l.
190 993 656 1018 Aura tui, oblitum me fac it eſſe mei.
156 1026 696 1058 Hamque meas aliqud, tali te indice, nugas
938 1030 971 1052 u
191 1056 650 1087 Eſe puto, Genij gratia tanta tui eſt.
157 1086 874 1120 Quidqtuid enim hac triſti placeat de mente profectum,
187 1119 696 1150 Acceptum aulpiciis ſe feret omne tuis.
250 1166 755 1197 De tempeſtate, cum ſponſa in Scotiam tenderet,
154 1197 738 1228 rgo agtte Muſæ, venti memorate furentes
772 1231 923 1257 Iriæ
