976 1432
1 1 242 16 T
417 81 675 105 D AMMA NI 3
181 120 798 153 Quam non ſit petulans, aut ſtulti prodigus ignis:
183 152 675 185 Sola tuæ me ſola mouent oracula legis,
184 182 753 215 Ne ſit clauſatuis vnquam mea vocibus auris:
184 215 857 247 Sis memor ergo tui, atque animo res adſpice noſtras.
184 246 823 279 Sancte parens patrio:ſobolis teque integra noſtræ
183 278 764 303 Vita colat: ſine curriculis nos mollibus æuum
181 308 697 341 Ad ſenij extremos tua per veſtigia flexus,
180 341 814 372 Degere felices, animiſque idemamantibus ambos
942 349 974 380 M
181 372 862 403 Viuere con cordes, odioque idem habentibus amboss
182 404 773 436 Imprimis hoc porge pater, pater optime porge
182 436 785 469 Perpetuum nobis propriumq. libentibus eſſe,
182 466 768 499 Te coram offenſas fugiat mens noftra mereri,
944 478 973 512 u
182 499 686 528 Vitaque virtutis ciues incendat amore,
182 531 747 561 Exerrans æquum, rectumque licentia, frenos
944 542 974 571 s
181 560 765 594 Accipiat. veriſque, Deus, celebrre triumphis
213 591 645 623 Ofelix animifœlix cui ditia talis
912 603 973 631 u-
182 624 728 656 Pictora theſauri, Fideique effulta columnis
913 641 974 665 u
179 654 797 688 Tuta ſedentlnon præcipites per inania flammæ,
895 672 974 701 I
177 687 789 723 Non tonitrûs crepitante ſono conterrita tellus,
178 718 728 756 Aut reſerata auido laxans penetralia hia tu,
179 750 751 786 Non euerſa imis turbantibus æquora ſtagnis,
177 780 794 817 Terrificent animum, æterni quem Spiritus oris
178 812 747 847 Afflat agens, dioque animat præcordiasenſu.
206 872 846 904 In eandem vixintermittens, ieiunio do preeibus indictiui ce-
432 904 649 932 cleſia, ſubitoſedata.
173 933 791 977 ubibus & vento, & ſtridentibus atra procellis,
203 975 735 1010 Cinctaque Tempeſtas agminibus pluuiis,
171 1006 758 1044 Sæua quid inanos moliris ad æthera fluctus,
205 1039 705 1076 Oceanique imis ſtagna refundis aquis;
169 1070 801 1105 Dede manus, victa es: precibus proſtrata Piorum.
200 1100 783 1139 Vix poteris tremulum tollere fluxa caput.
165 1132 704 1168 Baccharisfateordiuino inſtincto furore,
199 1164 688 1202 Sed tibi qui fecit:deſtruere ora poteſt:
161 1194 743 1235 eſtruxit. cecidiſti: & quam ſit grata Tonanti
793 1241 922 1279 ens
