976 1432
253 84 658 112 DETEMPESTATE.
1 114 616 162 iens ieiuna ipſum ſollicitans precibus,
60 155 753 200 Quantaque Chriſtiadûm Fidei vis, ferre repulſam
138 192 594 224 Neſeia, tu ſubito capta, ligata, doces:
1 214 691 257 oNunc eat, inſipidis Epicuri fungus ab Hortis,
140 256 606 289 Quique ſuânomen lubricitate tulit:
1 284 696 328 Et mihi nec precibus, ſobrio nec pectore flecti,
139 319 680 349 Poſſe Deum, nec ei cuncta ſubeſſe probet.
1 343 599 381 bosTn indictiuis reſonant Sacraria votis,
2 379 588 415 abo Et Cauri ponunt, & Maris ira cadit:
1 407 708 451 Hubila tam grauidis fugiunt turgentia nimbs,
139 445 658 480 Cæruleoque alacres Solquatit axe feros.
1 446 66 479 e
65 477 687 521 En tremulæ ventis variant mutantibus vndæ,
138 508 682 542 Carbaſeoſque vocant flabra ſecunda ſinus.
66 535 759 583 Ergo age ſidereirirradiat quem Numinis auta,
140 572 631 607 Cuique ſua ex iugi guttula fonte ſuper:
66 599 648 647 Fornice conuexotentoria ſuſpice Mundi,
142 636 683 672 Atque ſupernates æthera ſubter aquas:
1 662 708 710 tn geminiſque globis quæ perfectiſſimus Orbis
141 700 625 730 Cludit, & à noſtris ſideræ longe oculis:
64 731 674 776 Deniq; præſentes, res præteritæq;, futuræq
140 763 647 798 In mare, per terram, perleuis aſtra poli,
65 795 645 838 Vt libet, vt patrat, vt ſcit Deus vtile factu,
143 829 642 861 Continuo ſpeciem corripuere nouam
64 851 711 896 Illi ergo æternas hominum dent ſecula laues,
1 889 652 934 iciAMſtrious vtgrato concinit oreChorus.
219 942 730 978 Quod de nauigatian in Daniam Scotorum regi
411 978 518 1003 Iacobi vi
350 1037 606 1065 EMBLEMA
177 1078 817 1119 Quadrigæ fed Neptuniæ quarum poſteriora deſi
60 1112 833 1147 nunt in piſces Curus antiqui operis ex conchâ. In eo A-
59 1144 827 1179 mor alatus &pharetratus propetemonem ſtans, ſiniſtra
57 1177 820 1212 tens habenas:alterâ virga, valde pronus in equor inci
52 1209 869 1244 tation. ln poſtremo curru quaſi ad gubernaculHyme
538 1244 605 1269 4
756 1247 830 1264 D
925 1269 953 1304 I
