976 1432
903 10 974 30 5
276 87 628 111 I MD M ,
786 91 825 115 æ;
1 120 641 161 Lættiâ, magnoque feros clamore iugales
60 160 699 190 Sollicitantem adeunt, miro percuſſa tumultu
61 190 695 226 ectorageſtates: animos ſpeciemque puelli
62 225 664 254 Et volucres humeros, & tanto verberaniſu,
2 256 719 286 aTammolli ſtupuere manu, ſtupuere pharetram
63 286 662 319 Tanti operis, teretes auro ſtupuere ſagittas,
63 319 751 354 Flammiferiſque adeo fulgentem cornibus arcum.
142 352 736 382 Senſit amor, placidiſque Deas venatur ocellis.
3 358 67 381 s
64 381 718 414 Expleri ignaræ neqneunt, magis illa tuendo
64 414 638 446 Cernendi ſitis ardeſcit, vis neſcia mentis,
65 445 718 482 Aſpicitur quantus miſeris Deus: at memor artis
66 477 639 516 Ille ſuæ, occulto penetrat ſe lubricus igni.
140 509 778 539 Nunanims, nunc illæ oculis, nunc pectore tote
67 531 741 577 Hærent, iamque nouas graſſari in vicera flammas
1 571 766 614 Humui Gratanturque dolentque ſimul, ſimul omnia velle
67 603 671 641 Incipiunt pueri cauſa, modo voce quadrigas
1 635 724 700 : .
66 697 752 732 Nec mora. nec requies, donec comitantibus Euris,
66 729 642 761 Alta Caledeniæ ſiſtunt ad littora claſſem.
66 762 624 795 Omnia victrici tam ſunt procliuia meta;
28 792 752 829 Quæ properas monſtrante Deo. Quæ gaudia Scoti
67 826 659 864 Regis in aduentu variis ter maxima rebus,
106 857 669 884 Præbuerint, Genii ſi vis non maxima noſtri.
1 875 634 921 b Eualui;nonnulla prius, non omnia dixi.
66 920 680 953 Hoc igitur reſtat. u Lyndeſi ineluta Regni
65 951 631 985 Gloria icotorum, dulces ſi Cuna Muſas
64 984 651 1017 Ataque tot poſſunt audire aegotia rerum,
64 1015 750 1053 Ne luſus contemne meos, modicunique laborem.
65 1047 819 1078 Certe equidemhæc tenuis ſaltem monſteau imago
63 1072 734 1110 Mentem animi . nam gentis amor & gratia veſtræ
62 1111 697 1142 Accendere meoiuacem in pectore flammam
61 1143 646 1175 Perpetis officii: quod ego cœleſtibus anris
61 1175 695 1209 Dum veſci dabitur, grato reminiſcar honore.
1 1231 63 1266 t
728 1240 813 1262 I Au-
1 1266 58 1303 i
