976 1432
1 1 59 38 I
166 81 764 126 3DAMMAN.INCORONAT
927 109 973 150 s
169 123 836 157 Grandibus, indomitis ſublimi in cuſpide ſceptrum
166 159 770 190 Hamelton iades: tenet altum Anguſius enſem:
15 172 73 202 I
170 191 791 223 Quæ tria continuos dederunt inuita per annos
169 221 762 255 Vnâ ſtirpe ſati, genus alto a ſanguine, Reges
170 256 435 287 Centum ſex proaui.
202 284 795 319 Imponunt illam capiti, digitiſque tenendum
171 318 663 348 Molliculis iſtud: o ſpectatiſſima Diuæ.
171 350 687 383 Eſſigies overa poli ſtirps edita templisl
925 370 973 402 I
174 378 762 416 Qualis in aſtciferis, mediiper tempora menſis
169 413 804 447 Cynthiia reſplenet ſpatiis. quam millia centum
178 444 809 478 Hinc atque hinc ſtipant comites in nocte ſerena,
176 476 769 510 Siderenm genus, & ſtlilantibus ignea gemmis
175 508 751 541 Progenies cœli: tacitum ſe gaudia Phœbi
175 540 810 575 Inpectus penetrant, oculi capiuntur, & ardet
174 572 774 606 Igne arimus, dulcique fluunt præcordia tactu
180 604 735 638 lalis erat, talis tantis in honoribus Anna,
131 636 725 667 Anma animi felix,ipſiſque ſimillima Diuis.
204 658 973 706 Fcce Deus, Deus ece iterum communibus auremC
891 692 973 724 i
177 700 724 731 Suppeditat votis, patrii dans ſigna fauoris:
922 725 974 758 C
179 731 845 758 Ouippe etenim mens vna cadem, fuit omnibus na
1 752 691 804 Summa precis, multor Anna feliciter annosl
207 796 860 828 Vocibus his delubra ſonant his vocibus omnis
177 828 779 859 Angulus emugit, ſerpenſque per obuia clamor
935 851 974 879 H
178 861 732 892 Ora volat: mediis gratantur Oreadës agris.
176 892 775 923 Tantaque per templum lætantis gaudia turbæ
908 914 974 947 H
175 923 741 956 Excipiunt clangore tubæ, onituque æcanoro
925 950 974 982 s
177 956 821 987 Quà mentes hominum;quà læta per arua Napæas,
927 986 974 1006 h
177 987 814 1018 Quà recreant nitido Nmphas in fonte lauantes,
892 1014 974 1051 a
176 1019 743 1051 Indigenaſque loci Genios, vbi vallis amœnæ
176 1051 807 1083 Tractibus in pictis, niueo de marmore templum.
207 1083 723 1114 At Regina ſuo iam tollitur Anna ſedili,
173 1115 817 1147 Inceditque Duces inter media: eminus aſſunt,
176 1147 799 1181 Syrmaque ſuſtollunt manibus, regalia promptæ.
175 1179 713 1215 Ad mandata duæ Danica degente puellæ,
172 1211 688 1243 Abiliorc ſatu genitæ: iam textilis auri
777 1245 937 1280 Ducitur
