976 1432
6 1 147 18 e
1 27 87 58 E
832 42 970 70 a
328 96 820 130 DAMMAN.INCORONA.
176 115 217 139 36
193 139 720 177 Areolis ſueuere ſuis: quas conſita doctis
195 169 776 207 Alcinoi manibus, vel Adonidis edidit arbor
141 200 798 248 Delicias rerum, quas dulcibus Hybla thymetis,
932 226 973 254 .
141 232 811 272 Hic aderant, paratis quidquid fulgeſcere pictis,
199 263 827 311 Quidquid amat riguis, cultiſq; exiſtere in hortis,
199 300 705 347 Quos aliquis rarâ tractat topiarius arte,
197 325 774 367 HIc erat ad viuum propriâ ſpectabile formâ,
199 358 784 398 Caulis arundinei e niuibus, melliſq; medulla.
226 390 788 440 Quæ ſe cunque feræ ſaxoſi vertice montis
181 419 803 466 Præcipitant celeres: vaſtæ quæ pondere molis
199 451 831 499 Plana colunt, denſiſq; latent perinhoſpita ſiluis,
203 483 849 524 Manſuc cutt hominui quæunq; animalia curis,
202 515 815 561 Perq; domos habitant noſtras : per ina nia pictæ
203 546 817 593 Quæ fugint volucres aut ſuauibus ora querelis
202 579 835 626 Ouæ paſlimi exercent aut noſtris cortibus errant.
945 581 973 604 F
207 610 805 656 Et quæ eptuni cano Iub ſub gurgite ludunt
205 640 912 689 Squammigeræ pecudes: Qui dulcis flumina Nili
944 633 974 669 M
943 670 974 700 I
202 674 819 714 Piſcis amat. ſemel hic omnes in imagine viuunt,
927 704 974 726 Ir
203 707 774 750 HIeſperides quam ſacchareis è ſtirpibus olm
204 738 764 781 Imur eſſere adipi & Diuum miſre ſecndis
936 764 974 796 ui
202 770 724 808 Feſta celebra ndis inter ſympoſia menſis.
237 801 883 843 Tela quid in ruſſum memorem tot torta leonem
942 828 973 864 Ir
205 834 825 876 Vndiq; fulmiaeum ? ſuumq; molaribus aprum
205 866 827 904 Fortibus horrendis: Quid celſis turribus arcem,
942 866 973 897 :
206 898 858 933 Fœtam tormentis? re fcram quid maxima rerum
195 929 774 971 Cetera ſacchareis bene ſuppeditata ſiguris
935 959 974 983 u
209 962 732 1004 Quas niſi feſtinus raperet librarius iſtud
209 993 774 1029 E manibus armen nolim ſepelire ſilendo.
243 1028 790 1063 ed iam purpureo ſpargebat lumine terras
207 1059 732 1091 Eoriens Aurora nouo, captiſq; iace bant
209 1087 802 1125 Cuncti oculis qui pernoctis poſt gaudia luſus.
208 1122 764 1161 Poſtq; voluptates tantâ ſub imagine rerum
207 1153 794 1190 Tam varias, non ferre ſuis iam viribus vltrà,
209 1185 853 1228 Quæ ſpectare prius, quæ carpere ſumma voluptas.
791 1250 965 1279 De inroit
6 1344 78 1373 V
5 1390 54 1410 -
