976 1432
161 84 787 116 I VREM EDIBVGVM.0
56 117 674 160 Nunc age pendentis ſequere in decliue viai:
1 156 718 192 5ui,Eonne vides dextrâ viridantem germine laurum,
2 191 591 222 E Inque illâ nitidos mellita ætate puellos,
57 224 654 255 Incluta maiorum geſtantes ſtemmata Regis?
1 255 686 286 eNonne vides ima primum pro ſtirpe parentem,
57 286 687 317 Impoſitum lecto, atque auro fulgentibus armis?
57 317 701 349 Nonne etiam aſpectu varium, lectæq; decorum
56 348 651 379 Dulce voluptatis, tot ſemper vtrinq; tapetes,
56 380 744 412 Tot ſpecare hominu ſuper omnibus ora feneſtris,
56 411 559 442 IIla colore ſuo, pictticibus illa figuris?
57 441 749 475 Deniq; nundeſende magis, magis ima ſub ipſam
57 475 586 506 Solis ad exortum, defer veſtigic portam.
58 506 731 540 Quid nitidum magis, aut ſublimibus vndiq; rerum
58 537 701 570 Pegmata imæginibus? iuuenes quid ſidere comti,
58 568 682 601 Omimodiſq; modis varij ? quid vbiq; tot inter
58 600 670 635 òLætantes numeros, citharæ dulceſq; camœnæ?
57 632 656 667 Interea auguſtis ſpeandi in veſtibus omnes,
1 664 641 700 Prepoſituſq;& Balliui, quique ordine longo,
56 695 619 728 Antè magiſtratus aliquos geſſere, geruntve
56 725 658 766 Tempore in hoc ipſo, ſpatijs, habituq; decoro
56 756 682 796 Leniter incedunt: horam rudis alba cuique et:
56 789 684 826 Quattuor inſignis feretrum ſubire triumphi,
56 822 672 858 Purpura quod pinxit, molles inter data textus,
54 853 626 895 Quos Babylonis acus tenui detexerat auro:
1 885 639 953 n
54 946 639 984 Cœli habet effigiem media iam luce ſereni:
53 978 657 1016 I ſuperinductum Reginæ vtſumma vehenti
52 1009 650 1055 Vela daret, Diuûmq; ſuo cumularet honore.
112 1040 689 1076 Anteeunt hinc atque hinelongo agmine lecti
1 1060 592 1112 lroccri iuuenes, alba qui corpora byſlo,
49 1104 767 1145 Qu ſe cumque tegunt, qulis fuit extima quondam
48 1137 657 1176 Militis Auſonij ſpecies, & torquibus aureis
47 1169 687 1203 Pluribus induërunt: vitreæ nam fimbria veſtis,
45 1201 646 1246 Cluae tenus, circis fulget pendentibus auri:
698 1231 793 1257 uli-
488 1234 557 1260 C 4
