976 1432
299 87 618 113 EPIGRAMMATA.
795 89 825 111 4S
118 127 794 166 Nam quid agam potius dum publicus vndiq; feruor
151 165 618 189 Iuſta laceſſitas addit in arma manus:
118 192 768 230 Plebſque ſuæ tantum non inuidet ipſa quieti?
151 224 731 261 Magna quidem, ſed non cauſſa futura tamen,
3 256 729 292 ëu Quo minus in tanto rerum tibi turbine mittam
153 290 618 325 Hoc prætextatæ ſimplicitatis opus:
118 321 704 355 Ne benefacta mihi credas tua forte Sicanum
156 353 619 379 Tradita laſcivis in mare ferre Notis.
122 381 776 419 Accipe docte Valens:quid enim tibi turpe tot inter
157 416 571 444 Seria Douzæas voluere delicias?
124 444 739 481 Forſitan & magno dum clangeret arma, Maroni
156 480 605 508 In manibus docti Lesbia vatis erat.
375 521 569 544 In rtem idoresm.
59 548 696 587 Cur non viſo tuas. mirare, frequentior ædes?
157 584 613 622 Tu quoq; ne viſas A rtemidore meas
307 627 576 654 Ad anum Vrenh uium.
66 652 761 696 OQuod tibi tam raro ſurgant mea carmina plauſu,
163 690 664 719 Crede m hi frater hoc facit omne tuus.
131 716 760 760 Quem venerans gemino nequeo ſatis eſſe labori:
163 756 675 786 Sed tua non ideo regna miuora pu a.
132 782 732 824 Sic fratrem colimus vt ie quo;lane colamus.
164 817 575 851 An neſcis laudes illius, eſſe tuas?
319 860 605 892 De vxore & agro Arai.
132 889 630 928 Vxo agerq; mei ſteriles viſuntur Prati
111 919 688 962 Quid mirumtneuter quo fodiatur habet.
335 968 570 996 In Baſſam edentulm.
131 992 751 1030 Tres tibi cum toto dentes modo Baſſa ſuperſinut
168 1029 740 1068 Ore, qusbus miſeram tundis adhuc Cererem:
135 1060 710 1099 Iure perurbano placuit ſibi ſcommate, qui te
167 1093 663 1124 Baſſa tridentiferum dixit habere caput
339 1139 604 1164 I a eonem aleatosem.
135 1167 686 1204 Doctior es iuſſos fateor, me emittere talos.
170 1199 632 1242 Quid ridesitanto nequior es Labeo.
