976 1432
831 43 925 61 a
398 95 664 120 0
181 96 228 120 4&S
440 139 610 163 In Burenum.
183 179 973 234 Occurrens vbicunque mihi comes incidis, vnum hoe
213 214 780 245 Semper in ore tibi eſt, quomodo lane vales?
178 245 732 278 Ipſe meis valeo Burene valentibus, inquam:
918 270 973 299 u
212 276 681 308 Tu quoque me ſi vis ergo valere, vale.
450 338 600 367 In Clasicum.
918 358 974 397 u
177 374 784 408 Dumtitulo ganudes nimium tumefactus inani
208 408 688 441 Et de plebe boni te pudet eſſe Numæ,
179 439 720 473 Auſus es ad Francos inſignia figere poſtes,
206 472 666 503 Vltraiectinus qui modo ſutor eras.
916 496 973 524 Ei
185 501 789 536 Auſus es O fruſtra quid enim ſine Caſtoris ouo.
206 534 655 559 Claſſice nobilitas aſſimulata iuuat
175 566 756 599 Exciderantne adeo tibi fæx, & vappa tuorum,
204 596 678 631 Abdita quos Nili fata latentis agunt
60 629 746 663 An quod verba dabas externis gentibus, illaæ
203 660 644 694 Credebas patriæ te dare poſſe tuæ
172 691 698 724 Credebas notos te fallere poſſe ſodles?
204 723 677 755 Oredebas naſum poſſe latere meum?
169 753 744 789 Atſaltem patriæ ſcibas quæ præſtita terræ
200 785 639 813 Debueras reditus vota timere tui
170 817 852 863 am quid ages noſtri rurſum nouus accola Rhen,i
200 852 658 884 Mœnia Traiecti qua ſpatioſa iacent?
167 881 736 913 on illic veterum ceras numerare tuorum,
197 914 641 944 Non poteris matri nobilis eſſe tuæ,
171 944 780 981 Vendere nec Gallos circa tua compita fumos,
198 976 731 1008 Quod ſupereſt, iterum Claſſice ſutor eris.
464 1027 665 1053 In fDelianam.
163 1059 644 1090 Sum fuſca cla mas Deliana mentiris.
159 1092 690 1131 In tereclamat nam color tuus: ngra es
437 1141 550 1164 De bero.
158 1177 748 1221 Ferre ſales non poſſe meos narratur Oberus.
191 1210 729 1249 Qid mirumimicam non habet ipſe ſaiis.
819 1255 878 1277 Ad
1 1350 100 1396 ſs
