976 1432
307 85 632 111 EGAMMATA.
806 100 853 122 4
282 141 668 164 Ad lanum Lernutium Chatitæum.
1 182 741 223 mui Quiprius Antilochus poteras Charitæe videri,
3 223 63 253 s
162 223 656 254 Vnde mihi Pylij nunc ducis ora refers?
61 253 724 288 Non hoc canities, non hoc fæcit vlla ſenectus:
161 287 612 320 Sed fa cit eloquii vena benigna tui,
15 342 718 413 Seu canis arguta liquidum teſtudine carmen,
61 309 741 352 Ingeniumque tuis quod habes maturius annis:
159 351 636 379 Tam nil plebeium, nil iuuenile ſonas,
159 415 594 439 Siue iuua Suædæ te dare vela tuæ
63 445 795 481 Ndonmihi Neſtoriden certe, ſed Neſtora præſtas,
153 478 652 509 Quid tanta Genii pro bonitate precer?
1 509 757 559 .Diitibi dent quem nunc dicendo Iuntor æquas
155 540 639 571 Viuendo Pylium vel ſuperare ſenem.
397 587 532 607 In Porciam.
65 613 765 662 Rdiculum eſt, curme puerum mea Porcia dicis.
153 658 656 690 Anpuer eſt, pueris qui pater eſſe poteſt
323 704 614 733 Ad Duanielem togeriu:
65 739 707 779 Quam bene vitigena declines palmite raos
150 780 615 811 VImus & Ogygii læta reperta dei
66 804 729 846 Tollit humo, teneriſq; ſinum depreſſa fiagellis
147 844 590 874 Officium veræ mite parcntis obit:
1 847 68 877 ei
66 874 651 913 Tam bene Rogeri conordia fi la ſeeutos
145 906 554 930 Aſſeris ordnibus officioſa tuis:
61 927 704 976 Tam bene diuerſas in mutua vincula mentes
145 969 564 997 Duratura tibi nectit amicitia,
63 992 692 1063 ræati
110 1066 747 1095 Dum caput alternis glabrumredimita corymbis
144 1096 640 1119 Grata ſodalitii commoda entit anus:
60 1127 762 1166 Sic quoque tu ſcriptis nunquam cariturus amicis
141 1159 568 1192 Obfequii meritas experiere vices.
58 1193 735 1225 Quos inter minimusnam nota fatebor& ipe
723 1239 815 1267 Iugrer
