976 1432
369 86 752 122 IANIDOVSÆ
190 88 221 110 48
222 126 650 159 Ingredior curæ præmia ferre meæ
192 159 806 190 Quicquid id eſt ſcis eſſe tuum. tu robora noſtris,
221 190 772 222 Tu Genium Muſis, ingeniumque facis.
191 217 894 252 Atque vtinan cordi mea ſint tibi carmina tantum,
224 253 766 284 Grata libris quantum ſunt tna verba meis.
191 284 778 309 Tunc tibi vel tota cum Phocide cedat Oreſtes.
222 316 761 349 Quam bene par noſtro ſic tuus ibit amor:
405 360 667 389 De Neæra, ad Flaccum.
922 358 971 385 u
177 403 705 434 Amo Neæram, quantulum rogas Flacce?
174 434 715 466 Vt memet ipſum plus amare non poſſim,
437 481 609 511 Ad Porciam.
195 509 568 542 Ceruſſa faciem ſibi, œſipoue,
193 542 586 571 Aut quouis alio lineant colore
192 573 582 605 Informes vetulæ, ſed & puellæ,
194 605 574 637 Si quæ ſint vetulis ineptiores:
193 636 640 668 Non tu Porcia nam quid eſt neceſſe
193 668 562 700 Ceruſſa faciem tibi, œſipoue,
918 669 974 708 i
194 701 543 730 Aut quouis alio lini colore,
194 730 635 762 Omnem quæ luperas tuo colorem?
917 741 974 772 e:
473 776 568 797 E ræco.
192 803 776 837 Balnea, vina Venus, tria ſunt quæ limite certo
221 836 722 865 Ad Stygios ducunt immoderata lacus.
916 864 974 900 a
321 882 753 913 Ad Rodericum Fa lconium, Romanum.
196 910 929 948 Quod nec auos quod nec repetas genus abIoue ſumo.
227 942 745 977 Quod neq; maiorum laude ſuperbus eas,
194 973 743 1009 Sed tibi virtutem, ſed quæ tua gloria, veras
225 1007 663 1041 Accumules animi nobilioris opes,
193 1039 710 1067 Nec tua Falconi titulis decedat auorum
225 1068 704 1105 Nobilitas: dignum teque, tuiſq; facis.
193 1101 840 1137 Nolo virum, longo rc dimens. qui ſtemmate famam
226 1132 726 1171 Se veterum truncis actat imaginibus:
196 1165 765 1197 Hunc volo, qui propriis notus virtutibus à ſe
914 1169 974 1199 I
226 1196 674 1227 Principium veræ nobilitatis habet.
