976 1432
303 81 612 106 TGAMMATA.
735 77 807 109 4
399 130 533 152 In Cinnam.
3 149 65 182 di
60 168 745 212 Inuitus cum des, quæ das mihi Cinna roganti,
6 205 603 256 Multo ſimplicius Cinna negare potes
219 249 625 274 Ad Gulielmum Alaium, Poetam.
1 255 63 282 is.
1 287 637 324 iesSi quid habent in ſe mea coniectanea veri,
128 324 604 356 on ego ſum mentis pars alie na tuæ.
61 354 677 394 Credula res amor eſt: voti facit ille potentem,
126 386 591 420 Cogit & optatis rebus habere fidem.
62 415 688 458 Atq; vtinam non hic miſerum ſpe lactet inani,
122 451 602 485 Moxque reus Gallæ credulitatis agar.
919 455 968 507 I
64 478 733 528 Quid precer O potius?cœptis bonus annue votis
67 515 575 544 Nec ſibi ſit noſter ſi videare pudor.
65 544 735 581 Tu nc quoq; noſter eras, cum te Douzæa fauentem
65 539 100 563 -
66 578 560 613 Vidir in applauſus ire Thalia ſuos.
65 609 643 640 CœloMuſa beat non vate ſuperſtite tanto
126 642 585 675 Vlla dies Stygia me eohibebit aqua.
65 672 654 714 Hoc facier gratæ doctiſſima cura Camœ næ,
126 703 629 740 Quæq; comes, Genij vita futura tui eſt.
62 733 738 779 Perge tamen frontem ſic frons tibi ſemper opaces,
68 770 513 805 SIq; tua viuo poſteritate frui
63 798 691 837 Perge, nec in curſu nauim Palinure relinquens
1 835 68 859 S
67 834 547 868 Fer mea remigis vela carere ſuis.
66 863 688 908 Vtque ego ſum rerum pars non aliena tuarum,
68 899 585 934 Sic quoq; ſim Muſæ non al ena tuæ.
2 923 75 972 ſi
343 944 490 964 In Burenum.
60 979 677 1032 Quid Burene tuos ceſſas mihi mittere verſus?
60 1014 649 1062 am mihi tergendis charta deeſt natibus.
358 1074 519 1098 In Marianum.
1 1114 696 1166 n Quod ſapiens vulgo, quod vir Mariane videris
61 1152 559 1187 Acceptum barbæ fer Marane tuæ.
54 1180 707 1234 Quod mihi nec ſapiens, rec vir Mariane videris,
124 1215 591 1249 Moribus acceptum fer Mariane tuis.
755 1241 797 1265 D
201 1252 390 1277 Tomus Secunds.
