976 1432
390 76 640 102 IANDOVS
160 87 196 107 0
402 123 625 156 De Apro, ad Olum.
167 162 769 196 Forte duo, vel tres aderant mihi nuper habenti
201 199 693 232 In manibus Muſæ Iudicra cæœpta meæ.
166 226 798 263 Et bene, ni præſensquis crederet?inter eoſdem,
941 244 973 275 u
199 260 671 296 Neſcio qua ductus ſorte, fuiſſet Aper.
168 293 757 323 Dicere ſit truncum fas eſt ſine pectore corpus,
159 324 700 357 Hic præter truncum nil Aper Ole fuit.
167 356 695 389 Sed tamen vt poſſet auditor & ipſe videri,
920 374 974 399 u
197 388 609 419 Et curæ Muſas eſſe probareſuæ,
937 404 974 431 u
166 420 735 453 Pendentem noſtro reſpexit ab ore cateruam:
196 453 626 485 Viſus eſt paucisme tecitare queri.
170 482 791 515 Quid miruminec enim, cœtu dum aſſedit in illo,
913 492 974 527 i
199 516 668 547 Vidit Aper miſero ſe ſupereſſe mihi
168 547 813 581 Quarehinc iam paucis menon recitaſſe queretur
197 579 701 611 Ne nimium multis me recitaſſe querar.
435 627 567 648 I Auitum.
168 667 766 697 Vxorem quod Auite mones nos ducere, laudo:
879 678 917 704 0
193 698 678 732 Exemplum ſed me terret Auite tuum.
913 731 974 759 H
457 745 579 773 In inam.
165 774 763 809 Cur, quoties bipedem te dicere cogor aſellum,
909 802 973 830 us
196 808 774 842 Cogor enim, cum te, quod ſumus, eſſe putas
163 839 748 870 Notum cinna negas bipedis tibi nomen aſelli?
194 868 619 902 Inſanis:aſinus totus es ipſe bipes.
161 902 782 936 Hoc cum voce color, & quas nimis arrigis aures
163 933 754 968 Hoc mens, hoc aſino mentula digna probat.
907 955 973 985 u
150 962 773 1003 Si tamen ignotum bipedis tibi nomen aſelli eſt,
193 996 728 1033 Quid mirum?nec enim notus es ipſe tibi.
287 1041 648 1072 De circumforaneo Pharmacopola,
159 1071 652 1100 Hunc, quem videtis ſtare circulatorem
909 1060 973 1088 e
156 1102 576 1138 In occupati faucibus fori primis,
157 1134 639 1168 Frequente plebis ambitu coronatum,
156 1165 548 1197 M iraminique geſtuoſius certis
155 1197 714 1237 Manuum pedumque motibus laborantem,
