976 1432
231 74 581 107 EPIGRAMMATA.
760 86 798 108 (
78 124 569 158 Qui vitreis hinc inde ſptus ampullis
89 158 630 188 Mentitur artes, quas profeſſus eſt Chiron,
79 188 555 221 Rebuſque vires ſingulis ſuas fingens
90 221 527 251 Adulterinis nugiuendus ex herbis
1 229 58 260 e
90 252 594 285 Verbis fugaces ciuium trahit nummos:
81 284 555 316 Qui Coſmianis delibutus vnguentis
90 316 645 348 Nil præter Arabes crepat, & aureos montes,
84 348 603 379 Diuæque ſacrum Goſtidi iugum Sinam,
91 378 589 409 Medicum ſodales eſſe creditis? non eſt,
57 410 748 453 Non medicus inquam hic eſt, quid ergo?mendicûs.
381 456 495 478 De Flacco.
1 491 598 542 loIeiuno Veneris ruit in certamina pene,
60 530 621 564 Et quæritur Flaccus ſe nihil efficere.
1 560 72 598 eu
330 572 557 598 In Cinnam, de Flacco.
61 610 722 657 Quod nihil eſt etiam Flaccum puto poſſe videre,
135 645 628 684 Qui potuit naſum Cinna videre tuum.
349 690 524 712 In Charitillam.
61 729 793 778 Poſco tuamquoties noctem mihi,protinus annos
138 763 656 796 Obiicis. & puerum me Charitilla vocas.
61 793 652 831 Vera refers, fateor:ſed ſi tibi diſplicet iſtud,
137 827 639 861 Cur non de puero me facis ergo virum?
390 874 529 894 In Burenum.
1 914 643 969 Quod curæ non eſſe Deis mortalia cenſes,
142 948 602 978 Hoc tibi Lucreti lectio multa dedit.
1 979 661 1036 Nec dedit hoc folum;quin te, Burene, poëta
144 1009 733 1044 Conſortem rabidæ iam quoque mentis habet.
59 1043 729 1090 Quod niſi tam ſcabra fluerent tua carmina vena,
146 1076 581 1106 am Lucretiolus ſcilicet alter eras.
59 1105 745 1155 Nec tamen inſector:quid eniminſectarier auſim:
150 1138 708 1174 Quod commune tuo cum Cicerone tibi eſt?
57 1172 684 1212 Sed tua cum ſolus faciens exempla priorum,
150 1204 700 1237 Nunc Cari Genium, nunc Ciceronis ames,
756 1231 824 1258 Ilam -
567 1238 639 1259 D a
