976 1432
32 1 203 24 M
384 93 635 119 IANIDOVSÆ
161 104 190 126 2
164 139 694 174 Iamque velis vnum te dicere poſſe videri,
196 174 739 204 Hoc dignum Caro eſt hoc Cicerona ſapit:
165 204 746 236 Dic, rogo dum plagiis toties tua fama laborat,
198 236 696 268 Quid dignum Caro, vel Cicerone facis?
445 278 568 299 In eundem.
165 308 710 341 Neſcio quam placeas aliis, nec ſcire laboro:
195 340 653 370 Hoc ſcio, me totum diſplicuiſſe tibi.
321 382 697 414 Ad lacobam Douam, cognatum,
167 427 762 464 Si quid forte tibi placiturum dixero, fac ſis
199 460 700 494 Nequitiæ lector, Douza, ſed vſque, meæ,
165 493 676 522 Et ſi non fueris, ſemper videare futurus.
200 524 772 556 Spes quoq; nos, quamuis falſa, iuuare poteſt.
909 555 972 586 c
166 555 800 588 Non quicunque ſemel viſo mox carmine plaudit,
196 587 621 618 Ille facit vates:qui legit ille facit.
350 631 651 655 Ad ulielmum Altarium.
168 675 658 708 Scriptas referre promptior vices ignis,
167 708 624 738 Contra tacere cognitæ iubent vires:
167 738 704 770 Amoris illud, hoc pudoris eſt ſignum.
165 770 625 803 At cur colono dem liguſtra Pæſtano,
169 803 684 834 Glaucique coner eleuare commentum,
168 833 635 864 Cum tuta ſemper ſit ſilentio merces?
166 866 631 898 Sed fallor audax obſtat, obſtat Altari
942 880 972 916 i
165 896 628 927 Benigna virtus, obſtat ingeni nectar,
168 928 690 959 Qualemq; amicis & mihi precer Muſam.
166 959 707 993 Quid? non videbor eius immemor factus,
164 991 687 1025 Quide non videbor immemor mei factus,
163 1023 580 1055 Si pertinaci me ſilentio prodam?
164 1055 646 1084 Parum eſt videri : forſan & reus multis
163 1086 531 1117 Illiberalis arguar voluntatis,
164 1118 653 1156 Qui tam venuſtus verſibus, diſertiſque
163 1150 566 1181 Ineptias negare ſim meas auſus.
164 1181 625 1214 Quare reſcribet ſi ſapit, puto Douza:
160 1213 715 1250 Spiſſum Reſcribet illud, & nimis ſerum eſt
760 1259 918 1299 Reſeri-
