976 1432
245 90 636 122 EPIGRAMMATA.
108 128 614 166 Reſcribit inquam, ſeque dedicat totum
110 162 535 195 Tibi, tuiſque. vela da ioco vates,
108 195 551 230 Da vela ſplen. lenius feram riſum,
106 227 599 263 Quam ſi repuæ conſcius, minus puris
106 258 572 295 Placuiſſe noſtras auribus tuis nugas,
105 291 562 324 Ludibriumque debuiſſe conuincar.
105 325 634 357 Non quod futurum tale quidpiam credo,
107 355 606 384 Sed quod timore liber eſt amor nullus.
105 385 632 424 A ſeu futurum eſt, abſit omini pondus
107 419 591 452 Seu non futurum, diſplicere me certe
59 451 537 487 Loquacitate, quam ſilentio malo.
383 511 531 534 AdMarcum.
1 545 638 600 Cur tantum ditis ſugiam connubia Caiæ,
139 583 565 611 Et bene dotati fœdus inire thori,
60 605 758 648 Marce,rogas? famulæ me nil capit vſus habenæ:
60 647 659 678 Vxoremque volo ducere, non dominam.
322 704 600 735 T Fabulam arrogantem.
60 740 726 787 Cum tibi ſint ipſa digni quoque Cypride vultus,
140 782 665 812 Cumque notet corpus nulla litura tuum.
60 805 692 850 Cur ita te limenque tuum fugiamus amantes,
140 845 622 875 Miraris? forma linguæ ſuperba nocet.
59 871 706 912 Vis breuiter dicam? nimium tibi bella videris,
140 907 632 933 Hoc eſt, bella minus cur videare mihi.
59 932 657 979 5cilicet appenſis hederis in fronte tabernæ
140 971 603 1002 Vendibili ſcimus nil opus eſſe mero.
57 996 684 1043 Quareaut bella rtibi iam parce Fabulla videri:
139 1036 576 1068 Aut tua mirari limina cur fugiam:
57 1067 658 1115 Ni ſciolæ demum plebi non bella, Fabulla,
138 1099 609 1129 Fabulla, ni fieri bulla, Fabulla, velis.
348 1146 581 1179 In Sabellum potorem.
50 1178 678 1222 Vnde ſuum, quæris, ducat cereuiſia nomen?
143 1222 692 1262 Qod cerebrum viſat crsbra abelle tuum.
