976 1432
367 103 664 135 IANIDOVE
172 117 215 138 4
474 151 596 183 In allam.
180 189 746 226 Integra cum dici, cum nonniſi Galla videri
215 224 606 252 Caſta velis ſecli Penelopæa tui,
183 253 708 290 Inque tuo priſcæ ſemper ſint ore Sabinæ,
216 285 742 321 Et quotquot ſimiles vrbs Patauina dedi,
185 317 730 355 Quid rogo te tantis iuuat obiectare periclis
216 350 625 379 Infectam nulla labe pudicitiam:
936 354 974 383 u
186 378 774 413 Dum modo Batauos ſequeris lotura receſſus,
200 412 717 443 Et modo Lucrinis Galla, foueris aquis?
936 418 973 449 d
186 445 743 476 Non ibi virginei faſtus, non regula morum,
939 450 974 478 u
221 476 744 507 Non Latois habet, non Sais vlla locum,
943 482 974 511 s
185 507 755 536 Mentula ſed nudi nimium rubicunda Priapi,
220 537 732 569 Et Venus obſcœnis iuncta Cupidinibus:
188 571 727 599 Sed teneri luſus, ſed fœda licentia rerun,
221 603 627 635 Sed Gaditanæ gaudia nequitiæ,
189 633 805 667 Gaudia, quæ rigidum poſint mollire Catonem,
217 666 644 700 Frangere quæ faſtus i carioti tuos.
187 697 694 723 Talia ſcis illas admittere crimina ſedes,
218 729 624 762 Talia ſcis illis furta decere locis.
188 760 763 791 Nec tamen hinc ceſſas vel Penelopæa videri
223 792 688 821 Velle, vel infames Galla ſubire lacus.
189 825 759 853 Proinde vide, caſtam ne te dum credis abire
219 856 703 890 Penelopen, nobis mox redeas Helene.
442 901 647 933 De Sabello ptore.
193 944 834 978 Quod tam pigra tibi potor mouet arma Sabellus,
221 978 746 1002 Parce Venus: numen non colit ille tuum.
461 1022 622 1044 In Cinnamum.
30 1065 754 1110 Vina quod,& fatuis piper interponis ofellis,
224 1097 734 1129 Ft per te gratùm iam quoque beta ſapit,
188 1128 766 1159 Nolumus adſcito placeas tibi Cinname luxu
222 1160 751 1194 Scis ſapere & caules ſic bene poſſe meos.
403 1206 678 1237 I Phœbum Delphicum.
187 1238 654 1271 um vix barbara verba, viæxpaternæ
818 1264 923 1310 vum
889 1384 961 1403 -
