976 1432
914 63 972 86 I
285 86 648 114 EPIGRAMMAT A
108 132 457 159 ſum rite ſones locutionis,
110 165 542 192 Cur te, dic, Latium mihi Poëtam,
109 196 561 224 Cur te, dic mihi, Doricum Poëtam
109 227 508 260 Vano Delphice polliceris auſu?
109 258 611 293 A quod Græcula. quod parum Latina
109 292 514 317 Inuras miſeris ſubinde chartis?
109 325 494 357 Dum lolgine concitatus atra
111 355 557 384 Et bonos ſimul & malos reprendis,
108 386 575 420 Inſulſiſque Epigrammatum libellis
109 419 492 446 Prodis ſtultitiæ tuæ theatrum.
110 450 567 480 Hon hoc nomine Dorico Latinus,
110 482 535 516 At bardus mihi Barbaruſque fies:
112 513 562 547 Stultæ ponere qui modum Thaliæ
110 545 523 575 Et mordere ioco latente neſcis:
112 577 474 609 Sed nulla ratione, lege nulla
112 609 520 638 Graiis vocibus illinens atinas,
109 638 601 677 Lingua quemlibet impetis biſulca:
110 669 630 710 Ipſis nec calamum abſtinens monarchis,
111 703 631 735 Id caute tamen vnum agis, quod horum
112 734 573 767 Hullum cominus, aut in os laceſſas,
114 767 557 799 Nam coram tibi nemo non in ipſis
114 801 541 837 Supremi genibus Iouis locatur.
115 831 554 868 Sic gannitibus improbis Gnatoni
112 864 534 894 Tantum non ſimilis Terentiano
112 897 501 930 Fallaci procul imbuis veneno,
114 926 554 966 Quos ſellis pariter ſedens duabus
113 960 541 997 Reges & dominos palam ſalutas,
2 965 63 999 hus
115 991 538 1029 Atqui ſi modo virus hoc haberes
114 1026 557 1055 Iboni meritos nihil, tacerem.
114 1053 603 1089 Nunc veris quoque te bonorum abut
116 1089 555 1125 Queror nominibus, ſed & tuorum,
114 1118 576 1156 Queis vel parcere maxime decebat.
116 1153 514 1189 Quare deſine te mihi Latinum,
117 1187 547 1221 Quare deſine te vocare Græcum
114 1215 607 1251 Ne iam Delphice te vocem bilinguem.
616 1246 826 1272 D In
