<PcGts xmlns="http://schema.primaresearch.org/PAGE/gts/pagecontent/2017-07-15" xmlns:xsi="http://www.w3.org/2001/XMLSchema-instance" xsi:schemaLocation="http://schema.primaresearch.org/PAGE/gts/pagecontent/2017-07-15 http://schema.primaresearch.org/PAGE/gts/pagecontent/2017-07-15/pagecontent.xsd"><Metadata><Creator>User123</Creator><Created>2020-04-19T08:48:28</Created><LastChange>2020-04-19T08:48:28</LastChange></Metadata><Page imageFilename="0078.png" imageHeight="1432" imageWidth="976"><TextRegion id="r0" type="paragraph"><Coords points="1,1 974,1 974,1430 1,1430"/><TextLine id="r0_l001"><Coords points="1,1 1,20 216,20 216,1"/><TextEquiv index="1"><Unicode>v</Unicode></TextEquiv></TextLine><TextLine id="r0_l002"><Coords points="889,25 889,56 970,56 970,25"/><TextEquiv index="1"><Unicode></Unicode></TextEquiv></TextLine><TextLine id="r0_l003"><Coords points="31,22 31,65 95,65 95,22"/><TextEquiv index="1"><Unicode></Unicode></TextEquiv></TextLine><TextLine id="r0_l004"><Coords points="349,89 349,116 682,116 682,89"/><TextEquiv index="1"><Unicode>IANIOVLH</Unicode></TextEquiv></TextLine><TextLine id="r0_l005"><Coords points="172,94 172,118 202,118 202,94"/><TextEquiv index="1"><Unicode>6</Unicode></TextEquiv></TextLine><TextLine id="r0_l006"><Coords points="973,120 912,121 912,168 973,169"/><TextEquiv index="1"><Unicode></Unicode></TextEquiv></TextLine><TextLine id="r0_l007"><Coords points="439,137 439,165 606,165 606,137"/><TextEquiv index="1"><Unicode>In allidorum.</Unicode></TextEquiv></TextLine><TextLine id="r0_l008"><Coords points="66,159 66,190 139,190 139,159"/><TextEquiv index="1"><Unicode></Unicode></TextEquiv></TextLine><TextLine id="r0_l009"><Coords points="952,170 919,169 919,200 952,200"/><TextEquiv index="1"><Unicode></Unicode></TextEquiv></TextLine><TextLine id="r0_l010"><Coords points="821,177 176,177 176,204 234,205 240,210 821,210"/><TextEquiv index="1"><Unicode>Ouid premis innocuos, denteſque in pelle fatigans</Unicode></TextEquiv></TextLine><TextLine id="r0_l011"><Coords points="669,211 399,211 334,213 242,213 238,217 232,219 210,219 210,241 669,241"/><TextEquiv index="1"><Unicode>nſulſo miſerum deiicis ore gregemi</Unicode></TextEquiv></TextLine><TextLine id="r0_l012"><Coords points="820,241 309,245 177,244 177,275 370,275 534,273 724,273 760,275 820,275"/><TextEquiv index="1"><Unicode>Ne perdas operam, quando ſpes nulla triumphi eſ,</Unicode></TextEquiv></TextLine><TextLine id="r0_l013"><Coords points="728,305 728,275 534,274 210,277 210,306 627,306"/><TextEquiv index="1"><Unicode>Hinc tibi qui meritum reddere poſſit o.</Unicode></TextEquiv></TextLine><TextLine id="r0_l014"><Coords points="758,306 456,306 242,310 178,308 178,339 332,339 485,337 719,337 732,339 758,339"/><TextEquiv index="1"><Unicode>uc age verte minas, &amp;, ſi potes, euome virus,</Unicode></TextEquiv></TextLine><TextLine id="r0_l015"><Coords points="700,338 333,339 272,342 212,341 212,371 700,371"/><TextEquiv index="1"><Unicode>Meque remorurum Calliodore pete,</Unicode></TextEquiv></TextLine><TextLine id="r0_l016"><Coords points="27,337 27,494 68,494 68,337"/><TextEquiv index="1"><Unicode></Unicode></TextEquiv></TextLine><TextLine id="r0_l017"><Coords points="453,381 453,404 596,404 596,381"/><TextEquiv index="1"><Unicode>Ad Porciam.</Unicode></TextEquiv></TextLine><TextLine id="r0_l018"><Coords points="916,387 916,430 972,430 972,387"/><TextEquiv index="1"><Unicode></Unicode></TextEquiv></TextLine><TextLine id="r0_l019"><Coords points="631,425 178,425 178,457 631,457"/><TextEquiv index="1"><Unicode>Non me Porcia plus amare poſſum,</Unicode></TextEquiv></TextLine><TextLine id="r0_l020"><Coords points="939,447 939,480 974,480 974,447"/><TextEquiv index="1"><Unicode></Unicode></TextEquiv></TextLine><TextLine id="r0_l021"><Coords points="609,458 536,457 294,460 259,462 178,462 178,489 609,489"/><TextEquiv index="1"><Unicode>Non te Porcia plus amare poſſum,</Unicode></TextEquiv></TextLine><TextLine id="r0_l022"><Coords points="943,486 943,529 974,529 974,486"/><TextEquiv index="1"><Unicode></Unicode></TextEquiv></TextLine><TextLine id="r0_l023"><Coords points="680,489 440,490 180,494 180,524 270,524 438,521 593,521 603,522 607,524 680,524"/><TextEquiv index="1"><Unicode>Quam te amens amo. ſcit meos furores</Unicode></TextEquiv></TextLine><TextLine id="r0_l024"><Coords points="572,522 438,522 178,526 178,552 572,552"/><TextEquiv index="1"><Unicode>Tam ſacri puer excitator ignis,</Unicode></TextEquiv></TextLine><TextLine id="r0_l025"><Coords points="571,583 571,553 311,554 276,556 178,555 178,586 327,586"/><TextEquiv index="1"><Unicode>Et quæ fluctiſono creata Ponto</Unicode></TextEquiv></TextLine><TextLine id="r0_l026"><Coords points="503,615 602,616 602,585 414,585 271,587 242,589 180,589 180,617 400,617"/><TextEquiv index="1"><Unicode>Sænis pectora concutit procellis,</Unicode></TextEquiv></TextLine><TextLine id="r0_l027"><Coords points="568,617 292,618 269,620 158,619 158,648 568,648"/><TextEquiv index="1"><Unicode>Cruento Venusilligata Marti.</Unicode></TextEquiv></TextLine><TextLine id="r0_l028"><Coords points="24,621 24,658 70,658 70,621"/><TextEquiv index="1"><Unicode></Unicode></TextEquiv></TextLine><TextLine id="r0_l029"><Coords points="546,679 659,681 659,648 311,650 262,652 178,651 178,682 360,682"/><TextEquiv index="1"><Unicode>Ergo quid preceramplius? quid vltra</Unicode></TextEquiv></TextLine><TextLine id="r0_l030"><Coords points="624,681 546,680 360,683 273,682 244,684 177,683 177,712 624,712"/><TextEquiv index="1"><Unicode>Reſtat Porcia, quam vel vt viciſſim</Unicode></TextEquiv></TextLine><TextLine id="r0_l031"><Coords points="572,713 494,712 428,714 286,714 177,716 177,737 572,737"/><TextEquiv index="1"><Unicode>Ames mutua. vel minus ſeuera</Unicode></TextEquiv></TextLine><TextLine id="r0_l032"><Coords points="179,744 179,771 562,771 562,744"/><TextEquiv index="1"><Unicode>Saltem te mihi ſentias amari?</Unicode></TextEquiv></TextLine><TextLine id="r0_l033"><Coords points="21,778 21,833 64,833 64,778"/><TextEquiv index="1"><Unicode></Unicode></TextEquiv></TextLine><TextLine id="r0_l034"><Coords points="459,787 459,809 587,809 587,787"/><TextEquiv index="1"><Unicode>De Thaide.</Unicode></TextEquiv></TextLine><TextLine id="r0_l035"><Coords points="707,822 179,822 179,855 378,855 424,853 707,855"/><TextEquiv index="1"><Unicode>Thaida quid ſacros credis vitare receſſus,</Unicode></TextEquiv></TextLine><TextLine id="r0_l036"><Coords points="403,885 626,886 626,855 379,855 279,858 211,857 211,887 349,887"/><TextEquiv index="1"><Unicode>Sectarique nouæ relligionis iteri</Unicode></TextEquiv></TextLine><TextLine id="r0_l037"><Coords points="420,916 675,918 675,886 403,886 314,889 177,888 177,919 310,919"/><TextEquiv index="1"><Unicode>Ah nimis incerta te fallis imagine veri,</Unicode></TextEquiv></TextLine><TextLine id="r0_l038"><Coords points="664,919 420,917 310,920 208,920 208,950 664,950"/><TextEquiv index="1"><Unicode>Non aſpergillum ſanctius vlla colit.</Unicode></TextEquiv></TextLine><TextLine id="r0_l039"><Coords points="19,921 19,957 48,957 48,921"/><TextEquiv index="1"><Unicode></Unicode></TextEquiv></TextLine><TextLine id="r0_l040"><Coords points="402,965 402,988 649,988 649,965"/><TextEquiv index="1"><Unicode>In Poticum. de Seto.</Unicode></TextEquiv></TextLine><TextLine id="r0_l041"><Coords points="754,1008 178,1008 178,1039 279,1040 403,1038 579,1038 599,1040 754,1041"/><TextEquiv index="1"><Unicode>Verba meo Sexto das Pontice: laudo: ſapiſti.</Unicode></TextEquiv></TextLine><TextLine id="r0_l042"><Coords points="208,1040 208,1073 683,1073 683,1040"/><TextEquiv index="1"><Unicode>Verba tibi reddit Sextus: &amp; ille ſapit.</Unicode></TextEquiv></TextLine><TextLine id="r0_l043"><Coords points="944,1067 944,1104 974,1104 974,1067"/><TextEquiv index="1"><Unicode></Unicode></TextEquiv></TextLine><TextLine id="r0_l044"><Coords points="464,1083 464,1107 606,1107 606,1083"/><TextEquiv index="1"><Unicode>In Sabellum.</Unicode></TextEquiv></TextLine><TextLine id="r0_l045"><Coords points="834,1115 178,1114 178,1148 276,1146 834,1148"/><TextEquiv index="1"><Unicode>Quod bene. nemo foret, poſſes quem ferre tuorum,</Unicode></TextEquiv></TextLine><TextLine id="r0_l046"><Coords points="646,1149 480,1147 207,1148 207,1171 646,1171"/><TextEquiv index="1"><Unicode>Miratus fateor non ſemel ante fui.</Unicode></TextEquiv></TextLine><TextLine id="r0_l047"><Coords points="244,1215 251,1211 366,1208 403,1208 463,1211 568,1211 733,1215 733,1178 695,1178 690,1181 684,1182 632,1180 473,1179 294,1179 261,1181 175,1180 175,1216 238,1216"/><TextEquiv index="1"><Unicode>Sed quoties video te ſex onus eſſe Syrorum,</Unicode></TextEquiv></TextLine><TextLine id="r0_l048"><Coords points="731,1216 568,1212 251,1212 244,1216 238,1217 203,1218 203,1245 232,1245 238,1238 289,1236 297,1237 306,1245 731,1245"/><TextEquiv index="1"><Unicode>ICuocue te dignum protinus eſleputo.</Unicode></TextEquiv></TextLine><TextLine id="r0_l049"><Coords points="833,1248 833,1277 879,1277 879,1248"/><TextEquiv index="1"><Unicode>ui</Unicode></TextEquiv></TextLine><TextLine id="r0_l050"><Coords points="1,1346 1,1393 84,1393 84,1346"/><TextEquiv index="1"><Unicode></Unicode></TextEquiv></TextLine><TextLine id="r0_l051"><Coords points="681,1365 681,1384 799,1384 799,1365"/><TextEquiv index="1"><Unicode></Unicode></TextEquiv></TextLine><TextLine id="r0_l052"><Coords points="887,1377 887,1400 951,1400 951,1377"/><TextEquiv index="1"><Unicode></Unicode></TextEquiv></TextLine></TextRegion></Page></PcGts>