976 1432
226 85 638 116 EPIGRAMMATA.
793 94 821 117 57
57 127 769 167 Qul rogo nam poſſis quenquam bene ferre tuorum,
149 162 629 196 Qi te non ipſum ferre Sabelle potes?
1 174 62 210 up
297 205 635 236 Ad Lucium FrugiPontanum.
1 237 693 284 piTerminus est rebus, Luci. ſuus omnibus eſto.
59 282 631 318 Terminus at noſtri nullus amoris erit.
910 312 967 368 I
400 326 518 347 De Laura.
116 366 709 398 Vnde fit, vt quoties admota per oſcula Lauram
151 398 619 430 Conor in amplexus ſollicitare meos,
116 430 659 463 Protinus auerſo diſtorqueat ora cachinno,
149 463 691 495 Tironemque nimis, me puerumque vocet?
119 495 652 525 Hæc ſunt fœmi nei nimirum ſigna caloris,
152 528 632 557 Vt crucient Ienta gaudia noſtra mora.
119 557 666 589 Et tamen illa meos ſemper faſtidit amores.
154 590 672 621 Hei mihi, quid tanta pro lenitate precer?
119 620 825 654 Dii facite, vt quem iam puerum vocat improba, tandem
151 652 652 686 Non puerum, ſed me ſentiat eſſe virum:
264 711 660 739 Ad Vernerum Douxam patruum.
120 751 711 784 Doua manus rerum, tutelaque fida mearum,
155 784 661 817 Douza decus vitæ, præſidimque meæ,
125 817 750 853 Quod ſemper patrio complexus amore nepotem
157 851 570 881 Mollieris leges in mea vota tuas,
124 880 663 913 Implumemque piis Ianum prouexeris alis
158 912 632 944 Tuta tuo præſtans noſtra patrocinio,
126 944 799 977 Non ego te patruum non te mihi Doua patronum,
160 976 661 1006 Sed merita dico non ſine laude patrem.
329 1019 637 1045 De Hermete, Ad Ponticum.
126 1063 628 1093 Omnia ſic Hermes cur diuerſoria vitet,
161 1097 698 1130 Scire cupis cauſam Pontice? ne numeret.
332 1139 617 1168 Ad Danielem Rogerium.
1 1137 60 1180 u
54 1183 821 1237 Nulla mihi manuum mittis monumenta tuarum,
163 1213 728 1248 lamque ter emeritum Luna peregit iter.
773 1244 837 1272 Ergo
597 1248 662 1270 D5
