976 1432
25 1 209 19 T
379 87 673 115 IANIDOVEÆ
167 133 763 164 Ergo nec exiguam de tot dare noctibus horam
198 164 624 196 Muſa ſpei potuit Rogeriana meæ?
167 195 768 230 Si tamen & piguit horam te perdere, quantum
197 228 685 260 Reddere erat votis vel tria verba meis?
166 258 725 292 Vt, ſi Douza vales, eſt quod valeamus & ipſi,
199 293 717 325 Quæque vel à pueris iam didiciſſe potes:
167 325 649 349 Aut ſaltem nuda ceras onerare ſalute?
197 357 746 388 Hoc etiam gratum quomodocunque foret,
167 387 751 417 Sed neque curſuro mandata ferenda miniſtro,
196 419 679 444 Vllave connubiis ſunt data vota meis.
129 451 748 483 Hæc ne tuum nuper Pyladem ſperare iubebas,
167 483 668 514 Cogerer à Franco cum dare vela ſolo?
164 514 777 539 Tunc mihi dicebas te non modo verſibus ad me
197 546 658 575 Verum etiam totis ire voluminibus.
164 576 798 607 Quæ munc heu leuibus mecum tibi tradita ventis
196 609 690 642 Neſcio quo nubes diripienda ferunt.
164 640 800 673 Sed quidnulla queror mihi verba expenſa tuliſſe,
194 674 748 707 Quem mihi nil præter verba dediſſe liquet?
913 695 974 728 M
396 718 603 751 In duas pediſſequas.
161 759 733 795 Sunt binæ nobis famulæ: ſignauit vtramque
191 793 710 826 luppiter. hæc oculo claudicat, illa pede.
439 838 559 860 De Laura
162 870 738 901 Felices, quibus afflat Amor, & mater Amoris
189 901 633 932 Ad ſua pacatum littora ſternit iter.
161 934 801 968 Qando eritille dies, quo demum nubile pondus
191 965 627 998 Ponet inhumani Laura ſupercilii?
152 997 775 1028 Quando Cupidineis radiantia lumina flammis
189 1029 664 1064 Me mihi, me vitæ reſtituentque meæ?
159 1061 707 1094 Quando rato furtiua pedes in gaudia calle:
187 1092 672 1122 Ibitis? & dominæ vox erit vna, Veni.
311 1139 718 1168 Ad Franc. Monchæum Atrebatem.
153 1178 818 1217 Dum puerum Franciſce canis cum matre volucrem,
184 1211 605 1249 Et vocis argutædelicias dominæ,
813 1250 911 1293 Ips
