976 1432
375 82 677 111 IANI DOVLÆ
167 83 199 102 60
172 120 744 155 Ipſa ſed hanſturus cum lancibus oſſa videtuu
204 153 702 191 Sic hiat, & plenum farcit aqualiculum.
172 185 736 221 Quid non vncta poteſt alienæ ſportula cellæ?
201 217 679 252 Illa famem Cinnæ ſuggerit, illa ſitim.
459 268 575 291 De Flacco.
170 299 645 331 Si quis erit inter numerandus aſellos:
199 332 704 363 Diſpeream, ſi non hic mihi Flaccus erit.
290 376 753 404 In rea um notarum inenionem e Graco
439 411 559 441 Auati.
167 437 753 473 Quis Deus in duro primus noua ſigna metallo
200 468 682 506 Scalpſit & æratæ cuſpide preſſit acus?
168 500 642 540 Prima ſuis Pallas intexuit illa tapetis,
204 528 973 596 Fua quodq; vocant, usa nomerat
166 570 827 610 Mulciber at manibus dum Pallada prenſat amatam,
911 597 974 632 H
197 602 655 639 Inſcius igne ſuo textile perdit opus.
165 633 699 673 Plorat amatoris temeraria gaudia culpans
198 667 648 700 Diua: timens iras ille furentis, ait,
166 699 768 736 Pone metum, noſtra damnum reparabitur arte,
912 697 974 727 u
911 727 972 763 Ns
199 729 654 766 Arſuras nullo quæ dabit igne notas.
49 746 735 802 Dictafides ſequitur: ſolido polit ære figuras,
194 796 655 829 ternis mutans ſigna caduca notis.
450 844 575 871 In Cinnam.
162 868 734 909 Inuerſum ſi fas Apuleium dicere quenquam,
935 876 972 907 t
194 901 661 936 Dicere fas certe te mihi Cinna foret,
162 932 819 976 Quod velut hic aſinina hominem ſub pelle tegebat,
192 964 658 1001 pſe ſub humana pelle tegas aſinum.
349 1012 659 1045 In Pontisum verſificatorem.
160 1048 973 1101 Si quot habes numeros, tot haberes Pontice nummos,
190 1081 628 1114 Mygdonio poſſes ditior eſſe Mida.
311 1130 708 1168 Ad Varnerum Douam, patruum.
159 1169 672 1209 Hortaris fieri quod ſe Varnere maritum,
190 1203 641 1244 Et toties pactum connubiale ſequi,
783 1245 919 1293 Gates
