976 1432
258 87 624 117 GRAMMATA.
787 99 816 119 6x
1 125 682 171 Grates lanus agit, qui quidquid conſulis æqui
80 166 609 192 Conſulit, & memor librat in auricula.
909 165 969 194 E
1 189 776 234 Quod niſi libertas plus quam tua vincla placerent,
63 231 618 264 Forte ſequi monitus vellet & ille tuos.
387 290 504 312 In Chlorin.
55 318 735 364 Quod toties noctem, nocturnaque ſeribimus acta,
125 361 641 385 Dumnon na meum verſat amica latus:
1 380 709 425 Et ter idem ſacimus:nimium ſi Chari videtur
125 423 690 456 Hoc tibi, ter noctem tu quoque ſcribe mihi.
249 485 647 509 Ad Hladrianum Iunium, Medisum.
92 537 712 574 Muſarum Charitumque potens doctiſſime Iuni,
1 551 62 593 mu
127 574 617 605 Per quem priſca ſuis fama reuixit auis,
912 573 974 643 I
1 593 62 622 t
94 605 697 637 Hos tibi deuotos noſtræ monumenta Mineruæ
128 637 578 668 Accipe, ſed pacta conditione, ſales.
95 668 610 702 Scilicet vt veteri nobis de more viciſſim
126 702 622 731 Et tua. ſi pla cui, mittere ſcripta velis,
93 731 594 763 Delicias iucunde meas, niſi gratior ipe
125 765 542 791 Malueris Muſæ nuntius eſſe tuæ.
356 824 522 848 Ad Lectorem.
93 935 614 967 Perlegis? an libri te detinet aura prioris?
128 966 648 1000 Perlege & alterius verba, ferentis idem.
1 968 34 994 ba
94 998 685 1033 Hic quoque iure tui ſub nominis exit in auras:
129 1031 649 1065 Atque vtinam placeat lector, vt ille, tibi.
93 1062 701 1096 Sed placet, & præfers primo fortaſſe ſecundum.
1 1090 47 1113 ns
127 1094 685 1133 Qud mirum? nouus eſt hic liber, ille verus.
95 1127 681 1160 Sic vbi purpureum liquit roſa carpta virorem,
127 1160 630 1194 Spernitur, & flores ſunt in honore noui.
93 1191 596 1226 Iure ſuo quamuis etiam debere videtur
125 1224 623 1257 Vincere rurigenam natus in vrbe liber.
1 1272 72 1304 c
