976 1432
267 80 624 112 GRAMMATA
130 120 587 153 Porcia, luminibus & pudefacta tuis,
61 139 683 189 EH inc cedamus, ait ne quis nouus altera cogat
135 184 556 216 Nos Paris arbitrii iura referre ſui.
1 196 641 253 Sit ſatisinfauſta ſpretas ſemeleſſe ſub da.
134 249 650 280 Quis velit expertam rurſus inire notam?
61 269 649 317 Hactenus: & verſa referens veſtigia plantæ
69 313 566 346 Palladios traxit in ſua iuſſa pedes.
61 345 701 380 Ergo quid humanos mirum tibi cedere vultus?
62 377 591 410 En cedunt oculis numina victa tuis.
229 419 679 451 Ad Theod à Culen, Equitem Auratum.
63 449 674 494 Hunc ulene tibi, ſocer, & cognate libellum,
132 484 589 516 Seria commendo, deliciaſque meas.
97 516 676 548 Et precor, vt Pylios abeanttua fila ſub annos,
132 547 654 580 Teque ſuperſtitibus Fama canat meritis.
65 579 685 613 Tu cape vota lubens, & quæ prius ipſe cupiſti
131 610 519 637 Fer tecum cœlo liberiore frui.
65 643 624 673 Nec te nocturnæ moueat prurigo Thaliæ:
2 673 636 715 ICrede mihi, mores non habet illa meos.
382 718 512 746 In Aprum.
95 749 504 781 Miſſæ ſemper Aper quotidianæ,
94 781 472 807 Et rebus ſolet intereſſe ſacris:
95 812 539 845 Verum neſcio quo ſubinde ſanctos
95 845 527 877 Tactus frigore, admonet receſſus:
96 878 568 909 Ad quos irox ramen in dies recurrit,
92 908 585 939 Nec ceſſat miſerum increpare myſten,
95 940 523 973 Tota quod ſacra vix peroret hora.
95 972 552 1006 Quid clamas rogo? quid benigniori
93 1004 502 1037 Nubem ſpargis Aper ſerenitati?
93 1037 586 1068 Non eſt, ſacrificium quod vſque vexes.
92 1068 496 1101 Si longæ mora ſit moleſta miſſæ
92 1100 462 1128 Fractis auribus, exeas Iicebit.
307 1145 568 1174 In æacilianum vetulum.
59 1175 602 1209 Deſine me puerum toties inſa ne vocare,
56 1209 582 1242 Nete bis puerum Cæciliane vocem.
776 1252 808 1274 M
