976 1432
901 62 968 96 I
344 90 647 115 IANIDOV
148 99 183 122 64
425 132 597 155 In Heliodorum.
151 173 675 208 Cur, quoties nobis fis obuius Heliodore,
184 205 611 231 Siue domi ſiſto me tibi, ſiue foris,
153 236 734 271 Cur, dic quæſo tibi tam ſæpe ſalutor, & vnum
911 237 973 281 i
185 268 726 303 Quindecies tantum non mihi reddis Aue?
911 281 973 314 an
154 298 774 335 Nunquid vt his prodas in me tua pectora? laudo.
188 332 640 364 Malo tamen dicas Heliodore, Vale.
357 389 709 416 Ad Cuiliclmum Altarium.
911 401 971 446 c
159 427 799 466 Quid non audet amor? quid non temeraria virtus?
191 461 674 489 Ille iterum ſimilem me iubet eſſe mei:
158 493 741 527 Illa iterum cœptum me cogit amare furorem.
191 527 623 557 Tantum iudicio fidit vterque tuo.
162 556 790 592 Atque vtinam non hic nimium tibi viſus vterque
192 590 615 622 Purgatis riſum præbeat auriculis.
160 619 751 654 Sed non præbebit, cum tu mea carmina verſes,
910 639 970 675 I
194 655 617 687 Auribus & fingas illa placere tuis.
153 685 733 720 Ah pudet & vereor: etiam foris illa retractas,
910 694 972 740 M
195 718 669 751 Nec ſine riuali iam tibi Douza placet.
164 749 765 780 Sic tamen O noſtros, pater audentiſſime vatum
195 782 647 809 Si c facito laudes, vt tueare, modos.
162 813 693 842 Defenſore meis, non laudatore Camœnis
195 846 732 878 Eſt opus: hunc præſta tumihi: plura leges.
164 876 754 909 Sed nimium volui: nec enim ſibi noſtra videri
193 909 661 942 Digna poteſt tanto Muſa patrocinio.
162 941 762 972 Fac vt ames modo nos, at parcius euehe, ne me
194 973 798 1009 Non ego, ſed dignum hoc vulgus honore putet.
456 1020 580 1051 In puellam.
164 1059 733 1093 Dum libet, & ver eſt, gratos ne differ amores:
195 1093 681 1123 Vtere: cum vetula ſit mhi pelle nihi.
364 1138 640 1164 De Flacco, ad Candidum.
164 1182 720 1215 Addita quæ certis Flacco ſponſalibus vxor,
188 1215 684 1246 Quid rides, matrem ſi vocei ille ſuam?
756 1228 973 1287 can
