976 1432
227 83 597 117 a AMMATA
52 128 625 166 Candide, nil iſtic Flaccus me iudice peccat:
53 162 652 198 Quin reor hunc ſumma cum ratione loqui.
52 191 699 227 Nam ſi bis quinos quæ nos tantummodo menſes
54 226 602 255 Geſſerit hanc matrem dicere iure licet:
1 246 686 296 Curſua non Flacco mater quoque Caia vocetur,
1 292 590 342 Per meſſes ipſum quæ tulit vna decem?
379 329 493 350 In Aulum
54 357 678 394 Reddere te toto matrem quid corpore iactas
192 388 652 421 Mentiris patrem parte refers media.
1 408 666 478 Crede tuis igituriſi non mihiprolibus Aule,
127 453 642 485 Contra te teſtes non pudet eſſe tuos.
371 490 477 518 De pro
52 506 715 554 Forte mea hæc paucis recitabam ludicra nuper
183 549 679 581 Et bene, ſi paucis non ſuperaſſet Aper:
1 564 647 625 Qui mihi ſic aderat, vt poſſet abeſſe videri,
128 613 635 645 Vox niſi præſentem teſtificata foret.
1 633 632 686 Illa ſui corpus ſine pectore prodidit Apri,
187 677 671 710 Ederet vt dignos ſe dominoque ſonos.
55 699 641 764 Nam, Quo pergisiait, audire diutius iſtas
174 739 753 775 Laſſus Aper nugas Douza, iocosque nequit.
1 768 687 813 Audieram pridem feri ſine ſenſibus Aprum:
172 805 743 837 Nunc primum populo cogor habere fidem,
56 831 659 883 Audieram Muſis hoſtem mentita putaui:
193 869 632 903 NTunc video Ciarii dicta fuiſſe Dei,
56 897 792 938 Fama malum narrabat Aprum mihi ludere viſa eſt:
195 933 689 966 Hei mihi: non nquam verior illa fuit.
1 957 685 1000 eQuid mirum, nequitſi nos audire legentes,
3 996 73 1036 t
192 999 677 1032 Tam male qui vitiis audit vbique ſuis
376 1034 508 1056 Ad Porciam
907 1049 968 1098 I
53 1064 632 1103 Idalios quare mittis mihi porcia flores?
181 1097 682 1125 Crede mihi, florem Porcia malo tuum,
195 1128 658 1162 Ad Hadrianum Matheneſium, cognatum.
52 1132 810 1201 Hoc quoque Douzæo placitum ſiub nomine carme
196 1194 641 1225 Vſque recens feri cura nepoti erit.
53 1216 744 1264 Quid tibi dem porius,legm quod neſciat orcis
597 1260 806 1300 E SFolus
220 1261 393 1297 Tmus ſecundus
