<PcGts xmlns="http://schema.primaresearch.org/PAGE/gts/pagecontent/2017-07-15" xmlns:xsi="http://www.w3.org/2001/XMLSchema-instance" xsi:schemaLocation="http://schema.primaresearch.org/PAGE/gts/pagecontent/2017-07-15 http://schema.primaresearch.org/PAGE/gts/pagecontent/2017-07-15/pagecontent.xsd"><Metadata><Creator>User123</Creator><Created>2020-04-19T08:48:26</Created><LastChange>2020-04-19T08:48:26</LastChange></Metadata><Page imageFilename="0088.png" imageHeight="1432" imageWidth="976"><TextRegion id="r0" type="paragraph"><Coords points="1,1 974,1 974,1430 1,1430"/><TextLine id="r0_l001"><Coords points="212,1 11,1 11,16 16,16 27,27 212,27"/><TextEquiv index="1"><Unicode></Unicode></TextEquiv></TextLine><TextLine id="r0_l002"><Coords points="973,59 973,32 885,32 885,51 906,51 918,61 936,61"/><TextEquiv index="1"><Unicode></Unicode></TextEquiv></TextLine><TextLine id="r0_l003"><Coords points="67,61 70,55 70,39 66,32 57,29 27,29 21,33 21,60 43,60 49,63 64,63"/><TextEquiv index="1"><Unicode></Unicode></TextEquiv></TextLine><TextLine id="r0_l004"><Coords points="422,53 422,68 763,68 763,53"/><TextEquiv index="1"><Unicode></Unicode></TextEquiv></TextLine><TextLine id="r0_l005"><Coords points="917,61 906,52 879,52 875,50 813,50 813,70 914,70"/><TextEquiv index="1"><Unicode>u</Unicode></TextEquiv></TextLine><TextLine id="r0_l006"><Coords points="19,62 19,125 48,125 48,62"/><TextEquiv index="1"><Unicode></Unicode></TextEquiv></TextLine><TextLine id="r0_l007"><Coords points="435,83 435,107 741,107 741,83"/><TextEquiv index="1"><Unicode>IANIDOV</Unicode></TextEquiv></TextLine><TextLine id="r0_l008"><Coords points="238,89 238,108 283,108 283,89"/><TextEquiv index="1"><Unicode>ſd</Unicode></TextEquiv></TextLine><TextLine id="r0_l009"><Coords points="941,153 947,150 970,150 970,112 916,112 916,154 930,154"/><TextEquiv index="1"><Unicode></Unicode></TextEquiv></TextLine><TextLine id="r0_l010"><Coords points="277,123 277,155 826,155 826,123"/><TextEquiv index="1"><Unicode>Solus amor Stygio non leuat amne ſitim:</Unicode></TextEquiv></TextLine><TextLine id="r0_l011"><Coords points="244,155 244,186 858,186 858,155"/><TextEquiv index="1"><Unicode>Solus aaor, ſed uoctus amor, quique alite ſacri</Unicode></TextEquiv></TextLine><TextLine id="r0_l012"><Coords points="973,151 947,151 941,154 917,155 917,184 973,184"/><TextEquiv index="1"><Unicode>O</Unicode></TextEquiv></TextLine><TextLine id="r0_l013"><Coords points="276,186 276,218 848,218 848,186"/><TextEquiv index="1"><Unicode>Carinis auricomum tollit in aſtra caput.</Unicode></TextEquiv></TextLine><TextLine id="r0_l014"><Coords points="950,242 973,243 973,207 918,207 918,245 920,245"/><TextEquiv index="1"><Unicode></Unicode></TextEquiv></TextLine><TextLine id="r0_l015"><Coords points="242,218 242,246 835,246 835,218"/><TextEquiv index="1"><Unicode>IIle &amp; Cimmerias mota face diſcutit mbras,</Unicode></TextEquiv></TextLine><TextLine id="r0_l016"><Coords points="973,245 920,246 920,277 973,277"/><TextEquiv index="1"><Unicode></Unicode></TextEquiv></TextLine><TextLine id="r0_l017"><Coords points="278,251 278,280 765,280 765,251"/><TextEquiv index="1"><Unicode>Acceſum furuæ nec timet ignis aquæ</Unicode></TextEquiv></TextLine><TextLine id="r0_l018"><Coords points="859,282 409,282 346,284 245,284 245,314 409,314 509,312 759,312 788,314 859,314"/><TextEquiv index="1"><Unicode>Qui det opes largas opulens non deerit amicus,</Unicode></TextEquiv></TextLine><TextLine id="r0_l019"><Coords points="935,340 938,339 973,340 973,307 922,307 922,346 930,346"/><TextEquiv index="1"><Unicode>I</Unicode></TextEquiv></TextLine><TextLine id="r0_l020"><Coords points="796,344 796,315 759,313 509,313 278,316 278,345 487,345"/><TextEquiv index="1"><Unicode>Et promam fuluo præſtet ia ære ianum.</Unicode></TextEquiv></TextLine><TextLine id="r0_l021"><Coords points="790,345 488,345 246,348 246,374 790,374"/><TextEquiv index="1"><Unicode>At tibi cogaato melius ſub nomine. viuet</Unicode></TextEquiv></TextLine><TextLine id="r0_l022"><Coords points="973,370 973,355 941,355 936,353 930,347 919,347 919,373 930,373"/><TextEquiv index="1"><Unicode></Unicode></TextEquiv></TextLine><TextLine id="r0_l023"><Coords points="919,374 919,411 974,411 974,374"/><TextEquiv index="1"><Unicode></Unicode></TextEquiv></TextLine><TextLine id="r0_l024"><Coords points="275,377 275,408 781,408 781,377"/><TextEquiv index="1"><Unicode>Hoc b:eue prolixi carmen amoris opus.</Unicode></TextEquiv></TextLine><TextLine id="r0_l025"><Coords points="930,445 930,410 906,410 902,408 484,408 335,410 244,409 244,439 265,441 463,440 501,438 740,438 840,441 851,442 858,446 873,447 917,447"/><TextEquiv index="1"><Unicode>Vnde recognoſces aliquis dno pectora quondam</Unicode></TextEquiv></TextLine><TextLine id="r0_l026"><Coords points="817,442 813,441 740,439 501,439 463,441 275,442 275,471 279,472 407,472 509,470 817,472"/><TextEquiv index="1"><Unicode>Iuntaque nominibus nomi nanoſtra tuis,</Unicode></TextEquiv></TextLine><TextLine id="r0_l027"><Coords points="973,442 948,442 937,446 916,448 916,477 973,477"/><TextEquiv index="1"><Unicode></Unicode></TextEquiv></TextLine><TextLine id="r0_l028"><Coords points="57,447 17,447 17,473 48,473 54,477 57,477"/><TextEquiv index="1"><Unicode></Unicode></TextEquiv></TextLine><TextLine id="r0_l029"><Coords points="773,472 510,471 407,473 241,472 241,496 773,496"/><TextEquiv index="1"><Unicode>Priſca ſuos dicat cat enehut aura calores?</Unicode></TextEquiv></TextLine><TextLine id="r0_l030"><Coords points="914,494 914,541 974,541 974,494"/><TextEquiv index="1"><Unicode></Unicode></TextEquiv></TextLine><TextLine id="r0_l031"><Coords points="270,503 270,536 850,536 850,503"/><TextEquiv index="1"><Unicode>Nos quoque iam noſtros vidimus Euryalos.</Unicode></TextEquiv></TextLine><TextLine id="r0_l032"><Coords points="503,548 503,569 665,569 665,548"/><TextEquiv index="1"><Unicode>In athonem</Unicode></TextEquiv></TextLine><TextLine id="r0_l033"><Coords points="924,595 973,595 973,561 951,561 930,558 914,558 914,603 915,602"/><TextEquiv index="1"><Unicode></Unicode></TextEquiv></TextLine><TextLine id="r0_l034"><Coords points="855,578 244,578 244,610 432,610 510,608 556,610 855,610"/><TextEquiv index="1"><Unicode>Nil mihi tu præſtas, tibi nil ego præſto viciſſim.</Unicode></TextEquiv></TextLine><TextLine id="r0_l035"><Coords points="973,600 918,600 914,604 915,622 973,622"/><TextEquiv index="1"><Unicode></Unicode></TextEquiv></TextLine><TextLine id="r0_l036"><Coords points="853,615 848,614 800,614 775,612 683,610 272,610 272,637 853,637"/><TextEquiv index="1"><Unicode>Das mihiverba Matho, do tibi verba Matho.</Unicode></TextEquiv></TextLine><TextLine id="r0_l037"><Coords points="50,658 56,658 56,622 14,622 14,662 44,662"/><TextEquiv index="1"><Unicode></Unicode></TextEquiv></TextLine><TextLine id="r0_l038"><Coords points="973,669 973,628 925,628 914,622 914,670 940,670"/><TextEquiv index="1"><Unicode></Unicode></TextEquiv></TextLine><TextLine id="r0_l039"><Coords points="529,653 529,682 631,682 631,653"/><TextEquiv index="1"><Unicode>In ſilla.</Unicode></TextEquiv></TextLine><TextLine id="r0_l040"><Coords points="56,659 50,659 44,663 15,663 15,696 56,696"/><TextEquiv index="1"><Unicode></Unicode></TextEquiv></TextLine><TextLine id="r0_l041"><Coords points="274,683 274,716 792,716 792,683"/><TextEquiv index="1"><Unicode>Cum blaudam properans mhi ſalutem</Unicode></TextEquiv></TextLine><TextLine id="r0_l042"><Coords points="916,681 916,733 974,733 974,681"/><TextEquiv index="1"><Unicode>u</Unicode></TextEquiv></TextLine><TextLine id="r0_l043"><Coords points="240,716 240,746 696,746 696,716"/><TextEquiv index="1"><Unicode>Nuper dicere mens, Roſilla vellet,</Unicode></TextEquiv></TextLine><TextLine id="r0_l044"><Coords points="651,748 240,747 240,775 271,775 278,777 651,777"/><TextEquiv index="1"><Unicode>Salue Mentula, voce lapſa dixit.</Unicode></TextEquiv></TextLine><TextLine id="r0_l045"><Coords points="918,753 918,790 974,790 974,753"/><TextEquiv index="1"><Unicode></Unicode></TextEquiv></TextLine><TextLine id="r0_l046"><Coords points="650,780 498,780 446,778 237,777 237,807 280,809 650,810"/><TextEquiv index="1"><Unicode>Riſi riſit &amp; illa. meque tantum</Unicode></TextEquiv></TextLine><TextLine id="r0_l047"><Coords points="54,802 28,802 28,857 54,858"/><TextEquiv index="1"><Unicode></Unicode></TextEquiv></TextLine><TextLine id="r0_l048"><Coords points="237,811 237,842 677,842 677,811"/><TextEquiv index="1"><Unicode>Non loquente redarguens oceilo,</Unicode></TextEquiv></TextLine><TextLine id="r0_l049"><Coords points="915,828 915,861 974,861 974,828"/><TextEquiv index="1"><Unicode></Unicode></TextEquiv></TextLine><TextLine id="r0_l050"><Coords points="691,845 471,844 403,842 239,842 239,873 344,872 447,874 691,874"/><TextEquiv index="1"><Unicode>Quid rides? ait an quod euolante</Unicode></TextEquiv></TextLine><TextLine id="r0_l051"><Coords points="727,873 709,873 695,876 508,876 344,873 235,874 235,897 727,897"/><TextEquiv index="1"><Unicode>Fortè Mens mihi diminuta voce eſt?</Unicode></TextEquiv></TextLine><TextLine id="r0_l052"><Coords points="32,870 32,919 59,919 59,870"/><TextEquiv index="1"><Unicode></Unicode></TextEquiv></TextLine><TextLine id="r0_l053"><Coords points="915,889 915,927 974,927 974,889"/><TextEquiv index="1"><Unicode></Unicode></TextEquiv></TextLine><TextLine id="r0_l054"><Coords points="234,905 234,930 644,930 644,905"/><TextEquiv index="1"><Unicode>At me nil temere ſcias locutam.</Unicode></TextEquiv></TextLine><TextLine id="r0_l055"><Coords points="15,919 15,976 53,976 53,919"/><TextEquiv index="1"><Unicode></Unicode></TextEquiv></TextLine><TextLine id="r0_l056"><Coords points="694,935 682,939 518,939 444,937 360,937 331,935 232,935 232,965 450,969 694,969"/><TextEquiv index="1"><Unicode>Nam ſi labra, cor, oſque grata per ſe</Unicode></TextEquiv></TextLine><TextLine id="r0_l057"><Coords points="918,957 918,992 974,992 974,957"/><TextEquiv index="1"><Unicode></Unicode></TextEquiv></TextLine><TextLine id="r0_l058"><Coords points="581,971 384,968 233,968 234,997 252,996 277,998 344,999 581,999"/><TextEquiv index="1"><Unicode>Diminutio gratiora reddit,</Unicode></TextEquiv></TextLine><TextLine id="r0_l059"><Coords points="233,1001 233,1029 759,1029 759,1001"/><TextEquiv index="1"><Unicode>Cur non &amp; mihi ius ſit, hanc minutam</Unicode></TextEquiv></TextLine><TextLine id="r0_l060"><Coords points="710,1038 619,1037 574,1035 504,1035 478,1033 234,1033 234,1058 259,1058 279,1061 388,1064 508,1064 548,1066 710,1066"/><TextEquiv index="1"><Unicode>Vocem reddere, Douza, quæ placere</Unicode></TextEquiv></TextLine><TextLine id="r0_l061"><Coords points="916,1044 916,1080 974,1080 974,1044"/><TextEquiv index="1"><Unicode></Unicode></TextEquiv></TextLine><TextLine id="r0_l062"><Coords points="605,1068 508,1065 233,1063 233,1092 290,1092 327,1094 605,1094"/><TextEquiv index="1"><Unicode>Vlli rte nequit puellularum</Unicode></TextEquiv></TextLine><TextLine id="r0_l063"><Coords points="919,1087 919,1107 974,1107 974,1087"/><TextEquiv index="1"><Unicode></Unicode></TextEquiv></TextLine><TextLine id="r0_l064"><Coords points="231,1095 231,1121 574,1121 574,1095"/><TextEquiv index="1"><Unicode>Amica ine diminutione?</Unicode></TextEquiv></TextLine><TextLine id="r0_l065"><Coords points="918,1112 918,1141 973,1141 973,1112"/><TextEquiv index="1"><Unicode></Unicode></TextEquiv></TextLine><TextLine id="r0_l066"><Coords points="486,1140 486,1165 688,1165 688,1140"/><TextEquiv index="1"><Unicode>ln Amilianum.,</Unicode></TextEquiv></TextLine><TextLine id="r0_l067"><Coords points="919,1152 919,1173 974,1173 974,1152"/><TextEquiv index="1"><Unicode></Unicode></TextEquiv></TextLine><TextLine id="r0_l068"><Coords points="856,1174 854,1173 793,1173 761,1171 727,1171 723,1173 562,1172 485,1169 446,1169 433,1168 426,1164 229,1164 229,1193 290,1193 318,1198 436,1199 559,1203 856,1203"/><TextEquiv index="1"><Unicode>Nulla quod in tanto populo ſit fœmina, cui non</Unicode></TextEquiv></TextLine><TextLine id="r0_l069"><Coords points="723,1208 591,1206 558,1203 513,1203 436,1200 355,1200 318,1199 302,1196 256,1196 256,1233 308,1235 361,1235 410,1238 503,1239 596,1243 723,1243"/><TextEquiv index="1"><Unicode>Od ciumpræſtas miliane tuum,</Unicode></TextEquiv></TextLine><TextLine id="r0_l070"><Coords points="920,1216 920,1245 974,1245 974,1216"/><TextEquiv index="1"><Unicode></Unicode></TextEquiv></TextLine><TextLine id="r0_l071"><Coords points="45,1267 45,1220 42,1218 11,1218 11,1270 38,1271"/><TextEquiv index="1"><Unicode></Unicode></TextEquiv></TextLine><TextLine id="r0_l072"><Coords points="835,1246 835,1281 932,1281 932,1246"/><TextEquiv index="1"><Unicode>gror</Unicode></TextEquiv></TextLine><TextLine id="r0_l073"><Coords points="45,1304 8,1307 8,1347 45,1348"/><TextEquiv index="1"><Unicode></Unicode></TextEquiv></TextLine><TextLine id="r0_l074"><Coords points="44,1349 21,1349 1,1347 1,1362 44,1362"/><TextEquiv index="1"><Unicode>3</Unicode></TextEquiv></TextLine><TextLine id="r0_l075"><Coords points="11,1363 11,1380 59,1380 59,1363"/><TextEquiv index="1"><Unicode></Unicode></TextEquiv></TextLine></TextRegion></Page></PcGts>