976 1432
292 89 656 111 EPIGRAMMATA.
798 96 832 122 67
120 127 678 159 Ignoro fateor, hoc me modo noſſe fatebor,
156 159 696 191 Oficium quod amat fœmina nulla tuum
1 190 54 214 Gr
276 194 678 224 In eum cui vxor erat parum pudica.
2 215 54 246 tbn
121 224 764 254 Et caput, & princeps cum ſis Lepidane malorum,
156 255 692 281 Fama virum narrat te tamen eſſe bonum.
1 280 54 315 aiu
317 288 638 311 Ad LlIarinum Havelum.
120 317 702 351 Et ſi me patruæ metuentem verbera linguæ
154 349 682 382 Trux vetet auſpicijs viuere Parca meis,
1 351 53 368 e
119 379 691 411 Non tamen à cœpto poſſum deſiſtere curſu.
152 412 692 445 Hic mihi luce labor hic mihi nocte venit:
1 413 63 445 u
117 445 756 476 Lucetamen quam nocte minus: lux apta poëtis,
1 446 58 478 1us
153 476 708 508 Sed quibus ingenum lectus & vmbra facit.
118 509 707 540 Me fora, me lites mihime mea ſurripit vxor,
1 512 57 547 lu
152 539 639 571 Quæ caput hoc iuris non ſinit eſe ſui.
116 571 698 602 Adde, quod aſſiduos cogor deplere trientes,
1 586 59 622 ſ
149 603 578 635 Et dare luxuriæ vela ſoluta meæ.
115 634 720 666 His vbi fracta dies, Pindum, Muſaſque fatigo,
150 665 742 698 Et cla mo, Numen nunc vbi Phœbe tuum eſt?
115 697 836 729 Sæpe precor ſomnum, ſomnum quoque deprecor idem
1 696 57 736 a
150 729 575 760 Ne turbet pennis otia noſtra suis
115 761 815 825 ai
107 825 686 857 Sic mea Muſa ſbi, quod lux vinoſa negauit,
144 859 615 888 Elucubrandum noce eponit opus.
110 889 799 921 Hæc quoque. quæ cernis. lchno mihi iudice Veſper,
144 920 611 949 Et face luſttali verba præiuit Amor
110 953 723 984 Cur igitur vinum, nec olent Martine lucerm?
109 984 603 1016 Fallor, an & vino tacta lucerna fuit?
380 1019 533 1039 n Macrum.
108 1048 680 1080 Orbus es, & locuples, Pylioque ſolutior æuo,
141 1080 603 1111 Tene Macer vero credis amore frui?
107 1111 690 1143 Det licet amplexus, det baſia mille petenti,
140 1143 631 1175 Non te, ſed nummos diligit. Aula tuos
394 1179 529 1199 In Flacu.
1 1188 53 1232 o
103 1207 707 1242 Qod bipedem ludens dixi te nuper aſellum,
744 1244 828 1268 Na
567 1243 634 1265 E2
