976 1432
213 55 530 91 f .
716 73 752 97 7
10 108 549 146 Dijfaciant laudis ſumma ſit iſta meæ.
243 145 532 175 n Lentulum pediequum.
37 173 582 208 Quid iuat iniuſfotories præuertere cnrſu
41 206 560 238 Conductum, noſtras vt ſaquerere vias?
40 235 641 268 Parce tuis tritum pedibus mihi ſternere callem.
40 267 629 304 Hocducis officium Lentule, non famuli eſt,
244 304 519 326 Ad Iaim Vtenhouium.
39 322 643 362 Eſt tibi ſitq; precor longum pater, eſt tibi frarer,
39 365 616 393 Sed cui par nullum landria nomen habt.
15 393 596 428 Et ben ni fratris ſtudeo dum præ c videri,
15 426 508 457 Cogerer in laudes pareior ire tuas.
34 458 591 488 Mentioi: an titulos obnubilat ille ſuorum?
35 490 496 521 Sic eſt luminibus oficit ille tuis
34 521 626 553 Vtque nihl iaceam fratri po tes e ſſe ſecundus.
34 553 535 583 Verùm par fratri non potes eſſe tuo.
33 583 581 616 Non potes: hoc vni debes me iudice fatri,
35 616 600 648 Qui modo non eſſet ſi tibi, primus eras.
36 648 594 685 Cede tamen, lætuſq; loco decede priori.
38 679 492 709 Ccde tuo fratri, cedat vt lle tibi.
882 676 948 708 M
38 712 661 744 Quis ſcit an hæc melius caſura ſitalea quondam,
38 743 545 775 Detq; tibi victas frater & ipſe manus?
159 777 612 806 AdPhlippum Morum. Mathematicum.
67 807 506 838 Quod ditis fugiam iugum maritæ,
33 841 458 871 Audes dicere me parum potam,
36 871 510 903 ec clam: nam ruis, & ferocis in me,
37 902 410 932 Vt ſi publica res periclitetur,
35 932 477 958 ODentatum calami moues furorem.
35 964 535 997 Fruſtrà: nam mihi crimen ingerentem
37 996 553 1028 utum piſce magis Philippe reddam.
38 1029 482 1060 Atqui ſi foret hoc nouum tcerem.
36 1060 430 1089 unc idem veteres, & ipſe toto
37 1092 411 1125 Fecit notus n orbe Martialis.
36 1125 456 1156 Quare deſine iam tuunm ſodalem
37 1157 453 1187 ac re dicere non ſatis poëtam,
38 1190 475 1220 Nec te & ille vocet nimis potam.
490 1224 549 1252 4
732 1228 764 1253 n
