976 1432
332 76 671 112 EPIGAMATA
798 92 833 115 77
119 128 564 163 Hoc tamen lenius. pudentiusque
120 163 609 195 Quam qud nos al iquidtibi videmur.
122 191 653 226 Et. qnod ridiculnimis putandum eſt,
107 225 577 260 Docti ſigimur, vque Douza poſſit
124 261 464 291 Tuis d elicii frui, rogatur,
126 292 502 321 Suos accumulet tibi lepores.
130 324 464 354 O vora ebria ſobrii poetæl
391 355 531 377 Ad eundem.
129 383 602 419 Qui hoc ferre poteſt, quis hoc videre?
130 418 487 449 Ni ſit inſipiens & infacetus,
131 450 515 484 Mnſas te male ſic Apollinares
133 480 589 512 Cu iauris hederiſque abominari?
135 512 606 546 Quid vmbræ meruere tam ſequaces?
133 544 566 578 Diuæ quid meruere tam fauentes?
80 575 547 613 Non vides vt Apollinem peroſa
80 608 566 642 Amplexu cupide tuos requiran t?
81 641 532 674 Et veſtigia grata perſequentes?
142 671 562 706 Obnixis precibus rogent morari?
143 706 540 738 Quare pare pedi nimis citato,
141 734 604 770 Parce quæſo truces vibrare iambos,
124 767 608 801 Doctis abſque velis nec eſe Muſis,
142 799 642 834 Horam quæ ſine te nec eſſe poſſunt.
297 831 698 861 Ad Hadrianum Iunium, Medicum.
146 864 716 899 O quam pene tua luſum Pimpleide Douram
176 895 630 925 Turhatum tota cernere mente fuit
149 926 748 960 Nam quidego merui, cur me docſſime ſperem
176 959 615 992 n partem famæ poſſe venire tuæ?
120 991 691 1024 Non mhi Pierio riſit ſoror vlla ſub antro,
182 1024 622 1057 Aut licuit ſacro fonte leuare ſitim.
154 1054 730 1087 Nec nos Caſtali reſpexit ab arbore Phœbus:
186 1087 636 1120 Aut dignata ſuo Calliopea ſinu eſt.
155 1122 660 1148 Triſtis inhumano vidit me Falcifer ore,
188 1153 626 1186 Et data ſunt vitæ fila profana meæ.
159 1184 726 1218 Quid?quod amicitiæ paruo tibi cognitus vſu,
191 1219 646 1252 Sumque sodalitii non niſi tito tui?
584 1253 645 1277 Es
760 1252 867 1275 At tanti
