976 1432
297 51 673 76 IANIDOvE
53 60 140 89 I4
13 86 638 125 Attaoti Cetæ tanti & tibi vatis Iberi eſt,
127 124 682 161 Quod tua nobiſcum lima momordit, opus.
51 153 712 186 Sine igitur titulis iunges tua nomina noſtris:
912 183 973 218 ue
128 187 634 216 Nec mea ſunt probro ſcruta futura tib
913 218 973 253 e
94 218 698 251 Omihi ne Batauam ſubſtringat Loilus aurem.
915 248 973 283 i
137 250 676 280 Quam mallem nullis nomen habere loisl
11 274 661 342 Eſt tamen eſt aliquid tecum me poſſe tueri,
140 314 612 346 Atq; aliquid tanto iam placuiſſe viro.
11 343 744 384 Quin placuiſſe parum eſt: viuet ſi Doaza ſuperſtes,
133 377 657 401 Auribus hoc dare te ni iuuat omne meis.
915 381 973 411 I
49 405 710 442 Sed des omne meis, licet, auribus iſtud opellam
916 412 973 445 u
125 440 693 466 Dum mihi commendes hac ratione meam.
278 497 583 528 In Malhionem, de Cinna.
7 538 646 617 Reddidit vxor fœcndam reddidit aluum
120 571 641 602 Cinna tuæ gaude Malchio: iam pater es.
911 613 974 641 s
360 626 527 647 In Domitillam.
45 679 716 723 Cum prope nil præter neruos & tenta loquaris,
912 706 974 733 Di
126 712 549 742 Neſcio. qua dici lege puica velis.
914 742 973 772 t
87 742 719 776 An. quod adhuc primo gaudet tua zona pudore:
123 775 590 801 Et laudem de te mentula nulla tulit?
90 806 586 832 Falſa eſt iſta tuæ falſa eſt fiducia famæ.
906 838 972 857 t
124 838 583 871 Si neſcis animi ſermo putatur opus.
937 868 972 891 Dle
78 869 654 901 Tu licet & triſtes æques Domitilla Sabinas,
112 900 607 932 Et Graiam ſuperes integritate fidem,
77 932 617 964 Ni taceas noſtris indicta vocabula rebus,
116 964 546 989 Laide diceris vilior. & Chione.
87 997 741 1034 Quanto virgo magis quanto mea caſtior Agle eſt,
112 1029 572 1061 Quæ tacito mauult illa tenere ſinu?
913 1045 974 1084 Iu
322 1084 486 1111 DeBureno.
80 1136 666 1172 Scripta Theonino rodit mea dente Burenus.
942 1156 974 1179 s
105 1169 596 1205 lam ſcia medoctis poſſe placere viris.
743 1218 793 1240 Ad
