976 1432
783 56 822 78 5
272 48 610 83 trrr
237 111 688 140 Ad Ianum Antonium Baiſium Potam.
109 156 650 188 Sum meus. aiebas memini. iu cunde Baifi.
147 188 593 218 Et bene. iunxiſſes ni tua vota meis.
112 219 650 251 Scilicet ex illo notus tibi Douza ſigillum
148 252 575 284 Iuſſit amicitiæ te quoq; ferre ſuæ.
115 281 684 315 Annuis & noſtras iam te iuuat ire ſub ædes,
148 314 631 354 Viq pari certant ſpes mea peſq; tuus.
108 347 671 378 inclicet alternas audire & reddere voces.
146 374 663 418 Et quota pars mentis eſt tamen iſta tuæ?
115 405 733 447 Conſparſiſſe meum plus Graio eſt rore libellum,
149 439 604 479 Scriptaq; notitiæ ſigna dediſſe tuæ.
108 469 648 512 Quid ſacer aſſidui non effcit vſus amoris?
147 501 647 538 Ante tuus fueras, iam quoq; noſter eris.
331 553 600 592 AP lippum Morum.
109 599 665 639 Non tot Erythræa gemmas digeſſit in alga,
149 633 605 665 Non tot in Eois India littoribus,
109 663 757 707 Quot modico lectæ mihi ſunt in carmine gemmæ,
148 703 576 730 Diuitias valui neo numerare tuas
111 724 711 768 as ego maluerim certè quam hynica quales
149 759 614 794 Matribus Auſonijs lima polire ſolet.
109 793 635 834 Qui volet annellis ergo ſe cingat & auro,
147 824 570 864 Incubet & gazis nocte dieq; ſuis.
107 854 650 890 Dulcemihi ſocia tibi conuetudine iungi:
97 888 550 921 Dulce tuis Muſis, delicijſq; frui.
318 943 601 970 De Maronillo ad Sextum.
144 999 595 1033 Chloen ſubaſſe dicitur Maronillus,
106 1030 593 1071 Matremq; Sexte reddidiſſe: patriſat
257 1082 658 1116 Ad Stellam & Thilaſtrum aantes.
145 1141 490 1174 tella deliciæ tui Philaſtri,
56 1174 480 1224 Stelæ deliciæ tuæ Philaſler,
728 1205 814 1237 Quàm
