976 1432
372 98 617 124 IANIDOVE
69 140 660 173 Quam bene eſt tibi Stella cum Philaſtro
67 171 666 209 Cum Stella tibi quam bene eſt Philaſter?
67 204 626 235 Ambo mutua, mutuisque amatis
134 235 542 265 Intaer vos animis, amaminique.
135 265 528 297 Felices rer, & amplius gemelli,
137 298 615 329 Ni veſtris male conſonans parentum
139 328 549 360 Voluptatibus obforet vlunta s.
25 359 537 398 Sed obſit licethic, & obſit ille
139 391 547 422 Non hic effi ciet tamen, nec ille,
46 411 626 462 Quo porro minus vſque & vſque iuret
142 455 540 483 Stellam delicias ſuas Philaſter,
143 486 549 526 Stella delicias ſuas Philaſtrum.
304 541 694 571 Ad Hſadrianum Iunium, Medicum.
24 556 719 646 Entbiſed vernam leporem, doctime Iun
174 632 729 663 Quem quoniam totum mittere non potui,
93 650 808 696 Et lacerum & qualem potui, pro tempore mitte,
177 695 676 725 Fallori an ille canum raptus ab ore fuit?
24 721 795 773 Sed tamen hoc melius, quam ſi ſine vindice plagæ
175 756 623 789 Luſi ſſet catulos irrita præda meos.
147 790 708 819 Accipis?an metuis in ius mea dona vocare,
181 822 652 855 erdere cum vino ne videaregarum
146 853 785 886 Parce garo:nihil hoc opus eſt tibi parce Falerno,
180 886 597 916 At non deliciis parce poeta tuis.
96 915 780 950 Quippegaro careatque licet, careatque Falerno,
184 948 681 983 Non deerit lepori, te ioca dante, lepos.
447 1023 574 1048 Ad Idam,
152 1062 450 1093 Te cunnulum quod Ida
153 1093 427 1122 Nuper meum vocaui,
152 1124 419 1152 Hoc ſi nimis licenter
151 1156 464 1218 ,
148 1221 461 1256 Voces tuam licebit.
835 1260 936 1285 A
