976 1432
347 96 638 119 EIGRAMMATA
370 139 645 170 Ad Victorem Gielinum
144 198 613 231 Victoris ex re quis neget datum tibi,
159 230 601 263 Giſeline, nomen, ſiue ceſſurum tibi
157 262 667 288 Contemnis hoſtem, ſiue conſerta manu
159 293 607 325 Contra feroces frangis aduerſarios?
149 325 615 358 Hic improborum victor: illic es tui.
419 384 713 414 Ad loanne Bruæſum
96 447 705 484 Quantum Meſſale potuit debere Tibullus,
193 480 755 515 Tantum ego me fateor, pluſque Bruæſe tibi.
160 512 720 545 Tu facis vt noſtræ placeant te vindice nugæ:
194 546 732 574 Tu facis. vt vatem ſe quoque Douza putet.
162 574 681 610 Pro quibus & gratæ luſus & ſeria mentis
162 608 663 637 Ante meos natum mitto poëma Lares.
164 635 862 674 Quidquid id eſt gratum, precor acceptumq; Bruæſe,
195 669 667 701 Dum maiora tibi concipiamus habe.
165 702 622 737 Nec te pœniteat noſtræ dare Thaliæ,
166 735 585 767 Hoc erit, ſeræ poſteritatis opus
166 763 745 799 Fallor an & magnum mirabitur illa Bruæſum
198 796 655 831 Ordinibus iungi non puduiſſe meis?
166 827 717 865 Exemploque tuo venientia ſæcla monebit,
200 861 670 896 Spernat inæquales ne quis amicitias?
310 924 730 959 Ad Engelbertum ruæſim, Iuniorem.
169 986 748 1026 Engelberte meis nunquam reticende libellis,
204 1021 683 1056 Et decus & gentis fama ſecunda tuæ,
172 1055 709 1086 Sic fraterna pari veſtigia calle prementem
203 1085 697 1119 Te vocet in Tyrios glora blanda ſinus:
171 1115 736 1152 Vt tu ſi qua tibi de me bene cura mereri eſt
202 1149 699 1177 Commendes fratri carmina noſtra tuo,
173 1177 802 1209 Tune mihi non vatum frater tantummodo, vates
204 1215 644 1254 Ipſe ſed eſt vetum conciliator eris,
787 1240 940 1269 Iuterea
1 1276 35 1302 Ai
