976 1432
20 1 217 21 u
424 90 692 116 IANIDOTÆ
196 97 235 123 7
197 145 721 178 Interea tibi vota meæ cape dona Thaliæ
198 179 686 212 An poterunt aures iila grauaretuas?
396 234 689 262 Ad odoui um Eoſotum.
197 297 611 328 Iuſtam iudice nonne te vel ipſo
192 330 623 360 Dignus, qui patiaris. es, repulſam?
194 360 596 392 Qui vagis modo neſcius repelli
191 391 629 421 Volebas ſcopulus videri in vndis,
190 423 582 453 Et quauis etiam moueris aura
190 454 667 484 Tantum non fragilis Boſ te arundd
190 485 599 517 Duro de ſcopulo repente factus.
191 517 584 546 Quid ni pollicitus tuæ fuiſſes,
190 548 629 581 Donec pondere ſub poll recuruus
189 579 577 612 Anhelaret Atlas, Apolliniſque
188 610 566 641 Intonſos agitaret aura crines,
187 643 593 668 Firma te fore caute firmiorem?
50 652 78 679 s
188 674 591 707 Iuſtam iudice nonne te vel ipſo
187 706 626 738 Dignus, qui patiaris, es, repulſam?
407 765 623 791 De Flacco, in Olum.
189 804 818 837 Quid multo pinguem rides abdomine Flaccum?
215 838 707 870 ngenium mvlto pinguius Ole tibr eſt.
403 895 645 916 I hominem tlicusm.
185 945 836 981 Graſſari obſequio quod ſcis, quodfingere vulrum;
215 980 620 1008 Quod Pallatinas dicere delicias
136 1009 750 1045 Alicus eſſe tibi, comiſque in amore videris:
215 1044 760 1077 Tu comis, quod amas; imo ego ſi redamo.
453 1102 603 1124 I Claudium.
178 1155 790 1191 Narce, vt ametis ama ſententia vatis Iberi etti
207 1189 715 1223 Hæc eadem, Claudi,ſemper in ore tibi.
831 1240 922 1283 Nee
