976 1432
369 93 709 115 EPIGAMMATA.
854 101 942 124 79
179 143 814 178 Nec tamen hunc quiuis, eſt. vt meratur amorem:
212 178 809 209 Therſi tem ſiquidem non bene Pallas amat.
400 240 646 270 De Ligurino & Vfente
181 295 747 325 Diſſimiles edunt fœtus Ligurinus & Vfens;
209 327 707 358 Prælaque verſiculis laſat vterque ſuis
178 358 606 382 Cultius his nihil eſt inſulſius illis.
212 389 747 422 Quæ ratio?hic emptos vulgat at ille ſuos
331 459 740 489 Ad Ianum Ma heneſium, ognatum.
176 507 814 543 am prior ad calcem venit libcr, atque ſecundus:
210 543 677 573 Forſan & in curſu tertius eſſe poteſt.
176 575 685 609 egiſti primum legiſt Iane ſecundum.
208 606 753 637 Dic mihi plus vtrum ftontis ha bere putas?
175 638 756 669 Ille vel hic meus eſt:ſed mauis lane priorem:
205 669 674 698 Malis lane licet, dum ſit & iſte meus.
335 727 656 750 Ad Ianum Hſantenum.
174 782 605 809 Ad Douza datur hic tibi libellus,
173 815 665 843 Douza, Hautene, tuo, malus libellus,
173 848 647 878 Nec mirum vtpote non boni Poetæ.
175 880 587 911 Quid refertideo tibi dat auctor,
174 911 614 942 Vt tu illum facias bonum legendo.
129 941 670 972 Tu tantum exige, qui malus Poeta eſst,
170 973 567 1006 Mn poſſit fieri bous legendo.
235 1038 808 1071 Deſe & eſigieſia à Philippo Gallo ad iuum in ara
432 1073 559 1103 epreſſa.
170 1125 865 1159 Qui Batauûm gentis Comites, qui ſcalpere Eraſmum
204 1159 695 1190 Auſus, & lgiem luni Hadriane tuam.
169 1190 702 1218 le idem docili Gallus me incidit inæte,
761 1242 930 1267 Felicem
1 1252 50 1278 es
