976 1432
276 55 578 82 ELEG.LIIB V.
739 68 792 91 39D
67 91 682 132 Nec tibi ptæripiat meritam me iudice palmam
54 131 635 162 Mantua:vix quanuis illa ſecunda tibi eſt.
20 163 591 194 IIla tuo purum deduxit flumineriuum:
116 194 581 225 Purior eſt lymphis & minor illa rtuis.
25 225 646 261 Sic pelagi ſalſis nec quæ ſine fluctibus, vndis
64 258 539 290 Exiguæ dulcis copia manat aquæ
82 289 713 320 Nec minus n væſtum pelagus diffunditur orbem,
63 320 708 353 Nec minus ingentem fluctibus ambit humum.
76 353 696 383 Proximus huic longo nec non & laudibus, æuo,
115 383 635 417 Quem gelidis ortum finibus Aſcra dedit,
73 416 654 450 Qumſua vicinæ puerum docuere Camœnæ
114 447 638 479 Carmina: Parnaſſus non procul inde fuit.
74 479 662 508 Sederat, vt fama eſt, deſtrtæ in vallibus Aſcræ,
112 510 568 542 In manibus pini virga ſedentis erat.
67 541 609 574 Pendebant aliquæ prona de rupe capellæ,
114 573 626 606 Paſcebant aliqui non procul inde boues.
80 605 665 638 In medio placidaſq; inrer paſimque vagantes
63 636 593 666 Per teneras frondes ipſe ſedebat oues.
72 668 629 702 Hos populos illi dederat fortuna regendos,
110 699 613 731 Non alias vſquam pauper habebat opes.
78 730 611 763 Terra pedum pulſuviſa eſt vicina moueri.
109 761 573 796 Reſpicit: a tergo tres videt eſſe Deas.
58 793 653 824 Bis totidem parui linquebant culmina collis
59 825 561 859 Exigui iuxta culmina collis erant
75 856 664 887 Vna tenens laurum lauroque euincta capillos,
58 887 594 919 Calliopen Craio nmine turba vocat,
74 917 676 950 Hæc tibi dant, inquit, quæ cernis præmia Muſæ,
56 950 624 979 Hæc tibi ſunt iſta ſceptra tenenda manu.
76 981 647 1012 Et tibi ne certent magnorum præmia regum,
57 1012 574 1047 Tutus ab inſidiis omnibus illa geres.
20 1040 597 1077 Tutus ab inſidiis viridi ſecurus in herba,
1 1074 586 1105 In viridi fuſus membra iacebis humo.
30 1106 663 1143 tque ſoles, tardos ſtimulis impelle iuuencos,
1 1136 611 1175 Vtque ſoles pecudes paſcere paſce tuas.
77 1170 642 1207 os quoq; pauperies paucis lætiſſima rebus,
499 1205 612 1235 Qqqa
728 1207 785 1233 Nos
