976 1432
286 65 594 89 ELEG. LIB. V.
753 66 804 91 5ti
97 106 688 140 Addidit herbarum proprios cum viribus vſus,
135 141 668 171 Et medicam docuit cætera doctus, opem.
103 172 770 202 Quid memorem pulchros terræ quos prodidit ignes,
138 202 651 237 Orraque quæ cœlo lapſaque ſig na canit?
95 233 684 270 Idæoſque Deos, & quæ dum format Achillem
137 265 591 301 Aurea Chironis verba fuiſſe putant.
104 297 655 333 Iupiter inſano ſuſpendit in æquore molem:
135 329 614 365 quoreis tellus vndique cedit aquis.
94 358 802 396 Hanc quoque deſcripit, faciemq; habitumque locor
135 392 618 423 Prodidit, & iuſtum continuauit opus.
105 424 727 460 Quid memorem Priſcas Heroidas, extaq; vatum?
137 457 610 490 Addidit & magnos vltima cura Deos.
105 484 720 522 Hic Chaos antiquum primique exordia mundi,
137 517 632 555 Cunctaque paulatim nata fuiſſe vides.
108 548 741 587 Cum mare, cum tellus, cum ſidera mixta iacerent,
138 579 597 611 Cum facies mundi nulla vel vna fuit
99 609 655 649 Cætera gens horum veſtigia pone ſecuta eſt
140 642 641 682 Quæ docet. ex illis fontibus vnda venit.
108 674 637 707 Dilcite Pierides titulos condicere veſtros,
140 707 601 738 Cur aliis veſter cedere pergit honor?
107 734 726 777 Tu quoque. Rutgerſi, cum detrahat omnia liuor,
135 768 599 802 Vatibus intactum crede fuiſſe nihil.
235 824 654 854 A Dauidem Lindanum. Eleg.IV.
103 865 678 902 Non ſic ingratum Corydon cantabat Alexin.
144 900 640 930 Perditus, & duro vulnere tactus amans,
107 925 746 969 Qui pulchram docuit reſonare Amaryllida syluas,
134 961 567 992 Vt tua vita tuo carmine dicta fuit.
113 997 727 1031 Atque ita ſim fælix, nec me mea vota morentui,
146 1026 642 1059 Et videam patriæ tecta ſolumque meæ,
113 1056 655 1087 Vt mihi dulce foret tecum Lindane agari,
147 1088 639 1125 Et pariter tecum paſcere poſſe pecus.
109 1119 768 1151 Hoc decuit Phœbum: Phœbus cum matribus agnos
150 1152 582 1184 Pauit, & errantes in ſua tecta tulit.
113 1185 753 1222 Pauit & ante pecus cum Cypride puleher Adonis,
579 1219 820 1253 q2Ee
