976 1432
310 68 605 90 EEG. B.V.
61 102 747 151 5cabit in lachrymas, ſic mœſto pectore Daphnis
137 138 638 176 Carpitur, & ruſtra nomen in ore gerit.
47 170 626 215 Naida clamabat: reddebant Naida ſyluæ,
138 201 631 233 Nec tamen inſtanti ſæua ferebat opem.
6 232 682 277 Nocte alius lentos Amaryllidis ardetamores,
138 265 605 303 Tityrus interea carmine paſcet oues.
16 297 618 343 Tityre coge pecus, ſed ne feriare caueto.
138 326 635 367 Aſpicis hic caprum: cornibus ille ferit.
56 357 784 403 Cur Amarylli tuum nunc denique linquis amantem,
80 389 618 428 Nec leuiter nobis conſpicienda venis?
55 421 688 464 Vtque ſoles, ſummo proſpectas leniter antro,
141 452 644 492 Deliciaſque tuas me, velut ante. vocas?
48 480 702 520 Nunc male barbatustibi ſum, ſimuſque videri:
142 514 637 557 Nympha tuo cogor perditus igne mori.
55 543 749 593 Aſpicis hos luctus? vtinam nunc denique fiam
141 578 630 619 Inſtar apis, circum quæ tua tecta volat.
55 604 756 658 Poſſem hederas inter filicemque impune vagati,
143 639 703 690 Qui tibi circundat, Nympna ſuperba, caput.
2 658 56 686 u
55 668 756 719 Nunc icio quid ſt amor: grauis eſt Deus. ille leæna
13 708 643 748 Hæſit in vberibus, ſluaque mater erat.
56 729 722 781 Qui mihi nunc totis ferus ah ferus oſſibus ardet.
146 770 517 808 Incipe paſtori baſia ferre tuo,
57 799 650 837 Onimium formoſa. ſed & ſic ſaxea totaes.
146 828 610 871 Nigra ſuperciliis luminibuſque veni.
44 859 702 905 IHrita ſint quamuis, gratum ſunt baſia munus.
147 890 617 935 Quam metuo pereatne tua ſerta tibi,
56 923 688 973 Carpta meis digitis, apio quam fecimus ante,
146 951 713 996 Cumque apio partem iixte corymbe tenes.
3 982 711 1048 Quid mihi mnc fiet miſeroi tu ſurda moraris:
147 1021 668 1054 Li ttus habe veſtem: ſumite corpus aquæ,
115 1047 731 1087 Hic vbi nunc thynnos aliquis piſcatur in alto.
146 1081 595 1119 Et ſi non peream sat tibi caſus erit.
25 1109 799 1155 Senſimus hoc nuper:nam cum miſer vſque rogarem,
149 1144 655 1181 Num tibi cura mei vel ſuper vlla foret,
1 1148 63 1175 l
115 1175 675 1216 Hæſit, & in noſtrus paulatim emarcuit vlnis
747 1207 832 1236 Quam.
556 1217 622 1236 4
1 1237 62 1272 l
