976 1432
864 16 973 45 V
275 72 583 96 ELEG.LIB.v.
745 77 799 100 5985
13 104 505 145 Virginitas illis ſalua futura eſt
23 141 670 183 Accedat Bromius, quamuis veſanus & excors,
56 178 609 201 Amittet rabiem, cum volet ille iam.
55 208 575 240 Cornua de ponet vibtata ſaucius vnda,
113 240 592 272 Nec cuiquam ſoliti cauſa furoris erit.
27 272 624 311 Iupiter huc veniat, nullo mutabitur auro,
120 304 608 337 Iupiter huc veniat, non abiturus olor.
35 329 704 372 Spicula quæ cernis, ſine vi ſine vulnere manant,
123 366 623 399 Et prohibet ſolan miſſa ſagitta ſitim.
22 398 660 452 Non hic in patrias Cynareida mitteret vlnas,
123 429 639 462 Nec læti Hippolyto ausa pudenda foret.
52 456 613 497 Byblida nec fratris vetito torreret amore,
128 493 666 528 nque ſuæ ſimilem verteret author aquam,
34 523 699 552 Caſtius hac nihil eſt: tota eſt ſine ſordibus vllis,
127 556 566 591 Frigidior glacie frigidiorque niue.
52 585 683 628 Vllaque ne ducant tremulæ contagia lymphæ,
119 619 570 655 HIoſpitibus raro ianua clauſa patet.
34 646 626 694 Ipſa Venus veniat natis comitata duobus,
126 681 584 718 Ipſa Venus clauſas ſentiet eſſe fores.
33 711 692 757 Semita ſola paret dubios quæ ludit eundo,
126 745 580 775 Et vario cœcum tramite ſignat iter.
31 773 707 821 Erret in hac T heſeus, Theſeus ſine fine redibit,
127 808 622 841 Et referet ſemper qua tulit ante pedem
32 836 635 883 Illic perpetuæ texuntur frondibus vmbræ,
130 871 597 906 Perpetuas vmbras dat locus ipſe ſibi.
37 900 658 946 Dumque alios ludit pariter ſe vindicat æſtu,
131 934 606 969 Vt procul à puro gurgite Phœbus eat,
56 964 642 1008 Et ne virgineæ patiantur crimi na lymphæ,
133 997 591 1028 Et ne vel radiis læaſa tepeſcat humus.
5 1028 684 1073 Interiora tenet gelidus neque deſicit, humor,
133 1061 621 1093 Et procul ex imis fontibus vnda venit.
3 1088 707 1126 Stat ſuper armatus ſolis quis crederet? vndis,
133 1126 542 1157 Et folas vndas eiaculatur Amor.
64 1156 652 1188 Sentiat hunc, nullos.ſi quis deſiderat ignes,
129 1189 658 1224 Frigoraque ardoris poſcatamica Deum.
493 1224 608 1258 Q
714 1221 813 1247 Sentiat
