<PcGts xmlns="http://schema.primaresearch.org/PAGE/gts/pagecontent/2017-07-15" xmlns:xsi="http://www.w3.org/2001/XMLSchema-instance" xsi:schemaLocation="http://schema.primaresearch.org/PAGE/gts/pagecontent/2017-07-15 http://schema.primaresearch.org/PAGE/gts/pagecontent/2017-07-15/pagecontent.xsd"><Metadata><Creator>User123</Creator><Created>2020-04-19T08:48:25</Created><LastChange>2020-04-19T08:48:25</LastChange></Metadata><Page imageFilename="0110.png" imageHeight="1432" imageWidth="976"><TextRegion id="r0" type="paragraph"><Coords points="1,1 974,1 974,1430 1,1430"/><TextLine id="r0_l001"><Coords points="973,16 973,1 877,1 877,14 886,14 891,17 959,17"/><TextEquiv index="1"><Unicode></Unicode></TextEquiv></TextLine><TextLine id="r0_l002"><Coords points="22,9 22,31 88,31 88,9"/><TextEquiv index="1"><Unicode></Unicode></TextEquiv></TextLine><TextLine id="r0_l003"><Coords points="973,17 863,17 863,43 872,43 878,38 928,37 962,37 969,43 973,43"/><TextEquiv index="1"><Unicode></Unicode></TextEquiv></TextLine><TextLine id="r0_l004"><Coords points="909,38 909,61 956,61 956,38"/><TextEquiv index="1"><Unicode></Unicode></TextEquiv></TextLine><TextLine id="r0_l005"><Coords points="1,48 1,62 54,62 54,48"/><TextEquiv index="1"><Unicode></Unicode></TextEquiv></TextLine><TextLine id="r0_l006"><Coords points="912,62 912,138 972,138 972,62"/><TextEquiv index="1"><Unicode></Unicode></TextEquiv></TextLine><TextLine id="r0_l007"><Coords points="272,82 272,118 572,118 572,82"/><TextEquiv index="1"><Unicode>ELEG. LIB. V.</Unicode></TextEquiv></TextLine><TextLine id="r0_l008"><Coords points="755,83 755,107 808,107 808,83"/><TextEquiv index="1"><Unicode>987</Unicode></TextEquiv></TextLine><TextLine id="r0_l009"><Coords points="69,124 69,157 600,157 600,124"/><TextEquiv index="1"><Unicode>Etlenocinium mens ſibi noſtra fa cit,</Unicode></TextEquiv></TextLine><TextLine id="r0_l010"><Coords points="661,152 652,152 648,155 640,157 431,156 221,159 93,158 88,160 84,164 72,163 63,151 41,151 37,153 34,157 34,187 36,190 72,190 75,188 188,190 233,188 514,186 574,187 580,190 661,190"/><TextEquiv index="1"><Unicode>Cunctaque credibili fingit maiora videtque,</Unicode></TextEquiv></TextLine><TextLine id="r0_l011"><Coords points="924,155 924,212 974,212 974,155"/><TextEquiv index="1"><Unicode></Unicode></TextEquiv></TextLine><TextLine id="r0_l012"><Coords points="536,218 536,188 514,187 332,188 233,189 188,191 75,189 70,192 70,216 76,219 414,219"/><TextEquiv index="1"><Unicode>Et fauet infelix ignibus ipſa ſuis.</Unicode></TextEquiv></TextLine><TextLine id="r0_l013"><Coords points="703,218 415,219 352,221 238,221 159,223 97,222 80,221 72,218 36,218 33,223 33,249 36,254 71,254 75,252 114,251 165,253 279,253 386,250 587,250 595,254 703,254"/><TextEquiv index="1"><Unicode>Cætera celantur quæuiſque in imagine formæ,</Unicode></TextEquiv></TextLine><TextLine id="r0_l014"><Coords points="914,232 914,267 960,267 960,232"/><TextEquiv index="1"><Unicode></Unicode></TextEquiv></TextLine><TextLine id="r0_l015"><Coords points="253,285 282,283 546,281 546,251 386,251 279,254 165,254 114,252 75,253 70,255 70,281 72,282 80,284 162,286"/><TextEquiv index="1"><Unicode>Et labes animo diſſimulata perit</Unicode></TextEquiv></TextLine><TextLine id="r0_l016"><Coords points="81,316 235,317 416,313 589,313 596,317 676,316 676,282 438,282 162,287 80,285 71,282 36,282 34,286 34,306 34,314 36,318 40,321 74,321"/><TextEquiv index="1"><Unicode>Maſcula ſi viſa eſt. viſa eſt ſuperare Mineruam:</Unicode></TextEquiv></TextLine><TextLine id="r0_l017"><Coords points="914,281 914,335 962,335 962,281"/><TextEquiv index="1"><Unicode></Unicode></TextEquiv></TextLine><TextLine id="r0_l018"><Coords points="357,346 549,344 549,315 359,315 235,318 126,317 126,348 329,348"/><TextEquiv index="1"><Unicode>Pæta ſub Idæo iudice Cypris erat.</Unicode></TextEquiv></TextLine><TextLine id="r0_l019"><Coords points="575,374 575,345 357,347 329,349 270,348 216,350 99,349 83,348 77,345 69,345 69,374 116,375 118,377 418,377"/><TextEquiv index="1"><Unicode>Si veniat triſtis, ſi pallida: talis ab illo</Unicode></TextEquiv></TextLine><TextLine id="r0_l020"><Coords points="915,355 915,410 963,410 963,355"/><TextEquiv index="1"><Unicode></Unicode></TextEquiv></TextLine><TextLine id="r0_l021"><Coords points="34,376 34,392 97,392 97,376"/><TextEquiv index="1"><Unicode></Unicode></TextEquiv></TextLine><TextLine id="r0_l022"><Coords points="466,407 590,406 590,376 419,377 257,381 129,381 129,411 301,411"/><TextEquiv index="1"><Unicode>Quo fuerat ſuno tempore victa, fuit.</Unicode></TextEquiv></TextLine><TextLine id="r0_l023"><Coords points="305,442 401,442 544,438 672,438 679,442 683,442 683,406 596,406 561,408 466,408 360,411 188,413 182,417 130,417 95,413 84,409 80,412 77,417 47,417 42,420 42,445 80,445 83,443 199,445"/><TextEquiv index="1"><Unicode>Sæpe agilem noſtro legiſti incarmine Roſſam,</Unicode></TextEquiv></TextLine><TextLine id="r0_l024"><Coords points="382,474 450,471 562,471 634,469 634,439 544,439 401,443 305,443 199,446 130,445 130,475 302,475"/><TextEquiv index="1"><Unicode>Parua tamen multis viſa breuiſque fuit.</Unicode></TextEquiv></TextLine><TextLine id="r0_l025"><Coords points="85,508 263,508 359,506 386,504 475,504 508,502 573,502 627,500 678,501 678,472 450,472 382,475 303,475 263,477 119,477 77,475 74,481 49,481 45,483 45,510 82,510"/><TextEquiv index="1"><Unicode>Sic perii, cauſaſque mihi cur ſemper amarem,</Unicode></TextEquiv></TextLine><TextLine id="r0_l026"><Coords points="440,535 518,535 561,533 651,533 651,503 508,503 475,505 386,505 359,507 263,509 130,509 130,537 402,537"/><TextEquiv index="1"><Unicode>Nec bene quæ poſſem vincula ferre. dedi,</Unicode></TextEquiv></TextLine><TextLine id="r0_l027"><Coords points="81,570 86,568 192,571 277,571 360,568 476,567 554,564 628,564 628,534 440,536 402,538 329,538 219,541 146,540 141,538 89,538 79,533 46,535 42,537 38,543 38,566 40,570 46,574 77,574"/><TextEquiv index="1"><Unicode>Abſoluique ſaces &amp; sæua Cupidinis arma,</Unicode></TextEquiv></TextLine><TextLine id="r0_l028"><Coords points="482,597 613,595 613,565 554,565 424,569 360,569 277,572 192,572 130,570 130,599 441,599"/><TextEquiv index="1"><Unicode>Et feci innocuas Cypridis eſſe manus.</Unicode></TextEquiv></TextLine><TextLine id="r0_l029"><Coords points="81,635 86,633 298,634 546,628 657,628 665,630 705,630 705,595 635,595 594,597 442,599 418,601 295,602 235,604 101,603 84,601 76,597 70,603 3,603 3,639 77,639"/><TextEquiv index="1"><Unicode>iSiue erat incomptis, nec adhuc ornata, capillis,</Unicode></TextEquiv></TextLine><TextLine id="r0_l030"><Coords points="424,662 504,662 610,659 677,660 677,632 657,629 546,629 298,635 129,634 129,664 385,664"/><TextEquiv index="1"><Unicode>Viſa eſt ſimplicitas carmine digna cani,</Unicode></TextEquiv></TextLine><TextLine id="r0_l031"><Coords points="87,698 224,698 510,692 613,692 618,695 641,695 641,660 504,663 424,663 349,666 265,667 118,667 90,665 77,659 50,659 46,661 44,663 44,698 50,702 80,702"/><TextEquiv index="1"><Unicode>Siue aliud deerat, ne poſſet compta videri,</Unicode></TextEquiv></TextLine><TextLine id="r0_l032"><Coords points="306,727 384,724 572,723 572,694 458,694 224,699 133,699 133,728 224,728"/><TextEquiv index="1"><Unicode>ngenio cœpit comptior eſſe meo.</Unicode></TextEquiv></TextLine><TextLine id="r0_l033"><Coords points="63,766 78,765 86,759 122,759 129,764 151,764 161,761 376,756 454,756 519,754 586,754 593,758 715,756 715,721 613,721 608,723 544,725 384,725 306,728 225,728 201,730 113,729 87,726 78,721 72,725 69,734 52,735 44,738 4,738 4,769 58,769"/><TextEquiv index="1"><Unicode>Sic ego ſe meſſes perii totidemque decembreos,</Unicode></TextEquiv></TextLine><TextLine id="r0_l034"><Coords points="544,756 273,759 200,762 161,762 151,765 132,765 132,786 544,786"/><TextEquiv index="1"><Unicode>Et.cineri vires auxiliumque tuli.</Unicode></TextEquiv></TextLine><TextLine id="r0_l035"><Coords points="83,823 214,823 260,821 378,820 448,818 466,817 473,815 647,815 652,814 652,789 328,789 156,794 111,793 87,791 83,789 49,789 49,826 77,826"/><TextEquiv index="1"><Unicode>Nunc mihi crudeles alio vertuntur amores,</Unicode></TextEquiv></TextLine><TextLine id="r0_l036"><Coords points="396,850 471,850 505,848 569,848 612,846 671,846 671,817 467,817 448,819 378,821 260,822 214,824 130,824 130,852 338,852"/><TextEquiv index="1"><Unicode>Materiemque meam terra IValachra tenet.</Unicode></TextEquiv></TextLine><TextLine id="r0_l037"><Coords points="86,884 181,886 274,883 476,881 575,878 665,878 672,882 681,882 681,847 612,847 569,849 505,849 471,851 273,853 190,856 88,854 78,851 74,847 57,847 53,849 50,853 51,872 63,889 78,889"/><TextEquiv index="1"><Unicode>Vix equidem vultus formoſaque lumina vidi,</Unicode></TextEquiv></TextLine><TextLine id="r0_l038"><Coords points="1,870 1,903 54,903 54,870"/><TextEquiv index="1"><Unicode></Unicode></TextEquiv></TextLine><TextLine id="r0_l039"><Coords points="624,908 624,881 477,881 353,884 274,884 181,887 131,886 131,911 485,911"/><TextEquiv index="1"><Unicode>Protenus incalui, protenus ictus eram.</Unicode></TextEquiv></TextLine><TextLine id="r0_l040"><Coords points="83,948 106,947 268,947 298,945 401,943 501,943 559,940 686,940 686,909 584,909 546,911 371,913 332,915 255,915 156,918 90,916 81,913 77,909 48,909 44,911 40,917 40,946 42,950 46,953 76,953"/><TextEquiv index="1"><Unicode>Hauſerunt gemitus Domburgi littora noſtros,</Unicode></TextEquiv></TextLine><TextLine id="r0_l041"><Coords points="509,972 643,971 643,941 559,941 501,944 401,944 298,946 268,948 106,948 83,949 75,955 75,970 81,976 87,978 266,978"/><TextEquiv index="1"><Unicode>Et Nymphæ lachrymas vix tenuere ſuas.</Unicode></TextEquiv></TextLine><TextLine id="r0_l042"><Coords points="85,1012 91,1011 186,1011 221,1009 281,1009 331,1007 429,1007 516,1004 626,1004 631,1007 716,1007 716,970 685,970 676,972 403,975 367,977 267,978 185,981 103,980 83,978 75,971 56,971 52,973 49,977 50,1013 56,1017 78,1017"/><TextEquiv index="1"><Unicode>Hæc quoque nonnullis meruit taciturna videri,</Unicode></TextEquiv></TextLine><TextLine id="r0_l043"><Coords points="921,954 921,1031 969,1031 969,954"/><TextEquiv index="1"><Unicode></Unicode></TextEquiv></TextLine><TextLine id="r0_l044"><Coords points="1,1000 1,1031 47,1031 47,1000"/><TextEquiv index="1"><Unicode></Unicode></TextEquiv></TextLine><TextLine id="r0_l045"><Coords points="587,1005 516,1005 429,1008 331,1008 281,1010 221,1010 186,1012 134,1012 134,1035 587,1035"/><TextEquiv index="1"><Unicode>Et nimium raro, nec niſi iuſſa loqui</Unicode></TextEquiv></TextLine><TextLine id="r0_l046"><Coords points="79,1074 90,1073 240,1073 316,1070 404,1070 508,1067 619,1067 626,1071 733,1071 733,1034 624,1034 578,1037 239,1041 204,1043 90,1043 86,1045 83,1049 46,1050 42,1052 41,1079 46,1082 71,1082"/><TextEquiv index="1"><Unicode>Me decus ingenuum, teneræque modeſtia forma,</Unicode></TextEquiv></TextLine><TextLine id="r0_l047"><Coords points="489,1099 579,1099 579,1070 405,1070 316,1071 240,1074 80,1075 80,1102 84,1103 263,1103"/><TextEquiv index="1"><Unicode>Me pudor in caſta virginitate iuuat,</Unicode></TextEquiv></TextLine><TextLine id="r0_l048"><Coords points="708,1099 489,1100 431,1102 264,1103 172,1106 84,1104 69,1099 65,1102 63,1106 63,1111 53,1114 50,1118 50,1123 58,1132 79,1132 84,1133 86,1135 262,1135 332,1134 363,1132 465,1131 636,1131 641,1134 654,1135 708,1135"/><TextEquiv index="1"><Unicode>Nominaque inuenio flammis aptiſſima noſtris,</Unicode></TextEquiv></TextLine><TextLine id="r0_l049"><Coords points="73,1154 73,1133 58,1133 49,1123 1,1123 1,1155 47,1155"/><TextEquiv index="1"><Unicode></Unicode></TextEquiv></TextLine><TextLine id="r0_l050"><Coords points="615,1132 363,1133 332,1135 263,1135 181,1138 128,1137 128,1164 615,1164"/><TextEquiv index="1"><Unicode>Vt meus infuſa Vallade creſcat amor,</Unicode></TextEquiv></TextLine><TextLine id="r0_l051"><Coords points="78,1201 104,1201 110,1205 125,1205 133,1200 173,1199 217,1200 316,1197 565,1195 686,1196 686,1159 652,1159 646,1163 637,1165 554,1164 384,1165 143,1169 92,1166 85,1163 81,1159 72,1157 29,1158 26,1162 27,1186 33,1188 41,1194 52,1196 60,1205 71,1206"/><TextEquiv index="1"><Unicode>Creſcit, &amp; inentes animo concepimus ignes,</Unicode></TextEquiv></TextLine><TextLine id="r0_l052"><Coords points="4,1194 4,1223 48,1223 48,1194"/><TextEquiv index="1"><Unicode></Unicode></TextEquiv></TextLine><TextLine id="r0_l053"><Coords points="693,1197 565,1196 133,1201 133,1229 693,1229"/><TextEquiv index="1"><Unicode>Creſcit, &amp; ardorem nunc quoque lætus alo.</Unicode></TextEquiv></TextLine><TextLine id="r0_l054"><Coords points="71,1214 60,1214 53,1220 47,1222 22,1222 19,1223 13,1229 13,1238 16,1242 20,1244 72,1246"/><TextEquiv index="1"><Unicode></Unicode></TextEquiv></TextLine><TextLine id="r0_l055"><Coords points="768,1228 768,1252 813,1252 813,1228"/><TextEquiv index="1"><Unicode>Sla</Unicode></TextEquiv></TextLine><TextLine id="r0_l056"><Coords points="1,1252 1,1288 72,1288 72,1252"/><TextEquiv index="1"><Unicode></Unicode></TextEquiv></TextLine><TextLine id="r0_l057"><Coords points="64,1360 64,1392 168,1392 168,1360"/><TextEquiv index="1"><Unicode></Unicode></TextEquiv></TextLine></TextRegion></Page></PcGts>