976 1432
266 71 570 96 EIEEG. LIB. V
744 70 800 94 98o
49 113 593 152 Nullaque laus ſalua virginitate foret.
41 143 624 192 Quæritur infelix toties cur perdita Sappho
64 178 516 218 Occiderit. vates ingenioſa ſuit.
65 206 592 245 Non illam grauidi lana tenuere quaſilli,
114 245 564 274 Nec varie docta pingere orat acu,
74 268 718 308 Nec bene creſcentem remulo percurrere tædam
118 303 661 342 Pectine: quod faceret nil niſi carmen erat.
79 335 630 370 Dicitur arſurum prius exarſiſſ Phaonem,
120 366 569 407 Et puero flammas præripuiſſe ſuas.
86 401 563 440 Ah quoties illi lentos obiecit amores,
120 430 575 471 Ah quoties dixit ſaucia, ſerus adesl
89 463 618 504 Ah quoties teſtata ſuas eſt carmine curas,
122 492 659 528 Et Veneris blandum carminepinxit opus
89 526 680 564 Nec tantum dubi os ſemper ſectamur amores,
125 555 643 597 Sed legem thalami pectora noſtra ferunt.
92 584 697 624 Cum tacitas ſedes inamœ naque regna ſubiuit,
125 621 632 661 Et Stygios Orpheus conſtitit ante Deos,
94 650 598 688 Credidit Ixion, & qui fugientibus vndis
127 683 660 722 In medio ſemper fumine quærit aquam.
92 716 561 752 Et notæ Danai diuerſo crimine natæ,
127 744 574 788 Legitima vates ſemper amare fide.
96 772 671 814 Solus amor noſter tenebras perrupitAuerni,
128 799 729 850 Quaſque domos homini mors dare ſola poteſt.
95 835 666 878 HIus tamen incertis animus iactatur in vndis,
128 867 749 906 Mens vbi cum ſperat. ſic quoque mœſta timet.
96 899 650 940 Accedunt veteres blandiſſima turba Poëtæ,
130 931 608 975 Præ cipue cutus pulchra Corinna fuit.
99 962 679 1008 Qui docuit cunctos, qnod non neſcire oëtas
132 993 660 1038 Tu quoque perlecto carmin, certus eris,
98 1018 736 1071 Et qui Callimachum patrios deduxit ad Vmbros,,
133 1059 601 1097 Et cui perpetuo poſcitur igne focus.
102 1091 637 1130 Teius in ſyluam lepidos deducit Amores,
132 1122 638 1158 Et tenerum myrto ſedulus agmen agit,
99 1152 713 1194 Blandus in extincto ſuſpirat adonide Moſchus,,
3 1186 613 1258 ebiliuſque ipſa pridefat eemit.
703 1218 811 1241 Ferreuss
