976 1432
285 56 582 82 ELEG. LIB. v.
744 60 828 89 99r
68 98 719 132 Sic qui nunc trepidant per humum decurrere riui,
62 131 612 165 Et nunquam faciles impedintur aquæ,
9 163 684 196 Et puro tremulæ claudantur marmore lymphæ,
59 194 682 232 Qas non pura ſatis ſolaque claudit humus.
57 225 615 257 Sic ſemper ſitiant formoſas Naides vndas,
54 257 590 296 Et caſtæ Dryades quas tua ſylua tegit.
7 289 572 329 Sic veniat Diana tibi poſcatque lauari,
52 321 522 352 Sic ſoli veniat conſpicienda tibi,
10 353 653 391 Sic longefugiat Satyrorum impura iuuentus,
54 384 549 419 Virginibus ſolis vt tuus humor at
17 415 589 457 Accipe defeſſum nimiisſoliſque viæque
55 447 587 481 ſtibus, & ſiccam frigore pelle ſitim.
13 478 687 524 Namque ego nec Chii malim ſuauiſſima Bacch
55 511 606 543 Munera nec malim pura Falerna ſequi.
54 542 639 578 Felix, cui ſatis eſt qnantum natura propinat
54 574 642 608 Omnibus. & cuiuis iuſa miniſtrat hiumus.
54 603 719 644 Quem non immodicæ poſſunt corrumpere menſæ,
2 639 599 671 INon molles epulæ, non operoſa Ceres,
54 669 670 706 Poculaque occultas lethi ducentia cauſas,
54 702 514 735 Et nocitura ſibi prodigioſa ſtis:
18 730 689 773 Sed gaudet manibus ſalientem ſiſtere lympham,
53 763 627 801 Et puram digitis quattuor haurit aquam.
53 794 625 839 Sic ego crediderim priſcos vixiſſe parentes,
56 825 644 863 Quos vitæ innocuum ſponte trahebat iter.
52 856 617 893 Te ſupra virides circundant vndique rami,
102 888 639 925 Datque tui ſaturo molliter herba thorum,
55 917 640 959 Queis variæ veſtes, omnis cui purpura cedat,
1 949 565 990 eEt quæ bis Tyrio murice lana madet.
2 982 596 1021 Oego ſic poſſim tranquille ducere vitam,
54 1011 564 1054 Ignotus populo, cognitus ipſe mihil
54 1040 636 1083 Sie mihi paulatim veniat non pigra ſenectus,
55 1075 601 1113 Tardaque mors, felix terminus ipſa ſui.
56 1107 662 1147 Non ego magnorum ſecter conuiuia regum,
56 1140 558 1176 Sat vitæ comites vnus & alter erunt.
1 1170 616 1216 Qualis perpetuum victutus carmine noſtrs
687 1209 786 1237 Ven-
