976 1432
291 65 597 89 MONOBIBLOS.
764 71 866 102 S
60 106 662 138 Atqus animam toto conſcius ore bibam.
44 131 715 168 Sic noua ducentes lepidæ medicamina flammæ
139 171 639 201 Aſſidus placido lumine cernat Amor.
66 201 674 238 Atque aliquis trepido ducens ſuſpiria vultu
139 233 599 263 Propoſitum ſiſtat ſponte viator iter
41 258 676 302 Dum pariter iunctis in amoribus expirantes
134 297 594 328 Heſperus auratis occupet è foribus.
389 356 509 384 Elg. I.
54 387 671 427 Qualiter ignotis iam primum ſaucia myrtus
137 426 620 456 Solibus vmbroſo Cypridis in nemore,
47 457 732 494 Quam circum Veneres placitas duxere choreas,
137 490 626 520 t ſua ſuſpendit ſpicula multus Amor,
58 522 685 552 Iem viduata ſuis deſerto i gramine lymphis
138 552 596 583 Arida collapſis frondibus occubuit.
45 583 807 619 Aut roſa, quæ ſtrophiumque inter teneraſque papillas,
137 615 607 647 Virtgineis clauſa languet in vberibus,
41 638 718 678 Cui Lephyrus pater ipſe ſuas non ampſius auras
135 678 616 704 Sufficit, & vires mater ademit humus:
38 707 643 740 Haud ſecus ignoto mens externata furore
135 740 636 771 Roſſa tuis poſtquam vultibus incaluit,
40 770 619 805 Aret, & efœto collapſæ in corpore vires
135 804 661 835 Deficiuntque animæ mollia vincla meæ,
40 834 717 871 Deuiaque ignotis mens vuineribus langueſcens
135 867 614 898 Ardet in amplexus poſſe venire tuos.
39 891 725 928 Haud ſecus immitis thyaſo quem poſſidet Euan,
137 929 681 960 Smper ab heſternis languidulum choreis,
36 952 616 1000 Errat, & ignaui percuſſus lore Lyæi,
135 992 623 1021 Omnia non certis peruolitat pedibus.
35 1023 654 1057 Auia dum lento calcantem gramina pa ſſi
134 1054 626 1084 Pallida nox denſis implicuit tenebris.
57 1084 651 1114 Aſt olli roſeæ languent ſub fronte corollæ,
135 1116 610 1150 Sertaque collapſis arida temporibus.
35 1148 650 1186 Donec ſidereum deducens Lucifer agmem
130 1180 671 1213 ln tepida laꝑſum mane prehendit humo,
482 1215 566 1241 Rrr 2
713 1220 806 1247 uu
