976 1432
326 64 639 87 MONOBIBLOS.
781 67 828 90 997
16 104 665 133 Deciderunt arcus,. deciderunt pharetræ,
74 137 674 179 Elapſæ furtim. veluti cum noctis in vmbra
156 168 655 197 Stella Ieuis leuiter decidit in pelagum,
60 198 673 235 In pelagum delapſa vel vt delapſa puretur,
153 229 670 263 Fulget, & immenſum lumine ſignat iter.
119 262 719 293 Ardebant paſſim latebræ, totumque venenum
153 292 639 322 Hauſerat occult fos gelidus latice.
71 322 710 365 At Nymphæ Nymphæ ſua rurſus tecta reuiſunt
151 354 685 382 Mane nouo, cum ſe Memnonis Nthiopis
70 382 654 420 Pegaſeis ſuper arua parens ſuſtolleret alis,
151 418 562 445 Et roſeis lora flecteret articulis:
67 445 674 489 Omnes innocuo deuinct æ membra ſopore;
150 480 583 516 Qualis collapſis Parthenice foliis
67 508 739 552 Demiſit collum grauis imbribus, aut vbi multum
92 543 561 571 E matutinis roribus immaduit.
920 557 968 582 I
66 569 725 609 Dum mollem reducestraxere per oſſa furorem,
151 603 640 640 Non iam virgineis ſaucia vulneribus.
67 629 769 679 Ergo omnes fontes nemora omnia circumcurſant,
152 667 586 704 Et nuper gratas eftugiunt latebras
57 695 715 741 Palantes: patrio quam velient poſſe ſub antro
151 728 617 765 Furtiuo puerum auertere connubio,
69 761 675 803 CQuem ſimplex à matre ſua deduceret error,
153 789 645 828 Ad gelidos fontes, & nemorum ſpatia.
68 821 760 869 Ah miſera, ah demens. quam nec ſolitis pertentat
152 855 617 887 Fluctbus aſſiduè pectora ſerus amor.
18 884 668 925 Quantos illa ſuo conſumit corde dolores
153 904 738 953 Quam velit hoc matrem poſſe latere ſuaiml
66 945 671 981 Ah teneræmatres, ſi cui puer integer annis
151 977 672 1013 Creſcit adhuc veſtro neſcius in thalamo
1 1008 672 1063 Crudelis flammæ. paruuſque ſororia libans
153 1042 621 1072 Oſcula, materno nil timet in gremio
67 1072 740 1110 Nympharum cupidos defendit e ſemper amores,
153 1103 640 1139 Neue aliquis veſtris prodeat è foribus.
62 1136 636 1166 Aut ſi cui male forte ſitis tentauerit ora,
153 1169 566 1202 Sunt alij fontes, ſunt alij latices.
774 1197 829 1219 Hæc
536 1203 620 1224 Rrr 3
