976 1432
301 117 611 150 EPIGRAMMATA.
912 149 958 180 E
129 159 650 186 Eſ nouum Euclidem cenſet Otacilium.
99 185 805 220 An necdum hoc tibi Leida ſatis? quid? an inſuper illud
129 224 605 257 Epectas, vatem dicat vt Artocream?
219 267 683 300 Ad Philppum forum, Mathematicum.
39 302 704 348 Et tua Galla mihi, placet & tua More Cytheris:
127 340 650 370 Poſſum etiam Stellæ potus amore ſalem.
39 364 663 411 Inunc, & dubita, Douza an te diligit ipſum,
133 404 709 438 Quem videas Veneres iam quoq; amare tuas.
193 457 703 490 In moleſtos Ebriſorum occurſs, Paullo Meliſſo.
99 497 657 535 Effugere, Paule, tempore hoc Pholos non eſt,
98 530 656 561 In ſtant, morantur, it via obuiam obſiſtunt.
97 561 595 599 Fugites, ſequuntur, e fugaq; reprenſum
99 591 726 626 Retrahunt. retractumq; omnibus modis ſeruant
100 623 626 663 Togamq; ſcindunt, tuta nec ſago palla eſt.
97 656 657 688 Ducunt olentem ſin ſtruas pedem, obtorto
98 689 619 724 Collo, capillis auribus trahunt raptant:
78 719 647 750 Non ante fauces, aut laciniam omſſuri,
97 751 663 786 Madide madentem quam depoſuerint vino,
71 786 583 821 Et in ſoporem collocauerint plenum,
99 816 606 853 Non ſiphylis, non peſtilentia aut tabes,
99 847 693 885 Non lepra, non quartana deniq aut letho
99 880 621 917 Quamuis propinqua proderit valetudo.
97 915 563 945 Et ſideratum fagitant & amentem,
100 945 523 981 Et pridiana crapula laborantem.
1 952 52 984 m
99 976 555 1007 Faſtidi adhuc licebit ipſe ſis plenus,
101 1007 630 1042 Vomituriaſq;, nauſea oſcitan cruda,
100 1041 527 1070 t indecori naribus fluant mucci,
103 1072 577 1104 Sitias neceſſe eſt, cantharoq; bellator
104 1103 663 1140 Spumante factus, ſtrenuè attrahas vinum.
1 1113 52 1143 e
103 1136 505 1164 Patrocliani incubes licet ſellis,
104 1169 536 1201 Aſcendet ila potor vdus, atq; il
105 1197 636 1236 Cathum crepanti porget atq; meienti,
102 1229 666 1263 Adde & cacanti. Remedium mali ſolum eſt,
679 1257 796 1284 Facias
1 1270 55 1312 u
253 1267 435 1296 Tomus ſecundus
