976 1432
309 65 626 88 M ONOBIBLOS.
144 106 651 140 Vndiq; Hymen lætis ibat ab arboribus,
55 138 684 177 Vndiq; Hymen toto reddebat vertice ſylua,
147 171 632 195 Hil metuens crudas Herculis exuuias,
50 199 788 232 Aut nodoſa cauam quæ corplert pondera dextram,
141 232 557 266 Graaq; delectæ robore miiti.
112 262 678 295 Sic formosus Hylas Diuorum cœpit haberi,
147 295 583 325 Additus æternis corpore Naiaſin.
261 349 669 383 In nuptias loani Borelij. leg.Vi.
55 390 759 428 Qui primum Venere inſolitam damnare puellam
149 424 608 453 Inſtitit, & mentis flectere duritiem,
68 454 670 486 Vt leuibus contacta cupidinibuſq; meruq;,
150 486 567 521 Ferueret ignoto pectora diſſidio,
115 515 783 554 Ceu quondam geminis rapientibus æquora ventis,
20 549 588 583 Vis Auſtri gelido diſſidet a Borea,
68 578 691 623 Idem te Aſſyrijs reducem cum vidit ab oris,
149 611 563 641 Et ſacris Nili fontibus, implicuit
68 640 668 688 Ignoto gemitu atq; ignoto voluere amoris,
152 672 670 704 Et leuibus ſtrinxit pectora compedibus.
62 704 768 744 Quanuis immeriros teſta ntem plurima Diuos,
154 734 650 774 Et ſæ pe in Bataus littore conſpicuum,
70 765 723 803 Sæuas ſi lachrimas læſæque incendia mentis
152 800 626 829 Fluctibus inſanus mergeret Oceanus.
70 829 680 871 Sed non indomitas fregifſent æquora curas,
156 860 742 895 Non poſſeſſa ſemel pectora linquit Amor,
70 889 757 930 Quem penitus magis atq; magis traxere medullæ,
155 920 683 958 Et magis atq; magis viſcera combiberunt.
70 951 747 995 Namq; ferunt procul à patrijs complexibus olim
159 983 671 1015 Humidulas nter Heliadum lachrimas,
70 1015 676 1055 Et ſaltus Arabas, vel qua fragrantis amomi
162 1046 603 1082 Semper odoratæ luxuriant nebulæ
71 1071 725 1119 Erranti, dominos fatorum ita voluere Amores,
163 1109 669 1140 Cumribi curarum millia multa darent,
71 1140 678 1179 Vt poſt ſæua viæ certamina, ſæua laborum,
159 1173 611 1204 Immitis dominæ ſpiritus exciperet
753 1205 841 1239 Beſpi
499 1208 581 1240 Rrt4
