976 1432
68 1 105 24 D
255 63 565 94 MONOBIBLOS.
738 77 797 97 Ioot
68 97 652 143 Neſcia cuiuſquam furta manumque pati,
63 137 686 174 Nec minus vſque tuis hærens amplexibus, vna
47 171 603 205 Incipiet ſomnos irungere languidulos.
20 203 611 237 Sitis felices tuque & tua, multaque ſæcla
63 236 586 267 Vnanimis pariter viuite cor poribus,
24 263 608 298 Alteriuſque alter læto deuinctus amore,
69 301 578 325 Hæredem tantis addite muneribus:
23 327 637 372 Qui dum par opibus paulatim ſurgit auitis,
118 363 577 390 Volturium fauſtis arceat a foribus,
24 381 686 427 Hæc Venus auratis Libani quæ viuit in hortis,
58 426 619 458 Aſſyrio fragrans ſemper odore comam.
9 455 794 505 Hæc Venerum cum matre tulit chorus omnis, & omnia
58 491 555 514 uit in æternis ſcribere corticibus.
24 511 641 552 Nec procul abſiſtens ſacro Concordia luce
59 554 585 588 Sternuit, & certis annuit ominibus.
228 599 657 628 In obitum Iuſtæ Vrienti. Eleg. VII
59 633 640 675 Non ita me ſolo crudelem in monte leæne
59 674 576 707 Edidit aut ſæuis tygris in Armenijs,
30 701 609 740 Vt nullos Vrienti poſlim ſentire dolores,
60 736 624 765 Aut ſiccis lachrimas vultibus aſpiciam,
32 762 792 810 Quæ mœſto tibi nequicquam de lumine manant,
61 799 627 834 Vt gelida è ſummo lympha cadit lapide,
27 828 682 868 Quam mittunt virides ſolatum Naides herbas,
60 863 554 896 Ne miſere æſtius deficiant radijs,
20 894 618 933 Dum propere ereptæ fundis ſuſpiria natæ,
119 924 670 959 Quam tibi, quam caſto coniugis e thalamo
3 951 640 997 Crudelis Lucina nihil miſerata gementem
60 989 547 1015 Abſtulit, & niſu ſuſtulis in medio,
22 1015 639 1061 Certantem blandos patri præbere nepotes,
64 1051 575 1084 Qui tibi languenti viribus aut ſenio
19 1082 625 1120 Dulcia dilecto immiſcentes brachia collo,
61 1114 638 1146 Nubem omnem mœſti diluerent animi.
24 1144 635 1185 Verum ea non tetulere infeſti gaudia Diui.
61 1178 590 1211 Sed veluti myrtus Aſia, quam teneræ
718 1209 795 1237 Defa.
463 1213 547 1236 Rrr s
