976 1432
898 17 969 38 M
279 67 551 90 MONOBIBLOS.
718 74 773 96 I0o
43 111 562 143 In thalmum primis iuerit omnibus,
20 140 721 176 Omnia perfundens lachrimis & quæſtibus omnia.
63 175 610 208 Quæ nunc aërij cuncta ferunt Cephyri.
18 203 629 238 Nec redtura venit ſero intellecta voluptas,
51 237 553 266 Cum ſemel aduerſis deſiit alitibus.
19 267 670 309 Nec ſemel auulſum reddit Proſerpina crinem,
58 301 610 336 Quem male damnato ſuſtulerat capite.
15 328 627 372 Non ſi perpetuo quot currunt ordine luces
55 366 529 395 Aſſiduo Ditem ſollicites gemitu,
19 392 615 433 Nec ſi ebilius damnato luctibus Orpheo.
55 427 581 463 Impellas querulis ſidera carminibus
17 457 705 497 Septem illum perhibent deſerti in vallibus Hæmi
61 492 555 525 Noctes & ſeptem continuaſe dies.
20 522 777 564 Cum interea neque dulcem admrtteret, ore liquorem,
59 554 666 589 Aut epularum animum frangeret illecebris:
15 584 633 625 Sed veniente die, ſed cum nox ſurgeretat:ra,
55 618 592 651 Clamabat ſolam perditus Eurydicen,
16 650 619 692 Eurydicen clamabat at iurydice clamant
56 681 608 715 Nulla dabat penitus ſigna, nec alloquio
17 712 650 750 Coniugis heu fidi miſerum lenibat amorem:
55 742 603 778 Sedibus errantem quam procul Elyſiis
16 777 630 820 Sæua coercebant magnorum iura Deorum,
59 806 577 846 Quæque Adraſteis lex venit e tabulis.
7 838 657 877 Nec tamen vt ſemel eſt Muſarum tacta lepore
49 868 629 903 Et Charitum donis, & funditus imperiit,
17 897 772 945 Sed ſuperans magis atque magis ius omnibus æquum,
40 932 546 969 Perſtitit inui ta viuere Perſephona.
13 961 678 1005 Hoc illi potuit coniunx dare muneris Orpheus,
47 994 560 1034 Hæc ſolæ tribuunt munera Pierides.
1 1026 632 1072 Sic tua iam fatis quanuis conceſſit iniquis,
53 1058 636 1091 Viuer ab æter næ munere Mnemoſynæ.
53 1088 600 1132 Hæqtibi perſolunt noſtræ ſolatia luſæ,
53 1121 550 1163 Has tecum pariter imus ad inferas.
185 1154 631 1184 Ad Ieremiam Pierſfenæum. Eleg. VII.
19 1184 574 1229 Eſi me patriis optantem viuere terris,
746 1222 778 1244 Et
62 1367 136 1391 g
