976 1432
310 73 577 100 MONOBLIBOS.
741 80 800 100 IOO5
91 110 719 143 Summus Athos, vel quæ conuerſa è ſedibus Oſſa
68 145 537 175 Intulit æternis prælia cœlicolis,
38 175 644 215 Nec ſic quas intenta leui decerpſerat vngui
67 207 553 236 Lucebant medias lilia per violas,
14 215 689 282 Quorum tunc oblita ſimulque obla ſuarum,
130 269 599 303 Ah miſeralah totis ſenſibus attonita,
60 300 565 342 In tauro hærebat, in tauro ſuſpirabat
124 332 606 368 Et modo virgineis ſolliciat ianibus
60 364 578 405 Manſuetos viſus, & quæ palearia collo
129 393 679 429 Dependent mediis candida pectoribus.
20 424 682 456 Cornua nunc florum iocundo perpluit inbri,
129 460 625 494 Et leuibus ſertis induit. ille manus
61 486 659 524 Formc ſas faciemque acri exteratus amore
130 519 618 558 La berat. Ah ſi non corpore depoſito
45 549 691 595 Membra velut defeſſa leui inclinaſſet in herba.
127 583 609 624 Quo tunc præcipue Sidonisinpl: cita,
60 613 662 657 Aſcendit ſuper: hærentem per cærulea ponti
130 649 607 677 Protenus & fluctus abripit æquo reos,
21 672 725 730 Lumina nequicquam iactantem & brachia retro,
129 708 620 740 Et fruſtra madidis reſpicientem oculis
60 737 700 784 Dilectas comites, fruſtra quæ in littore ſummo
131 770 617 802 liſcebant miſeris omnia lachrimulis.
59 801 717 842 Namque olli gemitus pallor ſuppreſſerat amens,
133 838 625 872 Torpebatmiſero lingua retenta metu,
59 863 726 910 Dum ponti tremulo ſenſim plangore cachinnans
133 897 570 928 Vectanti teneros aluit vnda pedes.
1 922 694 973 At iuxta inflantes leuibus velamina pennis
137 960 564 991 Stridebant animæ leniter oliæ,
1 988 678 1030 Et circum tremulis verrebantæquora caudis
136 1022 604 1053 Dorides & formoſæ Oceani dominæ,
39 1053 615 1090 Niſæa, spioque, Thoeque. & Callianira,
137 1084 643 1115 Et cum Dexamene candida Cymodoce,
1 1116 718 1158 Teque Hymen Hymenæe ſonantes æquore toto,
134 1148 625 1182 Ad Iouis optatos ſuſtulerunt thalamos
67 1179 679 1218 Pectoraque, roſcaſque genas, & candida colla,
749 1213 796 1238 Sed
