976 1432
308 56 575 84 OoBIBLOS.
723 68 796 97 0
32 102 751 135 Creta Iouis magni cunæ, & commune ſepulhrum
63 134 686 165 Creta parens legum, Creta parens ſegetum.
93 166 670 197 At pater ereptam Cadmo conquirere natam
126 197 594 229 Per ſimul & terras im perat & maria.
94 229 645 261 Quo tuncinfelix percurrens omnia fruſtra,
128 260 601 288 Fruſtra animi mœſtus heſit inexilio.
94 291 647 323 lic multiplices primum inueniſſe figuras
125 323 630 354 Dicitur, & Muſarum artibus inuigilans
95 356 599 386 Oblitus patri; remeare ad littora terr;.
127 386 588 417 t cum ignara ſui buculaecutiens
95 416 660 447 Nocturnos rores media procumbit in herba
125 448 605 482 Languida, vicino non procul à fluuio,
96 481 664 513 Heic illam gelidas auras fluuij captantem,
130 512 592 542 Sidera dilecto tam procul à ſtabulo,
37 543 628 580 Oppreſſere, vagam magis, inque peditam,
126 573 607 607 Omnia dum primi munera veris obit.
30 603 801 641 Me quoque Pierſene domo procul, & procul omni
128 637 589 672 Aſpectu, patri tam procul à gremio
34 667 684 706 Inuigilantem animo Muſarum munere dulci,
129 699 581 733 Terra peregrinis deti net in laribus,
4 719 58 739 -
2 728 804 773 Hon tamen immemorem veſtri, patrieque domuſque,
131 760 618 798 Quos ego prcipuis proſequor officiis.
172 813 730 845 Fabula Pri d Peniæ è quibus Amor natus eſt, e.
333 845 533 876 Plaona. Eleg. I.
56 888 743 924 Curarum domitrix, hominumq; ;terna voluptas,
127 918 650 951 Cum Venu e patriis ſurgeret quoribus,
35 944 708 983 inc illinc ephyri circum leuiter currentes,
127 980 632 1016 Qualis cum vernas impulit aura roſas
1 1001 689 1047 Purpureum mare ſtringebant ludentibus alis:
125 1043 609 1077 Et iuxta attonitæ Nereidum choreæ,
1 1073 654 1105 tOmnibus e ſcopulis naſcentis lumina Diuæ
124 1106 537 1137 Miratæ, ſolitas deſeruere domos.
27 1137 640 1167 Aſt olli tenero de corpore pluribus humor
64 1169 539 1198 Intactis ibat candidior niuibus.
703 1205 792 1234 Taus
