976 1432
322 68 603 96 MONoBiBLoS.
762 79 823 97 THr
134 109 688 142 Et quicquid Chalybum funditus intereat.
103 142 722 174 Non ego nunc fruſtra complexu auulſus amico,
141 174 632 206 Alloquerer ſurdas eminus Halcyonas,
108 207 782 238 Languentes nequicquam oculos & brachia tendent
139 238 542 262 Non audituri fluctibus Oceani.
106 268 623 302 Sed totus totuſque tuas effuſus in vlnas,
136 302 615 333 Et totum cupidis nexibus inuoluens,
94 333 633 364 Luſtrarem fontes, luſtrarem deuia tempe,
135 364 650 396 Et quæ nunc domino dulcia rura carent.
107 398 767 428 Quondam etiam mecum veteres renouaret amores
135 428 625 459 Nondum feſa tibi ludere mens animi.
101 459 637 490 Vt tibi dilectæ grauis oſſibus hæſiHyellæ,
134 491 579 523 Oſſibus & toto pectore fixus amor.
101 523 667 554 Cum miſer arguta dece ptus imagine rerum,
133 554 575 585 Vidiſti blandis pendulus ex oculis,
100 585 742 620 Cum pharetris arcuque errantes vndique Diuos
133 617 579 642 Ludere feſtiuæ luminibus dominæ.
91 647 684 679 Hæc tibi narranti paulum intermiſſa ſenectus
130 679 604 714 Vſque ad extremos iretad thiopas,
97 711 722 747 Nec tibi nequicquam cultus cum matre Cupido
127 742 556 770 Verteret à ſacro canitiem capite
88 771 626 806 In Libycos fluctus, vel qua ſol lumine ſero
128 804 612 838 Reſpicit obiectos fluctibus Heſperios.
87 835 592 868 Donec nos parili defunctos ordine fati
123 866 563 898 ux eadem campis ſiſteret Elyſiis,
96 898 663 925 Ducentes choreas & carmina læta canentes,
131 929 577 966 Qualia defectus funere cantat olor.
88 958 652 996 Legibus his ferrum pereat pereatis vt enſes.
125 992 542 1020 At nobis niuea detur amare fide.
351 1046 508 1078 Elg. I.
96 1085 561 1120 Diuini ſaltus, & ſaltibus æmula ripa,
128 1118 565 1149 Feſſarum ſedes humida Naiadum,
95 1148 636 1184 Et lauri fragiles, & quæ ſuperimpendentes
131 1181 544 1214 Solis oberrantes excipitis radios
511 1211 803 1248 Sſſ2 Inton-
