976 1432
241 66 648 92 MAN.SCALI
751 77 809 98 7
70 108 571 141 Extulit & duræ rurſus preſſaere ruinæ.
64 142 462 173 Fortunæque vices & inexpu
462 144 641 172 nabile ſatum.
41 170 661 204 Sub pedibus fracti ſaſcs, curumque ſe cures,
24 200 697 238 Sceptraque nunc inuerſa iacent, ſacrique tiaræ,
36 235 644 269 Solamen regni veteris totidemque dolores
58 266 690 301 Nec non & regum exuuiæ. perfoſſaque centum
38 299 679 333 Arma locis. clypeique immania vulnera paſſi,
62 333 667 364 Loricæque hoſti detractæ in limine pendent.
55 364 683 398 In medio quondam pulchro percuſſus amore,
53 397 640 428 Naturæ incumbit gremio ſacriſque lacertis
53 427 616 458 Cæſar. & inſueti ſpectat miracula mundi,
55 457 795 491 Purpuream indutus chlamydem. quam diuite gemma
42 491 641 523 Ipſa parensrerum multoque:lluſerat auro.
36 523 651 552 IIlic principia & naſcentis ſemina mundi
55 554 604 587 Aſpiceres ferri paſſim, paſſimque vagari,
55 583 658 618 Paulatimque alias aliaſque aſumere formas.
47 617 627 649 Nec non & variis animalia quæque figuris
41 649 713 681 Cœlo efferre caput: duroſque aſſurgere in armos
54 681 659 712 Corpora taurorum: natoſque ad triſtia bella
41 711 703 742 Feruere cornipedes, ſuſpenſaque voluere crura,
55 740 595 780 Et librare pedum alterno veſtigia paſſu.
56 776 614 812 Illic & volucres ſcindentes aëra pennis,
56 807 663 837 Et totum Oceani vaſto cum gurgite gentem,
47 837 707 875 Fecerat alma Deûm genitrix. Illeabdita rerum.
39 868 720 900 Et genera & fornas, primaſque ab origine cauſas
56 900 703 930 Illis luminibus luſtrat quibus omnia quondam
11 919 565 969 Eruit, & ſeros vetuit neſcire nepotes.
31 961 717 1000 Qæ cœlum irradient ſlammæ. quis ſidera paſcat
56 993 624 1026 Spiritus. & terram mediis infixerit vndis.
56 1025 711 1056 Infra orbem geminum Nereique vndantia regna
57 1057 688 1094 Inſa numque idet Borean, cœ loque mi nantes
58 1088 608 1120 olios fratres, cogenteſque aëra nnbes:
57 1120 637 1151 Et plunios rores & gratos frugibus imbres.
58 1152 625 1183 Ipſa immota manet nullis obnoxia ventis
58 1183 579 1220 Heroum ſedes, & lato inuoluitur igni
740 1221 801 1250 iliuc
548 1223 645 1250 II
53 1345 150 1381 H
