976 1432
289 78 589 104 EPI AMMATA.
91 114 604 146 Qui à mane aduſq; veſperam pro iauis,
92 146 614 180 Quaſi in ſtatione perpeti excubias agunt:
84 178 617 210 Dum prodeuntem perſequentes improbè
90 209 484 241 Conuitiiſq, pipuloq; differant.
89 241 769 273 Quanquam & mo eſti hi ſunt quoq; omnibus modis:
91 273 573 304 Sed de Pholis his & Tricongiis nouis,
86 304 558 336 Huiuſq, ſecli conbibonibus loquor,
89 337 661 367 Qui tempore omni præſt, & omnibus locis,
90 367 598 398 Nolis velis, pocla ingerunt paſſim meri:
89 398 604 431 Dum potione vincla obſtringant gulam.
1 404 54 440 n
90 430 560 460 Huiuſmodi inqam flagitatore Line
90 462 572 493 Effugere non eſt, appre hendunt pallio.
91 493 629 520 Rerinent morantur obuiam obſtantes tibi
91 526 553 557 Pes angiportus. per theatra, per vias:
92 557 560 588 E hinc & illinc vim creant negotii.
95 588 518 620 Non Mecu i ſi ſumpſeris talaria,
95 621 505 652 Tibiue Perſei ala mouerit pedes,
1 636 52 663 be.
93 652 612 684 Non ſi quadrigas deniq; inſcendas louis.
92 684 638 715 Ita vix erit quoq; effugere hoc malum tibi.
95 716 578 747 Non ſonticus te miorbus, aut coniagio
95 747 530 779 Neapolitanæ, ſiue Gallicæ luis,
97 779 558 812 Non peſtilentia ipſa, vel carbuculi,
93 811 635 842 Sub valle non trux habitan alarum caper,
96 843 577 875 Non labra ceroto oblia, atq; ſpleniis,
98 875 550 907 Cancerq; poly, uſq; & ris vlcera.
97 907 579 937 Non impetigo non odor a nmæ grauis
99 937 473 963 Ex alliieſu natus, aut ieiunio,
95 970 520 1001 Muccus grauedo pituita narium,
97 1001 592 1032 Ab merobiborum vindicabit impetu.
102 1033 579 1065 Hœdina fruſtra pelle tempora aſſeres,
101 1065 601 1096 Nec calceatum habere proderit caput:
101 1097 598 1122 Fruſtra Canem caue oſtio inſcribes tuo.
103 1128 604 1157 Fruſtra in latebras abditu, fruſtra velut
107 1160 608 1192 Peregre profectus, eſſe non voles domi.
46 1193 625 1228 Et æſtuatem & algidum poſcunt mero,
614 1229 817 1254 F 2BE
1 1235 51 1263 ui
