976 1432
250 56 813 84 AN,SCALRI. IO
36 91 693 130 Vel quantus veniens rorantes diſeutit vmbras,
95 130 653 164 Aſtraque metitur radiis, ſerumque Booten,
97 161 760 195 Semotamque Helicen, ſtricumque Orionis enſem.
96 193 743 226 Nec non & ſpatia Annorum, Menſeſque, Dieſque,
97 226 745 259 Temporaque, & certis deſctiptum legibus uum,
97 258 734 289 Omnia quæ quondam populis obſcura per orbem
97 290 743 322 Prodidit, indulgens ſtudio. totamque per æthram
95 322 804 354 Spargit ouantem animam, vaſtoque immittit Olympo.
96 354 720 385 Salue ingens cœli decus: &, tua ſacra per orbem,
80 385 668 417 Per populos vrbeſque omnes & regna ferenti
93 417 721 449 Sis felix: noſtrique memor, procul aſpice tetram
93 449 650 481 Inuidiæ peſtem, quæ te, quanquam aëris alti
93 481 650 508 Inuectum nubes, & ſidera ſumma videntem
93 511 683 544 Sub pedibus, ſequitur: vaniſque exercita curis
27 543 665 577 Nondum diuinos patitur requieſcere manes.
172 598 724 632 Ih defectum Luna, qui ſupremam Scaligeri noctem
396 634 495 664 prcesit.
29 672 635 704 Quod mœſta Phœbe, non vt ante, vultum
88 704 473 728 Indulſit orbi. ſed tenebricoſis
87 733 598 767 Noctem profundam duplicauit vmbris,
87 767 459 798 Ceſſitque tota deſtituta luce:
87 798 480 827 Non illafratri cornibus retuſis
22 830 60 858 V
87 831 493 861 Submiſit igneis ante mutuatos.
66 861 546 891 Nox illa noſtra eſt. Cæſaris propago,
84 893 525 924 Lux prima mundi, vita litterarum
84 921 555 954 Chaos minatur. nuntiatque noctem.
84 952 525 988 Qualem nec olim perfidæ Thyeſtis
83 985 487 1015 Fecere menſæ, cum fuga tus ora
82 1017 501 1048 Auertit auſis palluitque Titan,
81 1048 524 1081 Diemque ſolis non dedit Mycenis.
48 1076 606 1115 Plus execrandum eſt, quicquid orbe tot
62 1110 540 1145 Luent tot anni poſterique pendent
1 1136 42 1162 o
2 1142 545 1188 Centumque retro ſentient nepotes,
5 1174 509 1216 ngrata Diuis quod mereturætas:
720 1211 788 1236 Cum
59 1351 129 1382 ua
