976 1432
238 79 798 114 MANSCALGE RI. Iot
60 118 538 150 Et cœlum meruit, quod ante vidir,
61 150 523 181 Dignus Cæſare maximo virorum,
90 182 534 209 Et cum Cæſare maximus virorum;
94 214 584 246 Quem laus amplius haud deceret vlla
91 246 532 277 Et qui laudibus haud faueret vllis,
24 278 515 310 Maior qualibet altiorque laude;
29 309 577 342 Quæris quod ſibi præmium relinquat,
25 342 471 376 Stupor Scaliger eruditiorum?
28 373 479 404 Digno heroibus exitu potitus,
33 404 492 439 Toti concidit inuidendus orbi.
363 459 461 489 uerela.
20 498 544 531 Mielle vates lachrymiſque lugende
87 529 600 562 Suſpiriiſque, quotquot exprimi poſſunt
88 562 513 593 Ex ore, & imo pectoris penetrali.
86 594 525 626 Adhu moraris illius ſequi manes.
83 626 511 658 Cuius ſuaui nune carebis aſpectu
84 656 565 689 Et ore ſemper? Ah miſert tibi quales
86 691 524 719 Iuere Soles, cum vocatus & gratus
80 718 610 752 Semperque onuſtus carminum pia mole,
1 724 57 748 M
897 721 971 754 I
82 750 539 781 Illos Penates lætus hoſpes intrabas,
78 783 548 815 Virique vultum & ora conſpicabare,
85 814 564 846 Quo nil Olympo maius aſpicit Titan,
82 843 627 876 Nihil ſecundum pulchra conſpicit Phœbe.
82 876 544 901 Ibi illa veſtra blanda dona Muſarum
77 903 614 940 Blandoſque luſus vſque & vſque poſcebat,
58 936 544 971 Nec tu petenti promere illanolebas.
59 969 508 1004 At nunc beato ſeparatus amplexu
59 999 526 1035 Miſer vagaris ſolus, & grauis luctu
59 1031 536 1067 Mœſtos ocellos perpeti rigas imbri,
59 1062 540 1099 Erraſque paſſim: qualis auio in ſaltu
60 1094 530 1132 Priuata caro compari gemit turtur,
61 1125 550 1161 Aut nata matrem ſola lugetamiſſam,
61 1157 580 1193 Nondum iugales paſſa nata complexus.
62 1189 598 1230 el quæ ſib mbra populiſedens ſæ
666 1225 787 1261 ugubre
