976 1432
253 70 581 97 MAN. SCALIGERI.
695 73 790 106 ors
61 111 556 147 Et duris, Niobe exercita funeribus
20 136 710 180 Stat miſera in ſaxo, cui guttatim vndique lympha
58 172 634 212 Hinc atque hin mœſto depluite Sipylo.
58 203 621 249 Aut quales nondum oblitæ fratriſq; ſuiq;
59 233 583 260 Stant lactims vVdæ iugiter iſades,
8 257 611 299 Infelix thaethuſa, & ramisobſita Phœbe,
56 292 558 325 Et totidem ramis obſita Lampetie,
55 321 769 365 Quas neque grata Ceres, neque curarum exitus omti
59 354 612 388 Humida nox blando detinet obſequio,
52 377 728 434 Sed atuta parens ſemper, formoſaque ſemper
53 418 624 458 Inueniunt madidis ideracorticibus:
53 450 635 495 Tales Di lachrimas talem aſpirate dolorem
121 480 627 516 Heu miſeronimium numina ſæua mihi.
52 515 634 556 O pater, & noſtræ quondam utela iuuentæ,
59 545 584 580 Oanimanihi dilectior atque oculis,
52 574 643 623 Cui ego conſueram triſtem lenire dolorem,
61 610 545 649 Et capitis ſacram ſiſtere canitiem.
18 631 633 693 Tecum deliciæ: tecum omnia gaudia noſtra
59 671 646 711 Fracta acent: tecum funditus occiderunt
52 695 767 754 Munera cuncta Deûm. nec quæ nos cunque i uuabant,
61 731 651 769 Nec mihiiam lux hæc nec mih grata dies.
892 758 923 773 .
16 763 631 816 Ipſa etiam quæ te præeut ah perditus olim
54 799 589 841 Oulcia Muſarum gaudia contigeram,
13 821 766 874 Hæc quoque teccum abiere hinc omnia, ceu vapor olim
54 860 568 904 Ludibrium ventis ſpatgitur olris.
54 885 719 940 Nec mihi blanda placent Mufarum gaudia,nec mi
55 923 596 966 Promere ſtat mœſti delicias animi.
55 953 607 1000 Sed qualis virgo caſtæ coniuncta parenti,
62 986 566 1028 Sedula maternis vortitur in ſtudiis.
61 1016 599 1070 Quam iuta radiiq; & viminei calathiſci
63 1049 582 1084 Arma iacent blandæ debita militiæ:
63 1077 701 1126 Ipſa hæret ſuper incumbens gratumque laborem
117 1113 538 1151 Aſſiduis vſque deproperat digitis.
64 1145 598 1182 At ſi mox eadem caſta eſt orbata parente,
66 1177 657 1227 Sideraque accendit ſeque ſuamq; domum,
587 1206 782 1233 TttAt
242 1212 416 1243 Tomus ſecundus
76 1362 112 1388 tæ
