976 1432
369 90 562 116 ua i,CA
744 99 853 122 æ
132 131 677 163 ia formoſoa cœlo norextulit ottus,
132 165 667 195 Et toies inga iam bobuis detraæxit atator,
130 196 592 223 E marutinos deeu ſſit bucula rores;
130 227 699 259 hyrſis ateſt abſentis adhuc veſtigia littus
129 259 708 290 Ehiber & fruſra quacunqnue in lttore paſfus
129 291 622 322 Thyrſidis apparen hc & veſtgia figo,
130 323 789 358 Perque eadem errantenox oucupat, & videt E
131 354 683 383 Altera nec vacſæ ceſſant plangrbus horæ.
128 385 682 416 Interea pecudes nullo, paſcenper herbam
132 416 717 449 Vi cinas com: itantr oues: mœſtæque iuuencæ
132 447 750 480 Noctis in aduentum vicina armenta ſeqnuntur
96 479 764 511 Lacquoq ſit quamuis iam formoſiſſimus annus,
130 511 707 543 Areit i Voeribus:nec me muctraliadonum
131 542 724 573 Thyrſidis tremum, nec quæ mulctralia plenis
131 572 765 604 Admouet vberibs ceu quondam, Theſtylis vrit,
132 604 748 636 Extinctique animo languent Amarllidis ignes,
129 636 877 677 Carmina iam ſordent nam cui mea carmina cantem
129 667 721 698 Et mihi diſcedens tamen hæ armenta reliquit.
128 700 737 729 Ee dixi moriens: poſt me puleherrimus gon,
130 729 659 762 Ægon hos calamos mortis ſolatia noſtræ
130 762 642 791 Inflabit, tanto reliquis dilectior ACgon
11 792 699 833 Quanto pulchra ſuo capra eſt villoſior agno.
132 825 701 856 Quanuis sæpe meos ieruauit Tityrus hœdos,
130 856 683 887 Et mihi ſæe ſuos Mnaſylus rettulit ignes.
130 888 628 918 Odilece puer, tu nunc cantabis inilo
128 917 741 957 Littore, nec noſtras vnquam obliuiſcere Mſuſae.
128 950 668 981 Ipſe etiam tumulo facies ſolemnia noſtro,
131 981 780 1014 pſe apium, ipſe hederas, ipſe humida lilia carpe;,
128 1014 707 1044 Extrememque meis intexes oſſius mbram.
128 1044 703 1076 Atque aliquis forſan Lethææ in gramime ripæ
128 1076 738 1108 Deferet eriani tuæa carmina cum mare Thyerſin,
128 1107 780 1139 Cum Thyrſin ſcopuli, percuſſaque ſaxa ſonabunt,
126 1139 693 1171 Audiet extinctus poſt ſe fua nomina Thyrſis,
127 1171 692 1205 Audiet & priſcos animo reuocabit amores:
128 1203 714 1236 Audiet ipſe ſam lætuſque agnoſcet auena,
577 1240 688 1260 Ttt
773 1243 839 1265 Ne.
