976 1432
333 68 534 94 MAN.C AL.
740 73 856 95 Io 9
44 112 626 149 Sidere qno acchum vicinia tota ſonarit
37 142 708 180 Quo Cereri gratus ſua præmia meſſor in vmbra
41 177 689 210 Souer, ingentem aſpiciens ſecurus aceruum.
67 207 735 242 Quo tibi magna Pales ſacro de ſulfure fumum
56 239 645 272 Fecerit & feſtum paſtor tranſmiſerir ignem,
34 271 658 302 Cum lauro velantur ouilia, caſtaque laurus
96 302 598 332 Luſtrales latices, & nox obliuia verſat.
98 332 745 369 Nunc quoque humo pueri ſaxoq; inducite laurum
100 363 710 401 Thyrſidis. & puræ ſpargantuar frondibus vndæ.
55 395 705 431 Vndam ali ſpargent tumulo lac inferet gon;
56 427 637 465 Lac gon:Mnaſylus aquas è flumine viuo
62 458 660 492 Hauriet, & sæuos ercebit nunc quoque ſoles:
45 490 632 522 Non tamen & nobis ſolatia parua reliquit.
42 520 722 558 Diſcedenſq; meis extremum amplexibus hærens,
113 547 803 591 Pignus habe hoc, dixit: nec quiſquam ex agmine veſtro
40 582 693 620 Munera nulla feret, reddent hæc munera vobis
102 613 734 651 Extinct am Thyrſin. Nec tu monumenta Menalcæ
87 646 636 685 Deſpice, quæ nobis Riphæi èe frigore ponti
103 678 643 713 Miſit, & Arctois è montibus ipſe Menalcas.
104 709 651 747 Nec tu pauperiem puer ſpernabete noſtram,
107 737 725 779 Nec proauos meditare ingentia nomina, noſtros.
54 772 636 817 Mille greges illis Benaci fluminis vndam
49 803 646 836 Libabant: centum tondebant paſcua tauri.
46 834 741 873 Omnibus errabant ter centum in montibus agnæ.
47 864 752 904 Nunquam illis, nunquam teneris lac defuit hœdis;
62 895 741 935 Pars quoque preſſa fuit. ſæpe hæc mihi veſpere ſero
48 929 590 966 Narrabat genitor, cœlo notiſſimus ipi
47 957 763 998 Antiquus Corydon:quem nunc procul altera tellus
63 993 674 1024 Detinet. & toto circumfluit amne Garumna.
62 1021 729 1064 Omnia fata tulere, & habebunt nos quoque fata,
142 1055 636 1087 Talia cantabant pueri: cantantibus illis
53 1085 704 1129 IHeſperus extremam veniens abrupit auenam
420 1134 515 1160 S-
561 1223 811 1249 Ttt3 MA-
63 1364 98 1393 r
