976 1432
313 77 516 100 MAN. LIPS.
731 71 857 101 aat
62 116 662 154 Ee mruis iam Tria cpi:mec rictor achilles,
59 154 683 189 Aut Aga Memoniæ tntum potuere Mycenæ,
21 182 662 219 Nec voluenida dies. ſic tecn noſtra iuuentus
59 213 630 257 Hæſit. & infelix in te conue rſa pependit
125 243 687 279 At ſaltem cineres potiſſe cre dere nobis,
59 277 535 313 Et manes donare tues:felicior iſſes
59 310 624 346 Elyſias valles, ſedeſque ac regna piorum.
35 341 664 377 Hic tibi ſupremumioluiſſet catrmine munus
37 372 692 408 Iuliades, ſoboles ſtirpque incorrupta Deorum:
38 403 672 440 ui neque par nomen ſeries viſura nepotum,
42 432 674 474 Nec gens vlla dedit, noſtris quem Gallia terris
70 463 678 505 Tranſtulit infeli laudumque blita ſuarum.
55 492 755 535 Nos quqe non viles animæ quocunque vocamut,
95 531 632 566 Siue excelſa loqui, ſeumolli currere gyro,
42 558 605 597 In laudeſque xnre tuas, facundia Baudi
63 590 634 627 Olim nota tibi, nunc tanti muneris hæres.
100 620 623 659 Qin etiam genti nil conceſſura Latinæ
97 653 674 686 Mens Groti diuina mei, tibi nomen & vrnam
58 686 695 730 Poeret, & lenem præſtaret carmine terram.
149 713 807 753 Nnc quoque, tot quamuis gladii, to ſæua minent
59 744 719 780 Tela virûm M avorſque alio nos claudat in orbe
45 776 681 817 Ihimus & noſta tumulu ſtat uemus in vrbe.
58 808 763 857 Ibimus & qamuis mendacem ornabimus venam
60 843 688 880 Ibimus, & falfum ponemus carmine nomen.
50 875 646 915 Scilicet ignoſcet ſerorum ruba neporutm,
58 903 659 945 Gtataque erit pieta & non indignaauore.
61 933 679 975 Atque vtinam qua ſ tenbis Ma tuta relictis
116 969 598 1000 Exerit, & feſſo diſcedit lumine Ttan.
1 993 665 1067 ri:
62 1063 633 1093 indicat & ſola tegitur Tyuthius Oeta.
154 1092 698 1131 Quod ſidigna fuit gens de tot gettibus vna
10 1113 683 1159 Noile depoſitum cinerum ſeruatetuorum,
65 1156 638 1196 Certè oma fuiiquæ te collapſa patente
65 1189 639 1230 Creuir, & antiquas potuitcalcarsuiuas,
596 1223 828 1248 Ttt 4Ter-
