<PcGts xmlns="http://schema.primaresearch.org/PAGE/gts/pagecontent/2017-07-15" xmlns:xsi="http://www.w3.org/2001/XMLSchema-instance" xsi:schemaLocation="http://schema.primaresearch.org/PAGE/gts/pagecontent/2017-07-15 http://schema.primaresearch.org/PAGE/gts/pagecontent/2017-07-15/pagecontent.xsd"><Metadata><Creator>User123</Creator><Created>2020-04-19T08:48:27</Created><LastChange>2020-04-19T08:48:27</LastChange></Metadata><Page imageFilename="0161.png" imageHeight="1432" imageWidth="976"><TextRegion id="r0" type="paragraph"><Coords points="1,1 974,1 974,1430 1,1430"/><TextLine id="r0_l001"><Coords points="332,1 332,19 581,19 581,1"/><TextEquiv index="1"><Unicode></Unicode></TextEquiv></TextLine><TextLine id="r0_l002"><Coords points="878,1 878,17 974,17 974,1"/><TextEquiv index="1"><Unicode></Unicode></TextEquiv></TextLine><TextLine id="r0_l003"><Coords points="890,17 890,48 974,48 974,17"/><TextEquiv index="1"><Unicode></Unicode></TextEquiv></TextLine><TextLine id="r0_l004"><Coords points="3,38 3,71 90,71 90,38"/><TextEquiv index="1"><Unicode></Unicode></TextEquiv></TextLine><TextLine id="r0_l005"><Coords points="611,72 530,72 529,74 519,74 511,82 505,85 481,86 411,86 405,84 401,80 401,72 310,72 310,102 611,102"/><TextEquiv index="1"><Unicode>MAN. IANI</Unicode></TextEquiv></TextLine><TextLine id="r0_l006"><Coords points="919,65 919,102 970,102 970,65"/><TextEquiv index="1"><Unicode></Unicode></TextEquiv></TextLine><TextLine id="r0_l007"><Coords points="747,81 747,100 806,100 806,81"/><TextEquiv index="1"><Unicode>S3</Unicode></TextEquiv></TextLine><TextLine id="r0_l008"><Coords points="33,80 33,110 78,110 78,80"/><TextEquiv index="1"><Unicode></Unicode></TextEquiv></TextLine><TextLine id="r0_l009"><Coords points="31,110 31,143 639,143 639,110"/><TextEquiv index="1"><Unicode>Hnbel siuuenum mentes &amp; inertia rides</Unicode></TextEquiv></TextLine><TextLine id="r0_l010"><Coords points="896,123 896,164 925,164 925,123"/><TextEquiv index="1"><Unicode></Unicode></TextEquiv></TextLine><TextLine id="r0_l011"><Coords points="31,147 31,180 657,180 657,147"/><TextEquiv index="1"><Unicode>Pectora:quos tecum ſimil contendere laude</Unicode></TextEquiv></TextLine><TextLine id="r0_l012"><Coords points="654,181 596,180 432,182 154,181 94,177 71,177 65,180 59,176 28,176 28,208 30,209 654,209"/><TextEquiv index="1"><Unicode>Et tibi vix tutum ſcribendi accedere callem</Unicode></TextEquiv></TextLine><TextLine id="r0_l013"><Coords points="924,170 924,235 974,235 974,170"/><TextEquiv index="1"><Unicode></Unicode></TextEquiv></TextLine><TextLine id="r0_l014"><Coords points="3,210 3,243 603,243 603,210"/><TextEquiv index="1"><Unicode>Imbellis perſuaſit amor. ſic Iupiter olim</Unicode></TextEquiv></TextLine><TextLine id="r0_l015"><Coords points="642,244 507,243 274,245 159,243 33,243 32,244 32,269 40,271 85,271 129,274 642,274"/><TextEquiv index="1"><Unicode>Riſit, &amp; èe ſummo Salmonea vidit Olympo,</Unicode></TextEquiv></TextLine><TextLine id="r0_l016"><Coords points="593,306 593,275 153,277 128,274 33,274 33,304 107,304 119,305 123,307 154,308 393,308"/><TextEquiv index="1"><Unicode>Elide cogentem nubes, &amp; vana cientem</Unicode></TextEquiv></TextLine><TextLine id="r0_l017"><Coords points="82,339 154,341 272,341 630,337 756,337 767,338 773,341 804,343 804,303 643,303 634,306 614,307 261,310 154,309 123,308 119,306 107,305 71,304 31,305 31,338 36,343 73,344"/><TextEquiv index="1"><Unicode>Fulmina, quadrupedum vim cum ſtimulaſſet equor,</Unicode></TextEquiv></TextLine><TextLine id="r0_l018"><Coords points="736,338 272,342 154,342 82,340 75,343 76,370 119,370 123,368 140,368 148,370 468,370 540,368 736,370"/><TextEquiv index="1"><Unicode>Interea quæ terra tuam complectitur mbram,</Unicode></TextEquiv></TextLine><TextLine id="r0_l019"><Coords points="82,400 140,401 150,403 176,404 392,403 432,401 623,401 628,404 628,370 469,370 394,372 151,372 147,370 120,370 115,374 42,372 36,377 36,401 39,404 75,405"/><TextEquiv index="1"><Unicode>Illic Roma rua eſt. illuc vrbs tota Qnirini,</Unicode></TextEquiv></TextLine><TextLine id="r0_l020"><Coords points="455,438 539,438 544,436 565,436 574,438 574,403 393,403 231,405 78,403 74,407 39,405 31,413 32,433 39,439 48,440 405,440"/><TextEquiv index="1"><Unicode>Et Capitolina deſcendi lupiter arce.</Unicode></TextEquiv></TextLine><TextLine id="r0_l021"><Coords points="361,447 361,480 563,480 563,447"/><TextEquiv index="1"><Unicode>Epigramma.</Unicode></TextEquiv></TextLine><TextLine id="r0_l022"><Coords points="492,520 653,520 653,481 629,481 627,484 498,483 438,486 186,488 145,487 124,483 96,481 58,481 42,482 34,490 34,519 37,523 416,523"/><TextEquiv index="1"><Unicode>Cum triſtes obitu, &amp; magnifunera Lipsi</Unicode></TextEquiv></TextLine><TextLine id="r0_l023"><Coords points="531,550 666,550 666,520 492,521 416,524 255,524 129,528 129,552 500,552"/><TextEquiv index="1"><Unicode>Audiit, &amp; primum credere cœpit humus,</Unicode></TextEquiv></TextLine><TextLine id="r0_l024"><Coords points="80,588 85,586 317,587 404,586 426,584 603,582 619,583 628,587 647,587 647,551 531,551 410,555 276,555 239,557 144,557 101,553 83,553 75,548 43,548 40,552 41,586 49,593 75,593"/><TextEquiv index="1"><Unicode>Tota miax, &amp; adhuc ciuili immerſa cruore</Unicode></TextEquiv></TextLine><TextLine id="r0_l025"><Coords points="288,618 445,617 508,614 580,613 580,585 426,585 404,587 317,588 132,588 132,619 261,620"/><TextEquiv index="1"><Unicode>Suſtnuit gladios terra Bataua ſuos,</Unicode></TextEquiv></TextLine><TextLine id="r0_l026"><Coords points="478,648 568,644 613,644 621,649 660,649 660,612 618,612 565,615 508,615 445,618 288,619 261,621 206,620 145,621 93,619 84,617 77,612 46,612 41,618 41,647 43,650 374,650"/><TextEquiv index="1"><Unicode>Vtque erat iuterſperſa genas &amp; puluere fœda</Unicode></TextEquiv></TextLine><TextLine id="r0_l027"><Coords points="601,647 506,647 478,649 374,651 130,651 130,676 601,676"/><TextEquiv index="1"><Unicode>Fleuit &amp; inferiis debita ona tulit.</Unicode></TextEquiv></TextLine><TextLine id="r0_l028"><Coords points="81,716 102,714 221,714 299,711 425,711 550,707 629,707 629,673 618,673 616,675 608,677 520,678 445,681 277,682 186,685 93,684 80,678 75,673 46,674 40,681 41,719 76,720"/><TextEquiv index="1"><Unicode>ontinuoque ſuos ad ſe properare poetas,</Unicode></TextEquiv></TextLine><TextLine id="r0_l029"><Coords points="637,708 550,708 425,712 299,712 221,715 131,715 131,737 637,737"/><TextEquiv index="1"><Unicode>Et tumulo mœtum ſcribere iuſſit opus.</Unicode></TextEquiv></TextLine><TextLine id="r0_l030"><Coords points="81,778 87,777 197,778 272,775 502,772 542,771 560,769 635,769 635,740 502,740 434,743 236,745 196,748 81,747 72,742 44,744 38,751 39,777 47,784 71,784"/><TextEquiv index="1"><Unicode>At vos poſteritas candori aſurgite tanto.</Unicode></TextEquiv></TextLine><TextLine id="r0_l031"><Coords points="306,807 324,805 384,806 641,800 641,770 560,770 542,772 502,773 272,776 197,779 135,779 135,807 167,809 202,809"/><TextEquiv index="1"><Unicode>Atque iterum victus credere diſcat Iber.</Unicode></TextEquiv></TextLine><TextLine id="r0_l032"><Coords points="571,838 803,835 803,798 680,798 676,800 619,802 384,807 324,806 306,808 202,810 167,810 148,808 105,807 83,805 73,799 49,799 43,804 43,829 55,840 222,840 259,838 342,838 346,840 539,840"/><TextEquiv index="1"><Unicode>Hoc primum eſs, æuum gladio quod vincimus ho-</Unicode></TextEquiv></TextLine><TextLine id="r0_l033"><Coords points="53,862 58,858 58,844 41,828 1,828 1,864 42,864"/><TextEquiv index="1"><Unicode></Unicode></TextEquiv></TextLine><TextLine id="r0_l034"><Coords points="254,840 254,865 321,865 321,840"/><TextEquiv index="1"><Unicode>ſtem,</Unicode></TextEquiv></TextLine><TextLine id="r0_l035"><Coords points="653,901 653,864 380,864 376,868 367,871 297,872 206,871 193,866 134,864 134,902 601,902"/><TextEquiv index="1"><Unicode>Plus eſt, quod pietas vincere noſtra ſolet.</Unicode></TextEquiv></TextLine><TextLine id="r0_l036"><Coords points="6,867 6,909 66,909 66,867"/><TextEquiv index="1"><Unicode></Unicode></TextEquiv></TextLine><TextLine id="r0_l037"><Coords points="436,919 436,940 483,940 483,919"/><TextEquiv index="1"><Unicode>II.</Unicode></TextEquiv></TextLine><TextLine id="r0_l038"><Coords points="54,966 53,946 46,944 2,943 2,970 46,970"/><TextEquiv index="1"><Unicode></Unicode></TextEquiv></TextLine><TextLine id="r0_l039"><Coords points="82,1001 100,1000 207,1000 274,996 467,991 627,990 636,995 706,996 706,957 335,957 300,960 237,960 189,964 106,964 89,959 62,959 53,968 46,971 1,971 1,1000 50,1000 59,1007 74,1007"/><TextEquiv index="1"><Unicode>Iupiter infernas cum mortuus iſſet avmbras,</Unicode></TextEquiv></TextLine><TextLine id="r0_l040"><Coords points="306,1026 487,1024 521,1023 535,1021 624,1020 624,992 467,992 274,997 207,1001 135,1001 135,1029 260,1029"/><TextEquiv index="1"><Unicode>Excepit cineres maxima Creta Dei:</Unicode></TextEquiv></TextLine><TextLine id="r0_l041"><Coords points="49,1025 49,1002 1,1002 1,1026 46,1026"/><TextEquiv index="1"><Unicode>e-</Unicode></TextEquiv></TextLine><TextLine id="r0_l042"><Coords points="230,1062 323,1057 388,1057 496,1054 602,1054 626,1055 634,1059 655,1059 667,1058 667,1023 522,1023 487,1025 349,1026 280,1028 190,1033 97,1032 82,1030 73,1023 56,1023 52,1025 52,1058 80,1059 87,1063 140,1063"/><TextEquiv index="1"><Unicode>Mox idem patrlo cum iam ſucceſſit Olympo.</Unicode></TextEquiv></TextLine><TextLine id="r0_l043"><Coords points="72,1060 55,1060 51,1058 51,1037 49,1026 1,1027 1,1078 5,1082 11,1084 72,1084"/><TextEquiv index="1"><Unicode></Unicode></TextEquiv></TextLine><TextLine id="r0_l044"><Coords points="585,1056 442,1056 388,1058 323,1058 230,1063 141,1063 136,1065 136,1085 585,1085"/><TextEquiv index="1"><Unicode>Iactauit cineres maxima Creta Dei.</Unicode></TextEquiv></TextLine><TextLine id="r0_l045"><Coords points="84,1127 202,1125 304,1119 655,1117 655,1084 629,1084 622,1086 527,1086 485,1088 338,1088 180,1094 93,1092 79,1084 61,1085 55,1090 48,1091 1,1091 1,1128 80,1129"/><TextEquiv index="1"><Unicode>Biſit &amp; ex illo nil quicquam credidit orbis,</Unicode></TextEquiv></TextLine><TextLine id="r0_l046"><Coords points="331,1151 557,1150 665,1148 665,1118 304,1120 226,1125 137,1127 137,1153 293,1153"/><TextEquiv index="1"><Unicode>Cretaque ſic dubiam cœpit habere fidem.</Unicode></TextEquiv></TextLine><TextLine id="r0_l047"><Coords points="62,1156 69,1151 68,1130 4,1129 4,1160 48,1160"/><TextEquiv index="1"><Unicode></Unicode></TextEquiv></TextLine><TextLine id="r0_l048"><Coords points="82,1194 120,1193 128,1188 214,1188 350,1182 615,1182 629,1183 641,1186 696,1186 696,1149 331,1152 196,1158 155,1158 130,1156 93,1156 83,1154 76,1148 74,1148 66,1155 66,1196 77,1196"/><TextEquiv index="1"><Unicode>Tu qoque ,quo cineres &amp; docti nomina Lips</Unicode></TextEquiv></TextLine><TextLine id="r0_l049"><Coords points="1,1161 1,1196 40,1196 40,1161"/><TextEquiv index="1"><Unicode></Unicode></TextEquiv></TextLine><TextLine id="r0_l050"><Coords points="593,1183 306,1184 214,1189 128,1189 120,1194 78,1196 78,1216 338,1216 341,1214 459,1214 462,1216 593,1216"/><TextEquiv index="1"><Unicode>Terra, licet Muſis non aliena, tenes,</Unicode></TextEquiv></TextLine><TextLine id="r0_l051"><Coords points="768,1224 768,1247 806,1247 806,1224"/><TextEquiv index="1"><Unicode>Tu</Unicode></TextEquiv></TextLine><TextLine id="r0_l052"><Coords points="557,1226 557,1251 663,1251 663,1226"/><TextEquiv index="1"><Unicode>Ttt5</Unicode></TextEquiv></TextLine><TextLine id="r0_l053"><Coords points="1,1248 1,1298 69,1298 69,1248"/><TextEquiv index="1"><Unicode></Unicode></TextEquiv></TextLine><TextLine id="r0_l054"><Coords points="921,1328 921,1369 972,1369 972,1328"/><TextEquiv index="1"><Unicode></Unicode></TextEquiv></TextLine><TextLine id="r0_l055"><Coords points="62,1351 62,1378 94,1378 94,1351"/><TextEquiv index="1"><Unicode>l</Unicode></TextEquiv></TextLine></TextRegion></Page></PcGts>