976 1432
870 16 960 46 V
302 78 597 102 MAN. LIPSINI
732 84 791 106 O5;
2 115 682 157 e ora ſic quodam conſpexit ab æthere Iuno,
70 153 644 187 Nec Priamum fccis torua Minerua genis.
69 185 604 222 Ætant intra mortale genus conuicia recti,
123 214 693 250 Tertaque quofines, hos quoque liuor habet.
68 245 652 282 nuideant homines; ſolis bene cognita iis
67 278 574 311 Fert precium virtus indubitata ſui.
23 310 605 344 Ergo eatinelix qui deſtruit ardua, liuor,
65 340 598 375 Er ſperos aliquid iam ſciat eſſe Deos.
3 371 652 420 Bis leat infelx, & ie dum tangere neſcit,
62 402 571 437 Et ſe diſſimilem dum videt eſſe tibi.
236 457 624 489 Ad eundem lſacum aſaubonum.
41 499 598 544 Vnica quos geminos eduxit Galliaſoles,
121 532 600 569 Belgica queis nprer gtoria iuncta fuit
60 563 586 601 aperium obis, vbis fortuna duous
124 595 546 630 ncumit patriæ, iollicitæque cci
1 627 648 661 Nec tainus & liuor: partem ſibi ſumat vterq:
122 656 637 696 IHic quoque poſt Lipſii fuanera veſter erit.
1 667 61 690 n
59 687 659 727 Non habet infelix aiss qtos tangere poſſit,
126 718 665 751 le ſedethic totos ſiatque manetque dies.
1 728 62 754 l
42 749 664 796 Creſcit, &t creſcat virtutibus hæret in ipſis,
77 781 643 822 Vx quoqueſlatus cum perunte perit.
4 813 653 862 Impiger Alcides totam cum ſuſtulit æthram,
118 848 568 879 Inuidiæ pariter triſte ferebat onus.
36 873 758 924 Hoc quoq ue quam eœlum maius fuithine ſua Iuna,
127 905 630 947 Hinc graui uiſtfieus difficilisquefuit
1 937 627 991 Ille feris populiſque & tota maor ab hydra
125 968 637 1007 Stabat at inuiæ ic quoque ſenſit onus:
1 1000 651 1054 uid aceret? Diis iuratum ttanſiit amnem
126 1032 692 1070 Ee Phlegeto ntis àquæs: hic quoque liuor erat.
3 1062 640 1113 Quid faceret: ſeſ medios conecit in igne,
129 1096 567 1131 Et ſa ſpectat tradidit arma io.
92 1125 785 1165 Hinc quoque cum pharetramPantius abſtulit hærs
124 1158 654 1199 Cum pharetra iunctam ſuſtulit inuidiam.
313 1193 527 1224 Luſus ad Apiculas.
722 1224 795 1249 Mol-
