976 1432
941 15 974 46 I
320 85 502 108 MAN.IPS.
711 90 779 113 IO37
271 129 573 160 Ad Genium Ideæ Lipſianæ.
57 165 625 206 1Pater leporis aurei, nouumq; mel Deorum,
57 202 670 235 Pincerna nectaris meri, ſacerque promiconde,
58 236 638 270 Seu te liquore myſtico, Cupidinumque rore,
57 265 643 304 Venuſta ypris imbuit, tuumque Diua pectus
57 297 587 335 Liquore perpluit ſuo, vel Euius bimater
78 327 605 365 Thyrſo virente perculit, nec vſitata iuſſit
55 359 615 395 Vi numinis raptum ſui, ſedentheata verba
53 388 717 429 Senſuſque limpidiſſimos breuem rotare in orbem
53 423 672 455 Nidore dum te muſico tuamue adimus aram,
53 459 687 493 Procul prc fana gens eat, quæ te tuumq; nomen
24 486 663 524 Vecors inerſq; deprimit præpoſtero fauore.
53 517 735 555 Nam noſtra quæ nec te, pater nec e capit, iuuentus,
53 552 598 586 Tuos adire perfurit reconditos lepores,
53 579 670 620 Exanguisægra, diſcoior: cui miſella febris
85 613 630 651 Vires negauit maſculas, & igneum vigorem
52 642 640 682 Orationis floridæ, quam ſponte natus ardor
51 676 581 713 Et Tulliana perficit lex ſimplici nitore
40 704 645 750 At tu ſecute neminem prius, ſequende nulli
3 736 644 786 Diſpar eras ſic omnibus, ne par tibi ſit vllus.
203 798 664 837 In Thraſeam. quem imperfectum edi vetuit
54 844 676 897 Cum ſuus & toto iam corporeliber ouanſque,
121 882 569 920 Elyſias ſtaret Lipſius ante domos,
54 907 688 959 Oceurrère animæ ingentes, quos porticus olim,
121 942 554 977 Vidit & æternos miſit in ora viros:
54 970 683 1023 Leno pater toruuſque à paupertate Cleanthes,
56 1005 588 1046 Et quos ſera licet Martia Roma tulit.
55 1040 599 1085 Aſpicit audacempro libertate Catorem
56 1068 635 1103 Tractantem unibus vulpera rupta ſuis.
55 1098 667 1147 Nec procul hc Pæti ſedfiſtis & aſpera viſu,
58 1133 536 1166 Occurit fſcies, diiliſque ſui,
3 1162 656 1215 Cum lætus libanſqe Deo, quem liber adibat
59 1197 624 1237 Secura Sgias morte pt:?at aqua.
688 1238 785 1262 Hor-
883 1327 970 1364 I
54 1351 130 1391 u.
