976 1432
315 67 621 99 EPIGR AMMATA.
792 69 822 93 S
120 109 700 141 Digito vſque,cum potu exſcreanti fruſtula,
123 142 722 174 Stomachumque ſentina atque nauſea grauem
127 172 764 201 Vomitu leuanti. Remedium haud tlum mali eſt,
47 202 612 237 Niſi examic vt capias inimicum tibi,
116 238 652 262 Inter bibendum redere cui nolis vicem.
351 281 611 311 In Fratrem Florentium.
129 325 742 357 Vultis ſidereos poſt vela nouiſſina portus,
167 358 642 389 Vu, tis Cœlicolum regna beata ſequi?
132 388 727 415 Pro ſcelerum venianſtras ſiml ite ſubaures,
171 422 619 451 Hæc tua Florenti concio per rat.
133 452 670 483 Omnia cui cedant dinini fœdera verbi,
173 482 705 516 Et quodcu ; u vago gtiure aullus hiat.
140 516 699 548 At me nnn fico me tanœam corde parentes,
175 548 640 581 it lachryis tinctas cedocuere preres.
140 577 734 611 Quid modo um curis & ſollicitudine tanta?
178 609 672 640 Quid modo cum ſicceâ ſobrietate mihi?
138 642 627 669 Vincamus Solios, & Bacchanalia luxu,
181 673 661 701 Tam facili cœlum ſi datur ire via.
394 718 561 746 In Setum.
144 759 602 796 Nilſcrihi, & poëta, Sexte vis credi:
147 787 695 833 Quidquid vis, eſto, dummodo nihil ſcribas.
436 852 536 884 In lam.
153 892 722 931 Sum. fateor, quartaq; fui am æſtate maritus,
105 924 709 962 Nullaq; nune etiam nata propago mihi,
156 955 731 989 Interea cum ſex dederit tbi pignora Chloris,
192 987 739 1026 Non ſumus erg oares; tu pater, orbus ego-
161 1020 658 1052 At mihi Pierios fœtus enixa rhalia eſt.
196 1052 721 1088 Quos ego German maxima dcna tuli.
165 1086 767 1123 His ego non, vt tu, vitio pater audio vates.
197 1115 784 1155 Nunc maoris vrum. dic operæ eſſ putas?
166 1147 774 1187 Quæ facio facere ipſe nequis: tuqnod facis Ole
197 1180 730 1215 Hoc facere hoc etiam noſter agaſo poteſt.
652 1217 712 1241 F 3
841 1216 872 1239 n
1 1287 54 1323 o
