976 1432
730 56 794 80 to4
408 105 504 139 III.
343 147 553 175 Eidem deiiſdem.
66 185 604 226 Ferfiduas ingentem veſano milite Leidam
66 218 580 257 Cinxerat, & vaſto robore, miles ſiber.
88 245 726 289 Terra ſalumque, inquit. mea ſunt. via nulla ſalutis:
122 283 570 322 Nulla patet puppi ſemita nulla viro,
64 310 614 352 Dsuſa meus, medio. ſpe libertati, in hoſte
63 350 568 382 Liber, & iuuico pectore tutus erat.
59 372 689 424 le, olus, dix domimum non nouit Iberum
59 410 592 445 Et ta tota mihi, Iupiter, aula vacat.
1 428 689 483 Hinc quoque fas nobis patriæ ſperare alutem
125 470 570 507 lle mihi Minos hac fugiendus erit.
1 494 730 559 Quid patriæ non præſtat amor? qui falleret hoſte
68 531 654 578 Douſa virum equiit mittere: miſitauem.
432 587 475 607 IV.
335 614 541 646 Iato Douſ Victori
62 661 525 707 Turpis nænia, præficæque queſtus,
62 697 495 738 E triſti precio redempta lingu
1 726 464 768 Et ſuſpiria. turbidique luctus,
1 757 485 799 Et ſingultibus impedita verba
1 787 567 839 Tyrrhenuſq; tubæ frementis horror:
32 817 519 864 Et qui cquid cinerique, funeriſque
1 848 560 894 Pompæ, muneris imputatar vſquam
67 878 529 925 Monemus procul eſte. Ntemo ponit
1 908 587 956 ISepulchrum tibi, Douſa, ſed trophæum
412 960 446 981 v.
185 990 697 1033 Iano Douſa, vire beatisiimo votum pro falicitasa,
337 1031 542 1060 ad Manes etuſdem.
1 1074 524 1118 Felix, qui medio ſuppoſitus polo.
1 1108 544 1158 Fortunæ potult tangere terminum:
48 1138 620 1181 Qui tanquam proprum conſpicit aere
1 1171 526 1221 Et quicquid facies conſpicit aeris,
736 1196 799 1225 Net
513 1203 632 1228 Vu A
