976 1432
167 69 195 90 6
384 69 650 96 IANI DOVL
442 116 582 145 In reticum.
175 151 772 184 Poſſe mihi benete facere, & velle omniæiactas,
205 184 747 219 Nec facis an leuius dicere, quam facere eſt?
179 216 973 264 Haud puto, namque potes, cupias tantummodo; verum.
208 248 716 282 Inuidia eſt, quæ te munificum eſſe vetat.
173 279 726 310 Largitrix quo lingia mihi, ſi mortua res eſt?
210 311 704 342 Noſque opera & factis fallere cura tibi?
176 344 835 375 Promto animo. non lingua opifer ſpectatur amicus.
916 344 974 379 ds
210 372 675 403 Poſe tuum nolo Cretice, velle volo.
365 420 642 449 In Manim, Cauſidicum.
175 455 722 490 Vix nareà puero vix Peta edoctus & Alpha;
208 488 652 520 Nil niſi ſtribligo, nil niſi barbaries;
174 520 760 553 Haganum ad Puteal cauſas agis & fora frangis
913 521 974 560 I
201 552 644 583 Omnia, rauca tuis facta patrociniis
171 583 784 619 Vnde ſatur bene re geſta, pinguiſque reuertens;
203 615 846 649 Magnificeque vnum ad quodque ſcreans ſpatium,
171 646 710 678 Per fora, perque vias anſato corpore cedis;
201 677 595 709 Faſtidi plenus, plenus auaritiæ
169 709 801 747 Mox de iure domi Reſponſa clientibus edens
203 742 643 770 Sæpe nouas lites, lis vbi nulla, ſeris.
171 771 798 806 Scilicet hinc prægnans tibi rerum acceſſio, Mani,
199 803 734 835 Hinc grauis immenſo ſacculus ore tumet.
168 833 742 870 En cui piſcator ſa larim, venator aprugnam,
201 867 701 901 Mittat aues auceps. ſuccidias Corydon.
165 896 730 935 At tibi tricenis præſtantem millibus Aulum
199 929 750 965 Quinti progeniem, linguæ vtriuſque ſcium,
163 959 794 992 Iluuies & ſquallor habet. dum murice ſtratum
196 990 687 1030 Eſſe forum mallet; ac domicænia agit
163 1024 829 1064 Nec tamen eſt inopem miſerans qui curet amicum;
194 1056 757 1092 Quem veluti ſacrum tangere quiſque timet.
160 1085 733 1119 In cauſaipſe ſibi eſt, verſus & ludicra ſectans.
184 1117 738 1151 Quid mihi cum Muſis Practicus eſſe volo.
158 1148 788 1190 Plectra chelyn, thyrſos, & ſcinde Thalia coronas,
191 1180 743 1222 Si dare dare cauſidico Bartolus iſta poteſt.
832 1218 965 1254 In
