976 1432
350 87 585 112 sYLVA.
762 97 816 117 s
65 119 704 163 Bi pharetræ concuſſit onus, bis ſingula luſtrat,
64 163 673 191 Et patrias percurrit opes Pars ferrea tora eſt,
104 192 659 224 Et non diſſimilem ferro promittit amorem.
42 224 791 260 Hinc gemitus triſtiſque dolor, lachrymæq ſequuntur
59 256 689 288 Semper & ad ſ rdos dominæ conuitia poſtes.
54 289 698 320 Snt & odoratis Libani quæ cædere ſyluis
41 320 682 350 FTeſtinus conſuuit Amor pars vltima tantum
44 351 670 383 Cuſpide munitur, ſed quæ. ſi dicere verum eſt
46 383 714 413 Vatibus & quicquam pudor eſt neſcire Deorum,
55 411 652 446 Ciinali non mator ac., tamen oſſibus pſis
41 448 697 480 Hæret & attonitam percurrit vulnere mentem.
38 480 710 510 Præterit has omnes, nec enim tum cura, ſagittas,
98 511 698 540 Aut opus eſſe v:des, geminaſque educit ab alto
56 541 771 573 Humentes vutum lacymis. Has Thracius Orpheu
1 573 697 605 Senſerat, incumbens deſerto languidus Hæmo,
40 604 628 641 Et non oblitos fto tranimiſit amores.
1 637 679 678 enſerat has cato iuuenis quem perculit igne
35 668 593 701 Aſteris: & ſi quem tædis felicibus vſſit,
37 700 723 728 Aut famæ donauit Amor. pars humida mults e
30 730 678 767 Ambroſiæ ſucco ſemperque virentibus herbis
1 761 704 805 Qas vrrhæ producit apex. pars triſte venenum
1 793 590 842 Et non innocui prætendit ſpicula ferri.
33 824 705 855 Arripit extempio quæ viſa eſt pulchrior harum,
42 856 644 888 Eque oculs acres a c cendit mollibus ignes,
31 887 718 917 Ridentis Mariæ volucremque hoc igne ſagittam
60 918 619 951 Imbuit, & totos iuueni demittit in artus.
2 949 667 989 Pertentatque animæ latebras Ille inſcius ora,
2 981 664 1019 Et riſus faciles, nec duram in virgine formam
1 1012 642 1050 Diligit incipens, & adhuc ſecurus amorum,
60 1044 686 1080 Nollet abeſſe tamen. Batauis diſceder certa et
1 1075 617 1125 Finibus, & rurſus patrias defertur in oras.
61 1105 685 1139 Aſpicit abſentem, totuſque in imagine formæ
37 1138 638 1171 Vertitur & ventos animo metitur & vndas.
64 1171 653 1203 Paulatim gemitu pa ulatim vota ſequuntur,
40 1202 738 1239 Et quicquid plebs læſa ſolet. mox carmina manant,
767 1243 798 1266 Et
1 1251 71 1291 ,
