976 1432
285 59 640 95 EPIGRMMATA.
404 111 531 134 In Cinnam.
56 138 708 206 il non Iane mihi renuiſque negaſque roganti,
147 180 633 224 Hæc mihi per totos occinis vſque dies
1 199 775 266 e Quæ tibi dic, inquam. quæ dem tibi munera Cinnat
56 236 709 294 Parua verecundum mittere magna graue eſt
56 272 711 326 Munera ſi Douam poſcis, non poſcis amicumt:
146 306 612 354 , fuge, te noſtri non decet eſſe chori.
1 324 749 395 Sed quid ago? redeas nec te mea verba morentur
150 369 624 417 Vt pacto inter nos fœdere conueniat.
116 395 747 452 Quomodo Cinna rogas vt ſit ius faſque deineeps
149 429 656 481 Quæque rogare tibi Cinna, negare mihi
386 484 538 505 De Arrocrea.
56 510 662 571 Artocrea inanus non eſt, me iudice; at ille
150 553 622 590 Inſanus ſanum qui putat Artocream.
342 597 597 624 Ad Ianum Hiautenum.
122 630 721 689 Quid quereris frigere tuas Hautene Camœnas
1 628 57 664 m,
152 668 579 711 Hollandæ fidicen ingenioſe Lyra:
119 695 640 746 penſarique tuos non æqua lance labores?
150 726 643 775 Inuidiam haud aliis moribus eſſe ſcias:
117 761 670 811 Eia age, fer patriæ faſtidia, municipumque
149 790 709 839 Contemptum exemplo teminere diſce meo.
121 821 633 876 Nec primss nos eſſe puta qui talia paſſi:
155 846 710 901 NuIla Arete non de tempore queſta ſuo eſt.
121 887 631 938 Et ſua Mæonidem riſerun ſecula lectus
154 917 649 964 Ennius eſt ſaluo Roma atone tibi.
125 944 730 1002 gcripta placent à morte ferè: præſentia ſordent
157 984 615 1028 Vſibus aſſiduis, copiaque ipſa nocet
124 1006 761 1067 e quoque ſublatum ex oculis tua Leida requiret.
159 1045 678 1096 5æpe venit magno fœnore tardus honos.
127 1068 754 1127 atdus honos, ſed verus honos plaudentibus alis
158 1107 656 1155 autenum t cœlo poſtuma fama beet,
125 1138 708 1194 Interuallo opus eſt. Virtuti hæc gratia ſemper
161 1177 534 1221 Aſera tribui poſteritate ſolet
767 1197 834 1228 Elgia
587 1207 656 1231 F 4
1 1246 54 1272 In
