976 1432
333 83 587 109 sYVÆ.
746 94 810 118 Ios
64 114 667 159 Carmen erit. donec patrias aſſurgat in artes,
63 159 660 185 Et iuſta Batauum moderetur voce Senatum.
287 206 601 236 In nupttas Iohannis Milandri.
59 247 664 280 Iam prope bis denæ fugerunt ordine meſſes,
16 278 695 313 Et toties ſucceſſit hyems, cum præmia laudum
56 310 617 345 Victrices populi viderunt cingere laurus
96 343 690 375 Naſſouios poſtes. ſcit corniger omnia Rhenus,
55 376 635 407 Et ſæpe Heſperio mutatus ſanguine Moſa.
1 408 661 446 Ipſa Venus bello grauidas contingere ſedes
54 440 636 471 Horruit, ac quamuis Getico dilecta marito
54 472 683 503 Fugit: & imbellis quid enim qui mallet Iberi
54 503 719 535 Vulnera mille patileuibus ſuccumberet armis?
54 536 674 566 Aforibus conceſſit Amor cum Principe viuit
53 566 605 598 Cætera turba ſuo, furtimq; elabitur ætas
53 598 660 630 Omnibus, & primi pereunt victoribus anni.
53 630 718 662 Viderat hoc quondam, domuique vt pareeret vni
34 660 630 694 Iupiter horrorem Batauis ſecedere terris
33 693 678 724 Iuſſerat armorum: vacuum Cythereia regnum
53 724 656 757 Occupat inſurgunt leuibus certamina telis,
53 756 644 788 Nil metuenda viris deſuetaq; corda puellis
53 787 714 818 Paulatim incipint miteſcere. Primus in hoſtem
54 819 614 851 Incidit, arcanos cui fas cognoſcere ſenſus
54 851 653 884 Prncipis, & vulns orroius abſtulit heros.
55 883 674 914 Prima domi vidit, vacuum clangore tubarum
1 898 607 946 Cſtrorumque metu. tuto ceſſare cubili,
1 944 683 996 Primaque ceſſantem flammis immiſcuit æſtas.
54 977 688 1011 Ille quidem nollet, primoſque vlciſcitur ignes,
54 1008 674 1043 Et pudet ætatis memorem, ſeruire ſenectam,
1 1040 675 1073 Nec videt eſſe Deam, dum captus imagine tal
1 1072 700 1106 Fata minor ſequitur, meliuſque indulget amori
55 1103 731 1138 Quem plus poſſe videt. Non tales Cynthia vultus
1 1136 628 1168 Nubibus exeruit, cum plenis lucida fulget
3 1167 672 1200 Cornibus & totos mortalibus imputat ignes.
57 1200 643 1237 Nil ſic Phidiacæ, nil tantum Mentoris olim
486 1231 799 1257 Xxx 2 Forma-
