976 1432
938 16 973 45 I
326 85 575 108 sSYILV.
732 87 815 110 I
59 127 631 163 Talibus Egere quondam dictauit in vlnis
42 158 795 194 Quod ius cunq; foret: nec pulchra incumbere Diuam
41 191 620 226 Canitie piguit, nec longos horruit annos.
41 222 647 259 Ipſa pares frugum Cretææ in vallibus Idæ
76 255 596 287 Iaſiona ſum viridi quem fouerat æuo,
45 284 783 323 Nunc quoq; ſemper amat; poſtquam illum ſerior ætas
41 318 581 355 Attigit & ſparſi niuibus ceſſere capilli
42 349 691 385 Nunc quoq; Tithoni lepidæ coniuncta ſenectæ
42 380 692 414 Memnonis alma parens, roſeo tot ſæcula vultu
52 412 626 450 FEulget & ignauas aſpectu diſcutit vmbras.
43 442 692 478 Nec nocet amplexu veterem fouiſſe maritum,
49 475 673 513 Sed Cephali laſcius amor, ſed callida noctis
48 506 702 543 Gaudia, ſed blandis iuuenem cinxiſſe lacertis.
48 537 675 569 HInc Dea mane rubet, teneroq, oruſa pudore
102 570 619 601 Prodit & erectos vix audet tollere vultus.
1 601 672 633 l Sed tbi nec matres Graiorum è fiuibus ortæ,
48 633 636 674 Romanæ q; nurus viuendi exempla dedere
47 664 627 702 Aut mores finxere tuos, quos nota libido
48 697 607 727 Et non inſolito traxerunt ſæcula luxu:
49 727 615 765 Sed patrii titus, ſanctiſq; exculta Batauis
106 760 648 794 Vna verecundas præſcripſit regula leges
50 793 686 825 Nec tibi laſciuos pudor eſt non tangere vates,
51 819 710 866 Et quicquid peccare docet: ſors illa virorum est
51 853 681 898 Eruere annales, ſcelerumq; inquirere formas,
52 884 668 929 Quos aliquid neſcire nefas, quos ponere iura
53 915 664 956 Criminibus natura dedit, doctrina pudorq
53 946 697 989 Non bene conueniunt.decet ignorantia caſtas,
54 980 593 1018 Et qantum liceat tuto neſcire fatetur
52 1008 772 1055 Quam thalamo ſacrauit ymen: cui tangere vittas
58 1042 627 1081 Legiferæ Cereris, ſactiſq: aſſiſtere fas eſt.
54 1074 635 1115 Sed neq; torpori gelido triſtiq; ſenectæ
57 1101 713 1146 Virginitas denota tua eſst, quam pectore toto
110 1137 654 1171 Vritur infelix: nec quiſpiam ardentius illo
1 1165 637 1211 Optauit tenero primum percuſſus amore
57 1202 610 1248 Sidereos lgnes toto increbreſcore cœlo,
784 1232 815 1253 t
563 1236 688 1260 4
