976 1432
346 73 593 101 SYLVÆ.
736 84 822 113 I067
40 112 669 151 Oſtendunt tibi fata virum: nec dignior illo
43 143 752 184 Quiſquam nocte tua eſt Sed proſit gratia morum,
58 177 646 212 Sed proſit miſero clementia qualis amauti
42 205 679 240 Sæpe fuit. talem meruit, non durus, amorem
47 239 698 274 Ipſe egomet, quamuis pelago diuiſus & vndis,
53 270 713 309 Senſi animum miſerande tuum luctuſq; notaui,
52 302 667 339 Et tecum gemui, quamuis ignarus & abſens.
55 339 696 370 Spe etiam nullo ſtupuit: mens noſtra dolore;
49 370 583 403 In te cauſa fuit. pars noſtri vixit in illa
14 392 637 431 In qua tu dominam neſcires vincere terra.
49 436 648 466 Nec non & Veneri, nec non & plurima nato
50 463 647 492 Pro te vota tuli: nec non & carmine duras
50 498 695 530 Flectere tentauiquo gaudent numina, mentes.
50 529 652 561 Vicimus O ſuperi.lætas Hymenæus adaures
51 557 604 594 Fertur & in tuta victor ſtatione recepit
1 593 671 625 Gaudia iam promiſſa ſibi. ſed gaudia tantum
50 625 694 656 Sunt prom ſſa tamen quæ iam vicina, videntur
47 652 709 688 Percurruntq; animum, defixaq; ſenſibus hærent.
39 686 645 720 Iam tibi ſuſcepit ſperatam Cynthia noctem
40 719 720 749 Soluere, iam Phœbus quoties caput exerit vndis
40 748 660 783 Purpureum, quories bducit gurgite vultus,
51 783 677 813 Obligat optantem nil iam niſi baſia mentem.
51 813 710 845 Iam tua labuntur tibi tempora, iam tibi grata eſt
932 829 968 870 I
26 833 639 877 Lux, vt quæqs perit quæcunq; elabitur hora
933 870 968 901 I
38 877 671 907 In lucro miſerande tibi eſt. iam feſſus & ægto
48 907 639 942 Proximus inſomnes exerces pectore curas
32 939 691 972 Aut ſi quis miſerum blandis ſopor irrigat alis,
37 972 624 1006 Somnia cernuntur veras imitantia tædas.
30 1003 736 1036 Sic thalamis præludit Hyme a. Berchemia vultum
1 1025 609 1075 Applicat abſenti, rurſuſq; elabitur vlnis.
34 1066 595 1096 Ah quoties illi niueis formoſa lacertis
54 1096 769 1133 Hæret in amplexu quid enim non ſomnia poſſunt?
54 1129 654 1165 Baſiaq; indulget, forte & non baſia tantum:
54 1161 642 1192 Sed virgo poſt illa manet quæ reſtat ab illa
1 1173 642 1228 Altera, tam caſtæ non eſt abitura voluptas,
1 1223 57 1248 .
746 1233 796 1256 Nec
