976 1432
359 75 494 99 rLV.
749 85 805 110 H7;
62 110 670 145 Conderet, & totum ſeruaret gentibus otbem,
62 145 723 177 Quas diſtinguit humus quas omnis diuidet ætas,
61 174 629 207 Igorata ſibi. Nam quamuis ſæpe vetuſtas
45 208 717 240 Expugfanda fuit quamuis tot vulnera membris
40 241 602 270 Duxerit infelix, quoties Theſeius heros
40 269 647 304 Pars non vna ſui, medio quærendus in agro,
58 303 690 336 Et rurſum iungendus erat, cum ſraude rouercæ
32 337 703 368 Occidit impulſu volucrum diſtractus c qu ium,
40 367 633 398 Aut Amphioniis noiiſſima fabula hebis
42 399 593 430 Infelix iuuenis, materni præda furoris;
55 431 760 461 Plus tamen eſt, quem non populi videre nec vrbe
29 461 688 495 Inueniſſe Deum,totque annum millibus annis
26 495 644 532 Reddere ſepoſitum; totoquearceſſere cœlo.
129 528 703 558 Stat Meroe longis qua citcumfunditur vndis
26 559 610 589 Accuſata tibi, cœloque intenta Canopus,
27 588 672 622 Et fruſtra reſono gauiſæ Mſemnone hebæ.
55 621 687 653 Stat Mithræ gens ſacra ſuo queriturq, nec aris
6 635 652 683 Nec tot cornipedum cæſis reperiſſe ſub extis
30 680 698 716 Depoſitum Sol magne tuum. ſta Græcia mater
8 702 624 780 ::
60 779 664 810 Confeſius debere tibi quos cæca vetuſtas
60 810 625 844 Abſtulerat tenebris totoq; exemerat æuo.
9 841 617 874 OQuamuis vana ſuis indixit tempora faſtis,
13 873 613 915 Mendax ſæpe ſibi. quamuis annoſq; dieſq;
15 905 544 938 Iupiter Eleæ decepit puluere pugnæ.
126 936 651 969 Quæ nox, & ſuperi cæcæue ignauia mentis,
20 959 659 1000 Hactenus obſeſſos hominum caligine ſenſus
64 999 649 1032 Imuoluit, tocmque genus? tot ſæcla virorum
7 1026 736 1070 Illuſtreſque animas? cur nunquam Delphica? rupes,
64 1063 657 1094 Aut volucres Dodona tuæ, Clariique vetuſtas
64 1094 660 1126 Numinis, Iſmeni vel qui bacchatur ad vndas,
1 1125 591 1173 Reſponſo iuuere ſuo? anthique beatæ
29 1157 617 1195 Explorata fides, ſccæqae habitator arenæ
1 1186 636 1221 Et fruſtra genitor t ellæo creditus Ammon
577 1226 630 1254 I5
751 1226 791 1247 r
196 1222 375 1252 Tmus ſecundus.
