976 1432
430 80 629 106 AN. Ei .
165 82 235 108 H74
164 117 724 154 Cur non ambiguas miſerunt numina ſortes,
165 152 744 186 Tantaque tam longis iacuit depreſſa tenebris
165 181 682 220 Relligio? noſtroſuperi cur redditus æuo
166 215 796 247 Quod mnndus neſciuit adhucicur læcula cuncta
163 246 699 280 am tenebris damnata ſuis conceditis vni,
166 278 786 314 Quo nullus virtutis onos? quo tempora deſunt
164 309 720 344 Artibus & ſolum faciunt il ſcire beatum
194 342 712 376 Seu te riptolomi, ſeu te Gangetica vexit
163 371 731 406 Bellua, ſeu totum Cybele circuntulit orbem,
162 406 757 440 Aut quo Bellerophon ſapientes prodidit vndas
165 437 749 471 Nixus humoPhœbuſque ſuas tibi flectere ſoli,
1 435 65 459 lſ
167 469 780 505 Quasmale frænarat Phaethon, conceſſit habenas,
162 501 626 531 Endymioneæ ſeu te dementia Lunæ
162 534 702 566 Cepit, & occulto ſopitum condidit antro;
161 564 666 595 Hæremus taciti. virtutis maxima noſtræ
160 595 817 635 Laus anguſta tibi eſt. ſtupor eſt quo magna coluntu
2 627 60 653 i
160 626 738 661 Numina. Sic tædas cum myſtica iactat Eleuſis,
36 654 79 683 ut
160 657 697 691 Hæret in ambiguo populi pats vna tuentis,
160 687 695 722 Cunctaque miratur. iuuat ignorantia veri,
161 719 716 755 Et ſatis eſ horrexe Deum: pietaſque pauore
160 752 711 787 Creſcit, & ignaris maieſtas mentibus hæret.
158 783 722 819 Aut vbi quæſitum toties, totieſque repertum
159 815 766 849 Liniger inſtanti populo demonſtrat Orſirin,
158 848 700 884 Conditaque inſani deducunt orgia myſtæ;
157 878 798 913 Pleb credit quod neſcit adhuc. ſtupet inſcia turba,
156 909 694 938 Et pietas cæcos animis inſtillat honores.
192 941 819 977 Quæ tibi nam noſtræ perſoluant præmiaM ſ?
3 948 62 966 ill
157 972 782 1010 Quæ merces ſat magna tibi eſtquæ carmina curis
156 1003 684 1041 Non indigna tuislaliis diuturna petuntur
154 1035 688 1072 Nomina, venturos inter manſura nepotes,
154 1066 763 1105 Et longæuus honos. quicquid tibi reddere poſſit,
153 1100 731 1134 Ate tempus habet. tua mundus ſæcula currit,
153 1132 666 1165 A te principium venientis ducimus æui
152 1162 740 1199 Proles vera Deûm. Quiquid mortale tenemus
151 1193 650 1233 Eripuit natura tibi. non munus lacchi,
791 1237 847 1261 Non
