976 1432
58 1 206 28 A
377 84 555 112 SYLVA
761 93 857 118 1075
94 125 746 159 Non Veneris fregit natam ad cœleſtia mentem
87 159 677 190 Submiſitquet bi pauidus ſua tela Cupido,
137 190 639 222 Indignus virtute tua, niſi upiter illic
137 222 636 254 Eſſet, & ignauis ceſſiſlent fulmina telis,
138 255 718 287 Quæ ceſſere tibi. non dulcia monſtra puellæ,
136 287 654 314 Imbelli dubios flexerunt lumine ſenſus,
136 318 669 351 Et conſanguineæ certiſſima mortis imago
137 351 694 381 Somnus iners; vitæ pars ignauiſſima noitræ.
135 382 668 415 Sic tibinec torpo, nec deidioſa voluptas
133 415 757 446 Prpoſitum ſuſpendit opus, nullumque vacauit:
136 446 702 479 Tmpus & infirmis ſapientia venit ab annis
133 478 730 510 Dum longum ſucceſſit iter qua cærula Tethis.
3 507 65 536 -
135 510 740 544 Qua nondum Oceanus diuerſo nomine dictus
132 542 664 573 Incipit infuſus medias diſtinguete terras,
133 573 623 606 Etrurſus geminis Alcidæ finibus exit,
134 604 696 639 Quos natura ſecat populos, aut diuidit aer,
131 637 634 667 Aut fluuiis, iuerſa ſuis interfluit vnda,
132 667 738 699 Pectore cuncta tenes; linguæ diſcrim ina mille,
131 700 726 730 Et totidem populorum artes & nomina rerum.
131 730 759 765 Nec Phœbus veniens nec cum ſe condt in vndis
131 762 737 795 Conſpexit plu mente tua, non terminus illi eſt,
130 794 825 829 Quæ male vicinu Borean pars mittit & Auſtrum:
129 825 684 860 Nec qui lumin ibus ſubiertrahit aera noſtris
129 860 619 886 Inuidus, & latum finitor diidit axem.
129 889 705 924 Quot centum populis, quod toti ſufficit orbi
128 920 767 951 Laudis ſumma tuæ eſt pereant diſcrimina rerum;
77 953 679 987 In te mundus erit: toties mirabimur vnum,
129 983 766 1024 Qot veper populos, populos quot reſpicit Eos.
162 1016 751 1048 Sic tua cum noſtras fugiant præconia laudes,
64 1048 628 1078 Accedit tacito furtiua calumnia morſu.
99 1079 694 1112 Et ſolus populo qui ſis quantuſque fatetur
7 1104 64 1130 l
126 1112 671 1139 Liuot iners auimi: maiores ſoluit honores
127 1142 781 1176 Amula gens tibi laude mea: quos tollere Phœbus:
61 1174 734 1207 Neſcit & attonitæ nequeunt perferre Camœnæ.
123 1207 724 1243 Namq; vbi ſupremo rerum ſtetit orde virtus.
544 1242 820 1271 I2Du-
55 1353 93 1385 u
