<PcGts xmlns="http://schema.primaresearch.org/PAGE/gts/pagecontent/2017-07-15" xmlns:xsi="http://www.w3.org/2001/XMLSchema-instance" xsi:schemaLocation="http://schema.primaresearch.org/PAGE/gts/pagecontent/2017-07-15 http://schema.primaresearch.org/PAGE/gts/pagecontent/2017-07-15/pagecontent.xsd"><Metadata><Creator>User123</Creator><Created>2020-04-19T08:48:33</Created><LastChange>2020-04-19T08:48:33</LastChange></Metadata><Page imageFilename="0209.png" imageHeight="1432" imageWidth="976"><TextRegion id="r0" type="paragraph"><Coords points="1,1 974,1 974,1430 1,1430"/><TextLine id="r0_l001"><Coords points="973,1 937,1 937,9 940,14 965,13 973,16"/><TextEquiv index="1"><Unicode></Unicode></TextEquiv></TextLine><TextLine id="r0_l002"><Coords points="884,19 884,33 919,33 919,19"/><TextEquiv index="1"><Unicode></Unicode></TextEquiv></TextLine><TextLine id="r0_l003"><Coords points="786,122 797,111 822,111 822,99 753,99 753,123 776,123"/><TextEquiv index="1"><Unicode>g07</Unicode></TextEquiv></TextLine><TextLine id="r0_l004"><Coords points="345,100 345,124 506,124 506,100"/><TextEquiv index="1"><Unicode>SYLAÆ</Unicode></TextEquiv></TextLine><TextLine id="r0_l005"><Coords points="288,175 502,172 525,170 670,169 670,139 201,139 188,141 91,140 83,146 80,152 59,152 59,177 256,177"/><TextEquiv index="1"><Unicode>Siquid Scaligeris aſſcribunt tempora Diuis,</Unicode></TextEquiv></TextLine><TextLine id="r0_l006"><Coords points="256,207 375,206 415,204 474,204 502,202 657,200 657,172 503,172 405,175 288,176 162,180 91,178 83,184 58,183 58,208 215,209"/><TextEquiv index="1"><Unicode>Et quicquid fortuna dedit, eddatur inerti</Unicode></TextEquiv></TextLine><TextLine id="r0_l007"><Coords points="677,201 502,203 474,205 415,205 375,207 256,208 152,211 58,209 58,237 394,237 566,233 647,233 654,235 666,235 677,237"/><TextEquiv index="1"><Unicode>Inuidiæ: tantos ptoauorum tolle triu:mplos,</Unicode></TextEquiv></TextLine><TextLine id="r0_l008"><Coords points="220,272 226,269 254,269 262,271 328,271 396,268 491,267 572,264 646,264 646,235 494,235 186,242 113,242 57,240 57,272 211,273"/><TextEquiv index="1"><Unicode>Et pulchræ pereant virtutis præmia lauri,</Unicode></TextEquiv></TextLine><TextLine id="r0_l009"><Coords points="447,299 568,298 603,296 611,293 622,293 629,295 669,295 669,265 572,265 491,268 396,269 328,272 262,272 254,270 226,270 220,273 211,274 157,275 57,273 57,304 297,304"/><TextEquiv index="1"><Unicode>Begaleſque aquilæ, priſeq. inſignia gentis</Unicode></TextEquiv></TextLine><TextLine id="r0_l010"><Coords points="474,331 497,329 647,327 647,296 609,295 603,297 568,299 447,300 417,302 257,306 61,305 56,308 56,333 399,333"/><TextEquiv index="1"><Unicode>Tanto maior eris, quanto plus incipis eſe:</Unicode></TextEquiv></TextLine><TextLine id="r0_l011"><Coords points="582,359 685,358 685,330 497,330 474,332 400,333 375,335 259,336 212,339 70,338 70,361 541,361"/><TextEquiv index="1"><Unicode>Et minimum eſt in laude rua laudata tuorum</Unicode></TextEquiv></TextLine><TextLine id="r0_l012"><Coords points="261,399 303,399 399,395 464,394 486,392 686,388 686,366 322,366 218,370 60,369 54,371 54,397 64,400 228,401"/><TextEquiv index="1"><Unicode>Progenies. à te ſtirpem numeramus auorum,</Unicode></TextEquiv></TextLine><TextLine id="r0_l013"><Coords points="317,430 361,430 429,426 502,425 543,422 589,421 642,421 648,424 771,426 771,388 564,391 182,403 115,403 97,401 64,401 52,397 52,433 238,433"/><TextEquiv index="1"><Unicode>Et quicqnid fuit ante, tuum, eſt tu ſanginis auctor,</Unicode></TextEquiv></TextLine><TextLine id="r0_l014"><Coords points="391,459 472,458 525,455 636,454 636,422 543,423 502,426 429,427 361,431 317,431 288,433 140,434 140,462 332,462"/><TextEquiv index="1"><Unicode>Et finis virtutis eris. tecum occidet ila,</Unicode></TextEquiv></TextLine><TextLine id="r0_l015"><Coords points="225,496 351,494 375,492 597,485 597,456 525,456 472,459 391,460 194,467 111,466 90,464 85,462 79,456 56,457 56,498 205,498"/><TextEquiv index="1"><Unicode>Et generis ſeries à te ducetur in omnes,</Unicode></TextEquiv></TextLine><TextLine id="r0_l016"><Coords points="278,527 328,527 360,524 467,522 490,520 647,515 717,515 724,519 745,519 745,483 643,483 638,485 611,486 512,488 351,495 225,497 183,500 108,499 108,529 232,529"/><TextEquiv index="1"><Unicode>Quos olim Verona tulit. numquam inclyta virtus</Unicode></TextEquiv></TextLine><TextLine id="r0_l017"><Coords points="354,557 426,552 474,552 532,548 567,549 599,548 608,546 637,546 660,548 660,518 576,518 467,523 360,525 328,528 130,531 125,534 107,534 107,558 308,558"/><TextEquiv index="1"><Unicode>Antores poæuos. &amp; nomina longa ſuorum</Unicode></TextEquiv></TextLine><TextLine id="r0_l018"><Coords points="488,582 607,579 607,549 532,549 474,553 400,554 354,558 309,558 233,561 109,560 109,584 464,584"/><TextEquiv index="1"><Unicode>Miſcet laude ſua pecii forteſq; Camlli</Unicode></TextEquiv></TextLine><TextLine id="r0_l019"><Coords points="255,621 296,622 329,620 364,620 385,618 449,617 479,614 671,608 671,584 465,584 434,586 401,586 347,591 284,591 175,594 107,593 107,623 243,623"/><TextEquiv index="1"><Unicode>Maiores generis, ſolſque habuere parentes</Unicode></TextEquiv></TextLine><TextLine id="r0_l020"><Coords points="348,653 384,650 535,645 583,642 674,641 674,610 616,610 563,613 479,615 427,619 385,619 364,621 329,621 296,623 255,622 216,626 120,625 112,626 112,656 216,656"/><TextEquiv index="1"><Unicode>Qos natura dedit melius ſic incipit ordo</Unicode></TextEquiv></TextLine><TextLine id="r0_l021"><Coords points="350,682 401,682 437,679 524,677 588,673 659,673 659,648 459,648 435,650 384,651 348,654 131,658 114,660 114,687 230,687"/><TextEquiv index="1"><Unicode>Et pariter proauos parite iunxere nepotes</Unicode></TextEquiv></TextLine><TextLine id="r0_l022"><Coords points="446,711 484,708 558,707 583,705 647,705 647,676 547,676 498,679 437,680 401,683 350,683 264,687 205,688 188,690 116,689 116,715 333,715"/><TextEquiv index="1"><Unicode>Nobilitate ſa. ſtet quolibet ordine virtus,</Unicode></TextEquiv></TextLine><TextLine id="r0_l023"><Coords points="893,700 893,785 921,785 921,700"/><TextEquiv index="1"><Unicode></Unicode></TextEquiv></TextLine><TextLine id="r0_l024"><Coords points="406,742 443,742 549,738 586,735 648,735 648,706 583,706 558,708 484,709 446,712 369,715 260,717 244,719 193,721 113,722 113,750 212,750"/><TextEquiv index="1"><Unicode>Incipiet debere ſibi quod quiſque parenti</Unicode></TextEquiv></TextLine><TextLine id="r0_l025"><Coords points="140,786 161,786 189,782 305,779 427,773 494,772 534,769 570,769 597,765 631,765 631,737 569,737 549,739 443,743 406,743 355,746 213,750 169,753 85,752 67,749 57,739 3,740 3,778 53,777 56,784 60,788 124,788"/><TextEquiv index="1"><Unicode>Imputat &amp; nullis deducet nomina faſtis.</Unicode></TextEquiv></TextLine><TextLine id="r0_l026"><Coords points="249,811 314,810 474,804 495,802 582,800 617,797 655,797 655,767 587,767 570,770 534,770 494,773 427,774 305,780 189,783 161,787 114,789 114,815 187,815"/><TextEquiv index="1"><Unicode>Ipſa ſui compos titulia ſuccumbere neſcit</Unicode></TextEquiv></TextLine><TextLine id="r0_l027"><Coords points="412,837 481,836 614,829 692,828 692,797 617,798 582,801 495,803 474,805 314,811 249,812 210,815 116,818 116,840 365,840"/><TextEquiv index="1"><Unicode>Anxia. Sic Peleus minor eſt collatus Achilli,</Unicode></TextEquiv></TextLine><TextLine id="r0_l028"><Coords points="481,867 526,863 591,863 615,861 691,860 691,830 614,830 481,837 412,838 342,842 310,842 291,844 254,844 163,848 117,848 117,873 320,873"/><TextEquiv index="1"><Unicode>Nec tantum ge nitrix nec tanum luppiter illi</Unicode></TextEquiv></TextLine><TextLine id="r0_l029"><Coords points="690,891 722,891 729,895 735,895 735,863 526,864 481,868 458,868 393,872 321,873 304,875 237,876 225,878 195,879 116,879 116,910 146,910"/><TextEquiv index="1"><Unicode>Quantum Troia fuit minor eſt Cyrhereia mater</Unicode></TextEquiv></TextLine><TextLine id="r0_l030"><Coords points="149,944 156,943 161,939 242,939 267,937 346,936 398,932 530,928 578,925 682,924 682,894 577,895 536,898 448,900 373,904 327,904 194,910 116,911 116,949 145,949"/><TextEquiv index="1"><Unicode>Qam parer Æneæ, medio ſurreptus ab igne,</Unicode></TextEquiv></TextLine><TextLine id="r0_l031"><Coords points="450,961 533,960 574,957 658,955 658,926 578,926 530,929 398,933 346,937 267,938 242,940 161,940 156,944 149,945 145,950 116,950 116,965 399,965"/><TextEquiv index="1"><Unicode>E Thuſco toties ſudantes ſanguine campi</Unicode></TextEquiv></TextLine><TextLine id="r0_l032"><Coords points="383,996 426,996 448,994 507,993 592,988 730,986 730,961 450,962 375,967 291,969 219,973 146,974 146,999 329,999"/><TextEquiv index="1"><Unicode>At vos magnanimi reges regumque parentes,</Unicode></TextEquiv></TextLine><TextLine id="r0_l033"><Coords points="3,956 3,998 48,998 48,956"/><TextEquiv index="1"><Unicode></Unicode></TextEquiv></TextLine><TextLine id="r0_l034"><Coords points="66,1038 106,1035 128,1036 232,1034 290,1031 358,1030 384,1027 474,1025 492,1023 570,1022 650,1018 737,1017 737,987 592,989 483,995 383,997 357,999 330,999 296,1002 226,1002 188,1005 109,1004 98,1002 91,996 85,996 77,1002 74,1010 2,1010 2,1045 57,1045"/><TextEquiv index="1"><Unicode>unniade idomitiqos inter maximus armis</Unicode></TextEquiv></TextLine><TextLine id="r0_l035"><Coords points="413,1058 475,1057 490,1055 556,1053 628,1053 641,1056 716,1055 716,1021 596,1021 570,1023 405,1027 328,1032 290,1032 194,1036 117,1036 117,1061 373,1061"/><TextEquiv index="1"><Unicode>Cæſar, ouans animi, Phœbo caſtæque Mineruæ</Unicode></TextEquiv></TextLine><TextLine id="r0_l036"><Coords points="458,1087 489,1087 506,1085 599,1084 599,1056 490,1056 475,1058 437,1058 373,1062 223,1064 185,1067 143,1067 118,1069 118,1091 389,1091"/><TextEquiv index="1"><Unicode>Aſſdet &amp;lati miratur limen Olympi;</Unicode></TextEquiv></TextLine><TextLine id="r0_l037"><Coords points="463,1120 483,1118 572,1117 601,1115 683,1115 688,1118 727,1119 727,1082 640,1082 633,1084 506,1086 489,1088 458,1088 287,1096 241,1096 179,1099 119,1099 119,1128 236,1128"/><TextEquiv index="1"><Unicode>Quem circum ingentes litui, fractæque ſecures,</Unicode></TextEquiv></TextLine><TextLine id="r0_l038"><Coords points="1,1096 1,1129 49,1129 49,1096"/><TextEquiv index="1"><Unicode></Unicode></TextEquiv></TextLine><TextLine id="r0_l039"><Coords points="583,1147 696,1146 696,1119 518,1118 386,1124 352,1124 281,1128 209,1129 189,1131 118,1131 118,1154 387,1154"/><TextEquiv index="1"><Unicode>Et detracta ſuis dependent hoſtibus arma;</Unicode></TextEquiv></TextLine><TextLine id="r0_l040"><Coords points="284,1189 391,1187 474,1182 567,1180 652,1179 659,1183 711,1182 711,1150 522,1150 434,1154 388,1154 351,1157 209,1161 184,1163 119,1162 119,1192 225,1192"/><TextEquiv index="1"><Unicode>Hoc gaudete die, qui centum vindicat annos</Unicode></TextEquiv></TextLine><TextLine id="r0_l041"><Coords points="65,1228 84,1226 191,1226 274,1222 401,1219 502,1214 602,1212 608,1211 608,1186 410,1186 362,1189 226,1192 192,1195 124,1193 105,1194 97,1200 87,1200 82,1197 69,1196 62,1192 20,1192 11,1195 11,1234 57,1234"/><TextEquiv index="1"><Unicode>Illuſtri merito magno gaudetenepore:</Unicode></TextEquiv></TextLine><TextLine id="r0_l042"><Coords points="343,1258 394,1258 467,1253 555,1251 563,1243 571,1241 693,1242 693,1212 603,1212 449,1217 401,1220 274,1223 224,1226 121,1228 121,1260 312,1260"/><TextEquiv index="1"><Unicode>Quj modo, non intergaleas enſeſque ſuorum,</Unicode></TextEquiv></TextLine><TextLine id="r0_l043"><Coords points="611,1242 611,1275 887,1275 887,1242"/><TextEquiv index="1"><Unicode>M</Unicode></TextEquiv></TextLine><TextLine id="r0_l044"><Coords points="14,1293 14,1327 57,1327 57,1293"/><TextEquiv index="1"><Unicode></Unicode></TextEquiv></TextLine><TextLine id="r0_l045"><Coords points="50,1364 50,1396 92,1396 92,1364"/><TextEquiv index="1"><Unicode></Unicode></TextEquiv></TextLine></TextRegion></Page></PcGts>