976 1432
351 84 489 108 sLVE.
689 85 806 121 I7
20 123 700 158 Surgat, & antiquis proauûm ſuccedat habenis.
58 155 675 190 Hoc totum Neprane tuis ſperemus abndis,
43 189 591 219 Et fas ſit debere tibi: i nulla petuntur
58 222 656 253 Vellera, nec primis venti pelagique periclis
57 254 667 285 Auratam mercamur ouem, ſed debita laudi
57 285 633 318 Præmra. ſed magnæ eros virtutisnonores,
57 317 700 351 Promiſſumque Aſtræa tuum:quæ sæcula noſtra
55 350 656 382 Et deſolata cum linqueret æthere terras,
54 380 659 414 Munera rara quidem ſed non indebita genti
45 413 655 445 Conceſſit ſupereſſe ſuæ, quæ faſcibus æquis
51 444 591 476 Et ſic manſuras frænaret legibus vrbes,
50 476 619 515 Inuidiam factura Deis: cum pilea ſanctæ
49 509 634 541 Libertatis apex, & magni cenſor honoris
48 540 683 571 Annulus, & ſacrum digitis inducitur aurum.
57 571 694 606 Sed pars magna ſuo titulum præmittit honori
51 602 741 636 Et nudum modo nomen amat: te pima ſedentem,
50 637 574 667 Inter honosatos accepituria patres,
50 665 707 703 Principiumque tibi quonon maiora ſuperſunt,
50 701 611 732 Voti finis erat præceſſit purpura nomen
50 729 745 765 Quod legum conſultus habet. cum prima petuntur
52 761 592 799 Iam ſuprema tenes Felix Aurelia tanti
53 793 679 832 Muneris expenſi felixquem ſoluis honorem,
53 824 602 863 Accipis: & tanto plus eſt petiiſſe labore
53 856 658 893 Quam donaſſe tibi. Per dura pericula ponti,
54 888 662 921 Per dubios fluctus & cæcas cautbus vndas,
55 918 697 959 Inuenies. uod quiſq; dabit. Quid patria noſtra
55 953 646 988 Aut tantum ataui dete meruere Penates,
55 982 672 1017 Quos fugis? Antanti eſt alienas viere terras,
54 1014 675 1051 Ne pontum metuas? Itachine exempla ſecuto
1 1046 721 1088 Pars laudum eſt errare tibi, magnuſq; locorum
55 1078 654 1112 Spectator venies? Abas quocunq; libebit,
56 1109 648 1145 Vel Libycos æſtus fineſque binominis vltra
56 1141 702 1180 Fulminis, & nondum poſiti diſcrimina mundi:
59 1174 704 1208 Vel quicquid vagus Alcides, aut cornigerEuan
57 1202 648 1240 Præmiſit ſuperis longatum e rrore viarum;
560 1241 810 1269 I Iam
