976 1432
888 22 917 39 L
736 87 800 108 o
338 91 503 116 SILVA.
26 129 660 172 A ieuibus parrhis aut oſcinis omine corui.
30 161 737 204 Quicquid eri, ſeu morbus amor, seu cæca voluptas
25 194 600 233 Seu ſuperûm lex eſt & ineuitabile fatum,
37 228 581 261 Ne tibi ſit tanti ſteriles deducere lunas,
28 259 676 298 Et ale fcecundos conſumere molliier annos;
35 288 762 330 Vt nunquam pater eſſe velis. Satis approbat vnu
31 320 643 361 Connubium, qui te talem prius edidit orbi:
26 357 550 393 Ernati virtute ſui plus inclyta mater,
34 386 655 426 Quam ſi caſta ſuos duxiſſet coniugis expers.
37 415 645 456 Sed ſine prole dies. aliquid debeti amori,
28 449 606 490 Et vitæ pars vna petit. Somnuſq; iocique
27 480 597 522 Et vectigales rapiunt plerumque puellæ,
29 508 720 554 Quod permitit opus. quiſquis sibi vindicat iIlud
30 539 734 584 Ouod ſupereſt. ſat laudis habet. cum cuncta dediſt
28 573 677 615 Poſcentt patriæ . patriæ quoque poſcitur hæres,
44 605 632 658 Qui pot fata tuis quod deſit ſuppleat annis.
222 668 667 702 Ad Dom. Baudium, in obitum vcoris.
25 735 483 775 eueritatis temperator & ioci
51 766 549 804 Venſte Eandi. cuius imbre nectaris
52 799 621 838 Meroque meile ſtipia perpluit Venus,
52 826 637 869 Ft dicta, & omne quiquid eſt vſquam tu;
53 859 621 894 Non tranſmarina non Pelſeſga. ſcd OQuiris,
26 893 572 933 Remique neptis, ipſaue ueæ parens
54 923 557 965 Oualisque ſolis ſtat videnda Gratiis,
54 956 606 995 Carens amictus, non venu ſtatum tame
53 987 511 1026 Peculioque corporis, diues ſui.
14 1016 564 1060 Priuaque laude: non potens odoribus
3 1050 585 1090 Offuciaque, quam magis plebes amat:
54 1081 572 1128 Quis adocatus non vt expedit Deus,
31 1114 552 1156 Expectorauit ſpiritum tibi marem,
56 1144 564 1184 Neruosque mentis, & lubidinem viri;
1 1166 577 1216 Dum fata mœſtus comparis gemis tuæ
58 1205 619 1261 Quam compotiuit Aggeruntis Dis patert
444 1243 544 1271 I
735 1240 792 1271 u
