976 1432
325 70 491 92 ,
717 72 781 96 o;
60 114 492 149 Cautuſq; vitat impotentia freta,
72 145 574 180 Dum ponit vnda dumq Iupiter pedem
73 178 535 213 Vtrumque poſcit. Siue Rheni deligis
74 209 549 243 Suaue nectar, ſiue quod Cetæ ferunt.
73 243 515 273 Ni fors Ibera mauelis vel Eetica,
72 274 554 310 Cenſor peritus arbiierque nonleuis,
72 305 625 344 Fugaxque nunquam nec relictor agminum,
73 337 627 367 Cum Bachus & res ſt rennuum poſcit virum;
74 373 555 404 Sed innocent is gaudii memor tamen,
74 401 510 432 Et obſeratæ non amicus amphor,
74 430 597 471 Lamnæque terris quam Deus recondidit.
76 466 480 498 Sic flore ſenſim toxicoq; Liberi
75 497 547 529 Et hoc veneno faſcinatoris meri,
66 529 573 561 Ceu Marſa abactus Theſsalaque nænia,
77 561 518 593 Inmi:aatu ibit in ventum dolor,
75 593 494 626 Et anxitudo mentis, & moleſtiæ.
75 624 569 666 Hac lege noſtram mancupo tibi fidem,
77 656 568 693 Paratus omne quod moues periculum
76 692 505 722 Subire tecum ſiue parcenti manu
78 720 464 754 Stat velltari, ſeu meracioribus
68 748 570 787 Mſentem lubido eſt ſauciare ductibus:
77 776 629 826 Curaſque & omne quicquid ægrimoniæ eſt
77 821 481 856 Primo pedatu diſſipare te parat
73 846 538 883 E liminatus vt ſtruatmœror pedem,
77 880 490 917 Et ſe relictis migret è præcotdir.
71 910 576 947 Non inficeti combibonis vt vicem,
77 936 639 987 Quem non Camœnæ non venuſtates vident
77 975 510 1017 Xanthique potor intuetur Delius,
77 1007 570 1050 Vterque Bacchas ante bacchantes eat,
74 1034 608 1074 Inſaniendo: ve rum amabilem in modum
76 1069 512 1115 Et qualis olim fertur antiqui ſenis
77 1098 551 1139 Nataſſe virtus, Theſſalas inter tubas
76 1136 540 1171 Et ciuico cruore mananteis manus.
68 1165 583 1209 Aut Sophroniſci comis vt ſueuit puer,
40 1200 571 1239 Medulla fandi, landa Siren & V enus.
699 1216 788 1248 N
