976 1432
283 76 460 98 0
712 77 774 105 s;
41 117 570 149 Et dſcolorem exſorbuit vim ſanguinis.
44 151 519 184 Cum triſte munus Oenei partu ſatæ
44 182 490 208 Euiſcerauit baiulum cœli virum.
69 214 458 248 Sic vſque noctu ſæuiebat & diu
45 245 539 281 Qui viſceta olli cæcu ambedit dolor.
36 276 512 312 Quo victa ſæpe, nec potens ſilentii,
42 310 541 344 Impoſque fandi, ſed quiritari memor
42 342 461 368 Feſtiuitatis indolem ſtitit tuæ;
69 372 490 408 Vagore vitam flebili euitans tibi,
69 406 413 432 Et ominoſis eiulationibus.
72 436 505 473 uæ noxia eſſe noxa vatibus ſolet,
70 467 612 505 B næque menti nen leuem fraudem creai,
66 501 530 537 Verum vt celabar ad venuſtates tuas,
69 533 593 568 Orſuſque ſocco nil cothurnatum crepem:
71 561 562 601 Sed qualis olim auus in ſcenam venit
64 592 604 633 Lippum Simonem tangere audax & vafer,
74 626 570 664 Vel quæ talento Pythias mungit ſenem
46 655 619 695 Cum captat auras & ſubinde humum fugit:
46 689 563 733 Nunc compedum ſolutus & triſtis iugi
42 723 545 759 Liber vagaris, quo ſerenus impetus
70 750 568 789 Et nata magnis indoles mentem trahit,
70 785 527 822 Dotis benignæ candidatus & cliens.
73 817 516 854 Hanc eſſe quippe natio mortalium
73 851 558 886 Æ. ta ti agundæ non inurilemautumat:
72 881 521 912 Et iu fateri eſt ni Trebatius grauis,
72 911 515 948 Conſultus æqui, iuris antiqui ſciens
61 944 497 982 Diſſentienteis oggeris ſententias.
45 974 547 1019 Hæc & tepeatis ſuſcitabulum foci,
64 1006 557 1047 Dapiſque blandæ præbitrix eſt & meri,
72 1038 559 1072 Columna vitæ. dulce fulcimen domus.
52 1073 541 1105 Hoc inſtitores & propolarum manus
52 1102 479 1143 Et gens inepta ſurcinatores viri,
73 1137 587 1175 Copæqueauaræ maxumæ vatum cruces,
52 1163 559 1207 Negant negare: queis, venuſtis verſibus
52 1198 588 1246 Ineruditam nunquam adiutis manum-
722 1225 778 1252 Non
