976 1432
327 70 582 96 SYIVÆ.
760 74 822 97 I089
134 112 614 145 Iudice te, quanuis aſpera, mitis erat.
1 130 71 159 t
66 145 709 188 Cum faciem laudas, te iudice mater Amorum
140 176 716 207 Ceſſiſſet, relquis pulc hrior, alma Venus.0
64 207 691 237 N ec melius ſtantem percurreretaltera telam,
137 237 705 271 Et minor hac. quanuis docta, Minerua foret.
50 268 751 317 Tam bene quæ fecit quiduis, nunc mortua fertur.
137 300 689 335 Hoc nullum melius Poſtume fecit opus
207 343 704 379 In inntem nndum atu mare mo iente.
1 375 779 429 Hic tumulus matrem, natum tegit illa: ſepulchrum
141 414 619 448 Terra tuæ matri eſt, nate, ſed illa tibi.
55 448 702 496 Mortuus intumulo es quo vixti molliter ante:
139 478 680 521 Eſtque tibi tumulus qui fuit ante domus.
55 510 745 553 Sic tumuluſque domuſque fuit tibi mater: & ante
141 543 643 584 Quam poteras natus eſle, ſepultus eras.
213 593 742 636 In Echo ſiue Imaginem Iocoſam Iani Douſa.
54 637 645 692 Nuper in vmbroso Pan ſe diffuderat antro
141 670 623 714 Qua leuis e gelida rupe cadebat aqua,
2 697 684 754 Cum furit & medio ſol inſaniſſimus æſtu eſt,
140 730 636 775 Et rapido ſiccam ſidere torret humum.
1 760 745 819 Aſtabant blandi comites: hinc Daphnis amator,
141 792 655 835 Hinc melior ſparſas cogere Thyrſis oues.
56 825 692 881 Dum furit & iunctas percurrit carmine ceras,
143 858 558 903 Et veteres ignes & ſua fata canit,
4 886 659 949 Reſponſura cauis aberat quæ vallibus Echo
141 919 576 962 Reddit amatoris vltima verba ſui.
1 951 629 1010 iiSyluaque ſeu totis inipirat ſibila cannis,
145 988 598 1026 Siue ſuos ignes fataque muta tacet.
56 1013 733 1073 Quid faceret? Deus ille graues propendet in iras,
145 1046 605 1087 ec bene riuales fertur habore ſuos.
57 1081 729 1132 Qid faceret? paſſim per deuia rura vagatur
142 1109 659 1157 Saxaq;: per totam deuius errat humum.
61 1141 750 1192 Perueni hinc illuc & quam non re pperit vſquam,
143 1173 662 1216 Nordvvici prorugam repperit eſſe Deam.
517 1211 577 1231 a
731 1210 818 1232 mu-
174 1217 363 1250 Tomu Secundus.
