976 1432
247 74 630 100 EPIGRAMMATIA.
757 76 822 99 Io9r
136 117 632 154 Non potuit lingua vincere, ſæpe manu.
354 163 557 184 Leonardo Veochdio.
53 204 726 242 Ospatriæ vindexque tuæ, quo ſuſpite nunqua
142 237 556 269 Neſcia facundæ curia vocis erit,
64 265 624 308 Idem qui faciles ſubducis in ocia Muſas,
145 299 605 337 Ne pereat Batauis debita sama tuis;
55 330 677 370 Deſine tantarum præconia poſccre laudum:
146 364 652 398 Ne tua per tabulas nomina quære mcas.
58 389 728 428 lus tibi debetur, quam quod perſoluimus vlli
147 424 600 458 Suſiciunt alijs carmina, nulla tibi.
112 454 699 493 Felices nimium, qui tantum carmina debent,
148 488 586 527 Cum par oſicio eſt ipſe poeta ſuo.
115 522 650 560 Nos pia poſteritas victos fateatur oportet:
151 552 669 587 Ne: ſaris eſtvllum quod referamus opus.
116 584 669 619 Hactenus inuitos laus expugnauit amicos,
153 613 630 655 Atquc aliquem fecit verſibus eſſe ſibi.
50 637 758 695 Nunc trahimur ſero nimium pudet eſſe poëtam
152 676 619 713 Poſteriormeritis eſt mea Muſa tuis.
228 716 727 752 Ad lanum Douſam, cum ei Heſiodum ſaum
432 753 514 782 oſferret.
126 785 708 821 Aſcræi calamos. & iunctum nomen Homero,
157 814 626 855 Acipe deuotum, maxime Douſa, tibi,
125 844 711 891 Qui faciles Muſas, ſi quicquam eredimus illi,
160 881 603 913 Vidit, & errantes audijt inter oues.
68 907 716 949 Et modo qui paſor fuerat virgaque pedoque,
160 941 612 976 uſtulit audaci laurea ſceptra manu.
128 970 744 1012 Mel dedit huic glandeſque ſuas Parnaſſia rupes
161 1003 651 1052 Quæque ſitim pepulit Pieris vnda fuit.
125 1037 691 1078 Vagijt hic interpecudes teſteſq; Camœnas,
161 1070 650 1109 Et puer in cunis carmine dignus erat.
128 1102 661 1138 Seu ſocias quæris, ſociæ vixere Camœnæ,
165 1130 692 1166 Seu ſocium manis noſcere, Phœbus erat.
132 1163 784 1206 Nil propius Muſis fuit hoc. quas quærimus omnes
164 1198 593 1233 Præſentes habuit ille poëta Deas.
725 1224 849 1260 Iin-
495 1231 625 1257 I2
