976 1432
917 15 974 46 V
757 60 812 81 103
246 59 632 92 EPIGRAMMATIA.
64 107 556 144 5eu pacem moderatur inter arma,
48 137 488 173 Et ſuftagia dirigit uValachra:
59 167 576 214 Seu magnæ Themidos grauis ſatelles
57 200 563 246 Iuſtum gentibus indicas & æquum:
19 230 519 275 Tandem ſidera nec maligna fata
55 266 485 310 Non inertibus annuce votis.
54 292 609 334 Iam poſt munia cuncta. poſtq; honores
6 328 504 367 Diceris quoq; publice maritus
52 356 535 400 Iam noctes quoq; conſe crabis illi
52 390 455 433 Cui tot patriæ dies dediſti.
55 423 515 462 Ipſa hæc ganudia pura baſiorum
52 459 420 495 Iſtæ deliciæ facetiæque,
108 484 621 527 Queis Cypris madet & madent amores,
50 515 554 560 Laticlauia purpuraſque ſpondent,
50 549 519 588 Et faſces meditantur & ſecures.
106 581 520 614 Priuatum nihil eſt, niſi voluptas
50 611 519 649 E Ataſtæ veneres, cupidineſque:
51 646 539 680 Nec domeſtica turba liberorum,
53 671 569 716 Sed iuris dominus togæque vindex
53 709 527 744 Iſto à ſanguine poſcitur Senatus.
219 752 705 796 In Pauli Rubenij præſtantis. picteris nuptias
53 796 628 844 IIe decus rerum, cedit cui tota vetuſtas,
142 835 586 876 Et pariter Coæ Parrhaſiæq; manus
51 862 623 909 Auſus inacceſſos heroum ducere vultus
148 900 589 937 Sacraq; diui na principis ora manu,
51 916 710 973 Ceſſerat ignoto quis enim non cedit?amori,
148 961 559 995 Et teneræ luſus virg :itatis erat.
116 987 668 1028 Pinxerat in toto feſtiuum pectore vultum
151 1024 616 1060 Mortales lepidè tangere nata Venus.
52 1055 650 1104 Ah quoties ſæuam conatus fallere curam
152 1083 586 1130 Arte ſua, ceſſit victaq; terga dedit
120 1112 718 1162 Ah quoties blandam dominæ duxere figuram,
153 1151 653 1188 Conantemq; iterum deſtituere manus.
61 1181 613 1224 Exorandus erat facundo Brantinus ore
790 1198 836 1226 Sed
553 1215 634 1235 Lx 3
