976 1432
242 56 630 81 RAMMIATIA.
232 58 330 72 T
745 60 812 81 I995
68 98 666 137 Et niuei mores, & quam nec dicere poſſum,
133 131 672 164 Non protrita Venus, non peregrina tamen
61 162 725 203 Sanctaque libertas. nac cuiquam obnoxia virtus,
133 193 656 227 Vix ſceptris pauidas ſubdere nata manus,
60 225 614 269 alia Saturno qondam ſubreg poëtas
132 255 634 288 Credibile eſt magni sæpe dediſſe Deis.
63 289 598 320 Talia feſtiuis ceciniſe poemata Graijs
57 319 631 350 Fecibus obductos credimus ora viros:
56 348 667 382 Libera cum tellus, & adhuc ſub vatibus eſet
136 383 623 415 Vel terror ſcelerum vel pietatis honor.
50 413 650 459 Seu libet audaci leges præſcribere Baccho,
136 448 574 480 Paret, & ad leges flectitur ille tuas.
52 477 639 515 Seu libet igentes irarum eftundere vires,
137 509 638 544 Archiloc hi nunquam doctior ira fuit.
104 540 654 581 Quid metuis? magnis virus ſolenne poëtis
139 573 619 605 Inuidiam? riſum non feret illa tuum.
248 617 672 646 In Amores ab Otth. Vænio delineatos.
54 658 687 700 Cum primum patrio viſa eſt è gurgite Cypris
143 693 642 726 Tollere feſſa caput rore fluentis aquæ.
114 722 654 766 Qualis erat, talem venienti reddidit æuo,
147 759 579 789 Et ſecum iſſit viuere, Coa manus
106 789 656 824 aulatim niueæ credebant corpore guttæ,
146 817 646 853 Iurares tremulum ſurgere emperopus.
108 848 635 887 Læua videbatur lymphis illudere palma,
150 878 633 920 Stringebat tenues altera palma ſinus.
118 910 703 950 octio Otthonis tot dextera nutrit Amores.
212 941 709 982 gemitus & quot gaudia nutrit Amor.
152 960 217 988 Q
1 972 661 1030 Armapharetris occurrunt vndique Diui,
155 1004 630 1042 Attnt rigidas, ſed ſine luce, faces.
116 1034 737 1079 Et quamuis maneant, geminas librantur in alas,
157 1068 664 1102 Enil cum noceant, ſpicula sæua gerunt.
120 1099 652 1138 5i fas eſt, Venus ipſa tuo concedit honori,
161 1132 564 1166 Iam toties nati cuſpide læſa ſui.
121 1166 668 1203 Si fas eſt, ſimiles, Væni, ſperamus Amores,
743 1195 832 1222 Sæius
56 1360 113 1396 hs
