976 1432
311 72 607 100 5YVÆ.
750 74 799 94 IoI
1 110 682 155 QCuamuis ſæpe thoro mecum ſe iunxit eodem,
48 140 796 186 Non genitor tulit ipſe:paterque in fronde Palæmon
47 176 610 226 Riſit, & obſcura latuit circundatus alga.
128 204 682 241 Aurea iſa tuæ ulcherrima nata parentis.
46 235 651 281 Scilicet ex illo mihi tempore mollior æſtus
46 264 756 314 Pectus habet:nec me velut ante & gramen & herba,
45 299 710 345 Nec iuuat. vt prius, inter oues. interque capellas
45 332 652 377 Cum Damales fuſca choreas deducre nata:
45 363 697 415 Nec iuuat occulto ſubgramine nocte latentem
47 394 617 445 Lugduno reduces furtim terrere puellas.
136 423 719 464 urea Niſa tuæ pulcherrima nata parentis.
49 457 686 506 Et quoties blandas genitor me iiſit ad agnas,
50 487 694 536 Et quoties gratas genetrixme mittit adherbas,
99 521 693 566 Neſcio quæ tepidos fcbris noua paſc itur artus,
101 552 745 598 Neſc io quis nouus atdor habet conſultaque nuper
100 589 584 626 Baucis, anus vicina, tui vicina Lycoræ
49 614 656 670 Tityre dixit, amas: & credere cogimur illi.
135 646 676 688 Aurea Niſa tuæ pulcherrima nata parentis.
48 679 642 727 Sic pueri cecinere. leues in fronde capellæ.
50 711 696 766 Cumque ſuis blandæ ſalierunt matribus agnæ.
171 758 701 800 In Ioharnis Genandi F. lagiſterium anno lll.
53 810 465 848 Non vſitatis vectus olori bus
53 842 512 883 Dircæa qualem progenuit palus
174 876 458 906 PHhæbeio dilecta Nicro
168 902 560 943 Rura petam præeunte Rheno,
111 936 496 980 Quid de Bataua ductus origi ne
4 963 578 1014 Centum ſuperbus per populos trahit
173 996 585 1033 Vim cærulam vndarum Gradiuo
174 1030 574 1065 Certus amor. Semeleſque nato.
52 1061 557 1105 Primuſque terris dicere perſequar,
54 1091 544 1143 Gernande, quis te ſuſtulerit Dus,
177 1124 523 1166 Supraque mortales caduc
175 1156 574 1198 Legis, & immemorem iuuentæ,
54 1186 538 1244 quiſque mecum conditionibus
746 1212 810 1236 uo
