976 1432
946 1 974 35 M
326 71 574 103 sLV .
760 74 814 97 Io
7 101 694 148 MHorruit, & Quercum mediis inuenitin vndis.
140 143 750 174 Salue magne pater, quem non rationis ege ntem
49 174 730 203 Pallidus obſcuro î hlegethon damnabit Auerno,
872 188 920 204 0
47 201 675 240 Infamiſque Acheron, ignauaque ia nua lethi:
45 237 637 264 Sed ſublimis honos, & ſolui neſcia virtus,
49 270 696 301 Per varias populorum oras & mœnia raptum,
45 300 686 333 Indigetem magno tandem donabit Olympo:
42 331 675 365 Miratur rerum facies. ſtupet obuia turba
43 361 686 400 Europæque Aſiæque:& tanto aſſurgit honori.
111 394 656 428 Qualis ab Auroræ populis, &diuitis Hermi,
108 426 650 460 Indorum ſpoliis, & capto ſquallidus auro,
108 455 775 486 Liber ouans, curru ardentem conſcendit Olympum,
109 488 684 526 Antiquaſque Deûm ſedes; Berecynthia mater
105 521 671 551 Aſtitit, & centum ſummiſit ad oſcula turres;
109 547 760 585 Frondoſo occurrens gremio: dextramque tetendit
109 582 669 621 Iupiter, & vaſtum tonitru perterruit orbem.
143 611 741 650 Scilicet & quis me, ſuperi, dum pectora ſanguis
110 643 732 680 Pulſat adhuc ardorque ingens, atque indolis altæ
113 675 716 708 C onſcia mens, nullo curarum obſeſſa tumultu,
113 712 614 748 Taprobanes inter ſaltus, aut littus Iauæ
113 737 669 773 Sſtat & occultos Naturæ admittat in auſus.
115 766 754 810 Non ego ſecurus metuam quodcunque pericli et
114 801 678 844 Ipgentem Batauo de littore ſolue re puppim,
113 832 673 875 Votaque Neptuno faciam, magnoq; parenti,
116 864 736 907 Nymboſaſque hyemes inter. ventoſque furentes,
119 895 705 932 Plurima luſtrato referam tibi munera mundo;
114 925 714 970 Pars operis nonnulla tui. Sic Orphea quondam
117 961 652 994 Turbidus in cœtu ſociorum aſpexit Iaſon,
44 991 734 1031 Carminis intentum numeris, aut vela legentem.
238 1044 657 1083 Adloſephum Scaligerum pro Silio ſuo.
119 1090 594 1128 Iuliade, magni laus & ſublimis imago
121 1117 674 1161 Cæſaris, ingeniq; hæres decoriſque paterni
115 1149 725 1190 Poſtuma lux, conſorſque animæ maioris ab alto
119 1183 728 1230 Magne ſenex, cui ſe tandem mutanda dederunt
574 1215 828 1242 Aaaa?Tem-
