976 1432
926 20 961 34 T
205 110 697 152 CVPIDINVMLIB.
698 126 790 145 9E
1 161 608 199 Etleuis exemplo den tibi verba tuo?
52 192 693 226 Eii melius. quai me, ſi tagasamore nocendi,
1 226 671 259 Quæ ii pius obſit, quam tibi, pœna iuet.
78 256 637 292 Scilicet armia mihi ſeruare nocentia lucter?
1 289 619 322 û Qin mſi ſin cædis auctr vt ipſe meæ:
55 320 700 355 Per ia.rerm, genimq; tuum, ea Numina, iuro,
905 342 967 392 I
112 355 587 378 Tale nhil mentemi ſolicitare meam
56 381 722 418 Quoq; mius dubites, pectus tibi trado recluſum:
63 415 645 454 Tu fac vt hoc clauſum non teniiſſe iuuet.
56 448 725 489 Quid petis vlteriuu? en cor quoq; dedo peruſtum.
3 483 567 516 E Vnde redaccendi fax iua rite quea.
79 513 656 545 Pro quibus vre ruummsderatis vre poëtam,
56 545 626 573 Aut certe dominam ſæuius. vre meam.
54 574 651 611 Vre tuis inquam præcordia ferrea flammis,
1 607 576 647 an Palleat vt vultu non minus illa meo.
78 638 608 678 Nec meiue, ignitis ne fax tua cedat ocellis
1 669 629 717 ,e Illius, an flammæ flamma nocere queat?
271 717 562 743 E L. EGIA II
1 756 79 785 e:
77 759 614 794 Dcite qnieis orbis spatium deducere terræ
109 793 560 826 Contigi & genes ire per & maria:
1 818 752 853 .Nec folum imores hominum inſpectare, vel vrbes
118 854 578 892 Sed Vneres etiam noſcere cura fut
59 886 610 921 Dicire ſi qua mea ſi qua eſt ſpeciofior lda.
112 919 517 953 Viſa ve Eois, viſa per Hſeſperiis
1 942 674 982 ſmeCeditis?an ſimilis quondam vos iuſit imago?
110 984 569 1015 Cedite cedenti iurgia nulla nocent.
3 1008 752 1054 igit En quæ forma bonæ quæ iuncta modeſtia formæ eſt.
112 1047 580 1082 En qui ſe toto corpore prodit, amor.
2 1073 793 1114 ni Quaunq; apicias, micat hinc Decor, inde Venuſtas
47 1110 562 1146 Iucundæ aſſrgunt vndiq; Delitiæ.
1 1140 720 1176 n.Non ſua comipoſitis quod leuerir ora venenis,
48 1177 625 1209 Aut comptum tarda ſtruxerit arte caput.
2 1205 623 1242 ,Hoc aliæ faciant, pudeat quas mane videri
48 1234 694 1278 uic nil ad formam cura,quod addat, habest.
739 1263 782 1290 Nil
