976 1432
393 87 646 111 DA N. EIN.
159 95 212 114 H2
297 137 760 172 I Chiitph. aphelengium qu hydrope
478 172 570 201 interiji.
201 225 656 257 Fatis, Viator, ferreiſque numinum,
172 258 698 289 Semper minorem legibus mentem gere.
173 289 670 319 ,,Rerum procellis vſque & immiti ſalo
173 321 779 350 ,,Circum redundans horret humanum mare:
171 352 678 384 ,Sortiſque vento turba mobilis ſumus.
154 384 661 424 ,,Collo minacis pendet æternum Dei
155 415 692 445 ,,Diſtrictus enſis, impotenſque caſuum
168 447 632 478 ,,Deſpumat in nos & ferox licentia.
169 478 664 506 Ille imminentes omnibus fati manus
169 509 640 541 Aggreſſus arte, quæ perennibus votis
169 541 666 573 ternitatis ala, vitaque omnium eſt,
944 564 974 596 s
172 573 692 604 Quoſcunque rectus pectoris vigor rapit,
173 603 693 635 Deumque ad altas impetus trahit fores;
176 634 650 663 Hic interemptus fluctibus iacetſuis,
179 665 647 696 Suumque ſecum geſſit infelix mare,
179 696 640 725 Vndis ab ipſis quas creauit obrutus:
179 726 688 758 iuoque pontus, venter, & fluctus fuit.
181 758 664 789 Suique vixit hoſpes, & comes mali,
179 789 749 827 ngeque ab ndis inter vndas occidit,
383 853 728 884 Aliud eiudem Argumenti.
184 912 774 946 Quid procul hybernis agitatas fluctibus vndas,
216 946 655 978 Et metuis dubias æquoris ire vias?
185 978 704 1010 Oceanique domos, & Nerei triſtia regna,
216 1010 797 1044 Horrida dum ventis æquora tollit hyems.
186 1040 830 1073 Qui iat hic, ſecum proprias tulit ahmiſer vndas,
217 1073 691 1105 Et mare quo perijt obrutus, ipſe fuit.
186 1102 751 1136 Ipſe ſibi, miſer, vnda fuit, pelaguſque Viator,
216 1136 671 1165 nque vt ero fluctus, & ſua fata tulit.
187 1166 726 1201 Sic, licet in terris, vndas tulit ille, ſoloqus
216 1198 730 1233 A medio meias occidit inter aquas,
789 1235 893 1262 Samuel
12 1366 137 1386 .
