976 1432
299 41 590 74 ;
782 52 833 74 II25
153 92 637 125 Seu te parentis vota, ſeu nati mouet
21 113 660 162 ntercepta dies: qui primis flebilis annis,
155 156 631 189 Taloſque quanuis inter & crepundia
57 186 624 224 Notus adhuc, duri conceſſi legibus æui,
151 220 607 253 Mox purpuræ futurus & togæ capax
53 248 683 287 Iam patri ſpondebat auum lux idolis altæ,
154 281 596 314 Et innocentis primus ætatis lepor.
50 310 644 354 Inuidere dei, tumulo quem cernis in ilſo
154 344 679 377 Nunc tota ſpes parentis & votum iacet.
121 373 702 405 Hoc ſatis eſt. luctum merui. non viuitur annis.
155 406 621 446 Qui lachrymandus occidit, vixit diu.
245 460 698 494 In demonſtrationem Linealem hriſtoph.
419 495 528 526 Dibuadij.
57 535 653 572 Felices operum qui cœli pendula templa,
152 567 620 602 Cauſaſque pronis deſtinatas ignibus
4 591 695 667 Submiere animis, æquataque pondera terræ,
146 631 630 666 Suſpenſa caſtis patris in complexibus
53 665 696 697 AÆtheris & iuſto libratum examine pontum.
146 694 663 729 Et architectum mente præ greſſi Deum.
54 724 675 760 Ex ceſere hominum curas & præmia vulgi,
148 757 622 793 Fineſque rerum. ſordidoſque limites.
56 786 663 831 Non illos Acheron, ignauaque ianua lethi,
151 820 618 855 Nec ora centum terruere Cerberi
57 851 691 898 Non triſtes Furiæ. laruataquemomina Manes.
147 885 584 914 Nec fabuloſæ Parca vox potentiæ.
58 912 634 960 Præcepere Deos animis & fata ſequendo
148 948 541 976 Neceſſitatis inſtitere ſemiram,
61 972 686 1019 Liberaque incertos mens indignata labores,
147 1011 537 1047 Opinionum vana per deliria
60 1037 620 1082 Anfractuſque ſequi, toti ſe ſurripit orbi,
144 1073 537 1106 Et certitates ipſa metitur ſuas.
1 1083 64 1106 l
62 1101 590 1144 Nos tua Dibuadi veſtigia pone ſecuti
62 1135 608 1174 Trophæa tantis deſtinamus auſibus
64 1163 695 1206 Nec dulcis choreæ nec carminis inſcia turba;
723 1194 826 1225 Septen-
471 1200 574 1227 Bbbb 3
