976 1432
321 64 569 86 SYLV.
758 54 973 91 I2e
53 105 687 141 Bed temperatum. ſed verecundum tamen;
54 138 599 173 Menteſque ſacris innatant humoribus
53 172 601 203 Vt rore tellus, vere cum primum nouo
51 198 603 238 Humus ſerenos imbribus laxat ſinus.
50 231 644 271 At nunc eundem eſt: Heinſioque ſurripis
50 263 608 298 Quod des parenti patriæque ſed tamen
47 294 568 333 Prius Batauis reddis hoc ipſum tuis,
51 329 533 362 Tibi quod illi; Iulijque maximo
48 357 575 396 Nato Minerual ſoluis & terræ ſimul.
48 391 488 431 Abi beatus: vindicaſti te tibi
49 419 590 463 Debere nullis iam potes mortalibus.
285 463 632 495 Paulo Helfricho luris candidatae.
53 507 543 551 Scientiarum cœca per diuortia
55 539 608 581 ,, ACtatis orbem, deuiaſque ſemitas
54 569 567 618 ,,Natura furtim ducit, & pellex ſibi
113 600 627 641 ,,Veram ſciendi ſponte præcludit viam.
1 630 654 686 Hos namque, rerum quos & indolis trahit
109 666 579 701 Sublimis ardor, pectoriſque vis agit
51 698 555 740 Et veritatis ipſa mens pulſat fores,
51 729 523 765 Vocabulorum vana per deliria,
50 755 652 812 Vmbraſque rerum, caſſaque oblectamina
55 791 568 828 Naſcentis æui ſæpe tranſuerſos agit.
50 822 584 872 Sic vta ludit tota. & infantes ſumus
50 853 607 908 Simul ſeneſque ſic leues pergunt des,
51 885 627 927 Cunaſque ſemper litterarum voluimus.
58 917 559 955 Et in choando tempus ætatis perit
51 948 561 987 Te ciuitatum cura, te proles Iouis
50 978 650 1028 Helfriche noſter, Cæſarumque municep,
53 1013 540 1061 Errore cœco mentis, & ſuperfluæ
114 1046 523 1085 Ema ncipatum luſibus ſcientiæ,
115 1080 576 1120 Regina vitæ, magna purpuræ parens
54 1110 495 1153 Aſtræa ſacro deſtinauit ocio,
115 1142 644 1179 Et vix iuuentæ compotem primæ, tamen
8 1173 540 1235 Altis virorum ſegregauit auſibus.
777 1192 833 1218 Hie
526 1200 638 1229 Bbbb
42 1368 234 1402 i
