976 1432
243 48 602 87 ;
754 63 784 83 S95
52 100 577 137 Qud tibi ceſſurum vel ſine lite fuit:
51 134 557 174 At non talis eras vel ſi ſic bella fuiſti,
54 168 586 199 Iudiceme, mentis deſipuere Deæ:
54 196 651 236 Tam diſpar quas non puduit certameninire,
56 229 550 265 Adque tuas dotes æquiparare ſuas.
55 259 661 301 Sed nec vtraque minus Iudex incallidus ipſe,
56 292 541 335 Auſus de palma qui dubitare fuit.
316 347 570 378 ELSIAIII.
56 385 703 430 Quid iuuat, heu. noſtris defendere caſtra puellis,
57 417 616 460 Nec ſinere armato ſub duce ſigna ſequi,
55 449 627 496 Sine Marte ſuis nos deprædantur ocellis,
2 481 514 530 lie.Et graſſatrici cuilibet eſſe licet?
59 513 578 555 Graſſaris rapidis in me graſſaris ocellis,
59 542 655 589 Iamque meæ ſpolium ferrea mentis habes.
85 574 657 620 Atque vtinam contenta velis hac eſſe rapina:
116 607 566 643 Nec libeat vitæ pignus habere meæ.
82 637 665 686 Quid mea Vita. tuo lethum minitaris amanti?
118 668 687 708 An ſatura hci nunquam ſanguinis eſſe potes?
86 701 602 743 At non turba tibi deſunt inimica pue llæ,
119 733 613 776 In quas ho elius virus habere queas.
86 767 645 807 oui etiam. fictotibi qui palpentur amore:
1 758 59 793 dr
122 798 574 835 Materiam cædis, ſi iuuat inde pete.
83 826 702 876 uis furor eſt ſpoliis & amantum ſanguine paſci,
122 860 626 898 Parcere ſupplicibus nec Charitilla tuis?
86 891 588 937 Carnificis iuſſo functurus munere facti
1 886 60 926 is
121 922 573 961 Inudiam capiti ſubmouet ante ſuo.
86 952 649 997 u, mea Vita, tuo funus properabis amanti?
121 986 556 1029 Indignæ metues nec rea cædis agi?
86 1016 696 1060 Sit tibi mens melior: & ſi mihi parcere non vis,
123 1055 577 1089 At ſaltem famæ, lux mea, parce tuæ.
318 1098 558 1131 ELEGIA IV.
84 1139 614 1181 In tacito gaudere ſinu quiuſit amantes.
123 1172 558 1211 Illefrui dignus ſemper amore fuit.
721 1199 795 1230 Quod
