976 1432
310 79 494 102 OII.
721 82 781 105 T4
10 117 640 149 Muſarum & Charitum, & diæ ſecreta Suadæ
59 154 523 186 Vſurpata tuis ſedulo luminibus,
16 175 720 217 Federa cum Phœbo, cum Pallade federa. quidquid
57 216 552 247 Enthea ſolenni turba furore ſonat.
15 245 779 286 Quæ fontem cum monte ſacro, cum Pallade Phœbum,
56 278 653 313 Cum Chariſin Muſas, teque Suada, ſonant;
11 310 614 345 Carmina teſtantur vernante effuſa calore
55 344 633 371 Carmina. at Actumni diuitioris opus.
12 371 690 412 Hæc tua quum doctis fuerint Præludia tanti,
53 406 526 445 Quæ dabit ingenij ſeria cura tui?
119 455 733 496 Pugna Naualis ad Casitaridasr laris Atlantici Inſulas,
377 496 470 518 un. I5S2.
14 528 605 569 Heſperiæ lacobe decus, tutelaque gentis:
19 558 731 601 Tuque auia, Anna Dei; pugnam memorate canenti.
82 591 704 626 Conſcia lux. memores veſtri quæ ſeruat honores.
1 622 627 657 Iam nunc inuidiæ fax atrociſſima peſteis
76 653 674 695 Excierat geminas, Hiſpani in regna Monarchæ.
22 686 649 730 Regis hinc frater ſumma cotendit opum vi
3 717 670 760 Imperium vetus in Belgis abolere, quod annos
78 752 651 791 Plus centum tenuëre. heredum iure propago
84 780 608 817 Auſtriadûm & veteri.ſub relligione tueri
79 809 776 850 Dum tendunt, vt iura Deumq; hominumq; requirunt,
15 844 645 888 Et priſcus pietatis honos, & priſca parentum
58 875 748 914 GIoria; Chriſtigenûm ſi Dis placet incluta Regum
27 905 666 956 Progenies, vulgum hæreſeon erroribus actum,
14 939 682 990 Infidum atque rebelle genus Regique Deoque,
52 970 648 1015 Legitimum ſociis in Regem concitat armis:
1 1000 673 1047 Et Diuûm antiquos animat contemnere ritus.
52 1032 694 1077 Inde Nothus patriias dum ſceptra adfectat auita,
53 1064 631 1112 Finibus expulſus, vireis inſtaurat ab Anglis,
53 1096 632 1143 A Franeis alliſque, quibus fortuna Philippi
19 1131 519 1176 Inuidioſa fuit. tot Luſitania regnis
56 1157 682 1213 Addita queis doluit, longoque tliſpania tractu
56 1192 698 1249 quoreab Herculeo ad ſaltus porrecta Pyrenes.
512 1219 783 1250 C cc c3Ille
