976 1432
175 67 682 103 CVPIDINVM .B.
778 82 821 105 97
122 120 559 152 Deficiet piſces nare, volatus aues,
1 151 656 189 u Quam me fœmineis præſtare ſilentia furtis,
95 186 635 216 Hoc vnum didici ſemper amator. opus.
105 216 621 247 Stultus, celandos alii qui credit amores,
137 247 615 282 Et ſua qui tacitus gaudia ferre nequit.
62 278 656 316 Ille dat inuidiæ cauſſas. & mille repulis.
136 312 632 345 Dii faciant, ne non ſim taciturnus ego.
62 340 680 376 Quam mallem nullo tecum,mea, viuere teſte,
137 374 587 404 Et tecum nullo, Vita, ſciente mori.
1 403 804 450 Hc mihi contingat potius, quam non bene de te
138 438 637 472 Poſſe loqui, & titulum lais amare tuæ.
107 469 675 503 Sed tamen hic vllo ſi tempore venerit etror:
120 498 714 538 Tunc ego tunc linguam non habuiſſe velim.
394 541 533 574 Elegia V.
106 582 698 627 Squiserit, qui fſere viro neget eſſe decorum,
138 618 598 651 Patronum cauſæ non get ille meæ.
908 637 974 673 I
107 648 711 689 Et tamen hoc ita ſit: tatum moderatius vrar,
141 679 677 718 Vt malè qtem læſit, iam bene ſanet amor,
110 707 710 749 Sicut Achilleo quonam quid notius i hoſti
144 741 711 780 Vna manus pariter vulnus opemque tulit.
62 772 723 826 Nunc mal cum ludar tantum, nec ſanet amori,
145 804 689 850 Quid ſupereſs, præter fire perenne mihi?
59 836 719 888 Quodſupereſt facio, uuque absamor inani.
115 872 631 911 Non lia ardori fir medicina meo.
57 889 819 945 Atque vtinam liqim tctusd ſoluar in imbrem,
144 931 657 977 Ipſaque iam nuri:i ſana cauentur aquis.
55 967 719 1006 Et iuuat, & certe lachrymis xplentur amores:
147 996 663 1038 Denſaque laſciuas temperat vnda faces.
55 1026 693 1078 Ah quoties imbres per turgida luuina fuos
148 1062 591 1097 Fauce reſorbillans deficient bibi
53 1088 699 1135 Scilicet vt iecori nunquam nonſfet aduſto
154 1125 623 1168 Quæ poſet tantas vnda leuare faces.
56 1158 788 1202 Aquonda lachrymas deliria rebar amantum:
150 1190 675 1233 Quodque aliis fletus, hoc mihiriſus erat.
772 1215 888 1249 No
617 1222 661 1247 G
168 1232 393 1266 Tomus ſecndtu
1 1291 94 1326 iil
