976 1432
1 1 186 30 v
376 81 693 106 IANIDOVE
184 92 216 114 9
189 123 694 155 Non tulit à nobis ſperni ſua iura Dione,
219 155 677 186 Et leuiter, Flebis tu quoq. lebis, ait.
914 185 973 216 i
189 186 824 216 Flemus & hoc felix mih ſit fauſtumq; precamur
915 217 973 236 ts
224 219 657 249 Et fiat lachrymis mitior Ida meis.
190 246 815 292 Quid precor ? an flets molleſcere poſfit ab vndis,
223 281 735 310 Tæ ſoiido fultum cor adamante gerit?
916 313 972 345 u
168 313 736 344 s foret aut illi robur ſub pectore vellem.
182 344 664 381 Ceſſiſſt flammæ vis vtriuſq; meæ.
133 374 784 411 Ceſſiſſet noſtro chialybum genus omne furori,
916 380 974 407 u
914 407 972 442 as
225 407 672 436 Nec ſalſo totes imbre fuiſſet opus.
172 438 797 471 He mihi quod nullis adamas liquefiat in vndis:
223 471 800 502 Hei mihi. quod nullam ducat ab igne notam.
192 503 799 534 Si tamen eſt aliquid, adamas cui cedat: & ſdam
911 509 974 541 Mu
209 534 767 569 Quid vetat huic etiam cedere poſſe meam?
190 566 717 597 Sic ego: ſic fanti moti amor aſtitit alis:
220 598 734 629 Atq; ita. Quid flendo lumina perdis? ait.
189 628 973 661 Nil opus eſt lachrimis: opus eſt tibi ſanguine tanfum,t
221 662 765 693 Frangere qui nullum. non adamanta valet.
188 693 797 724 Franget & hic Idam modo ſis nec parcus in illo
916 694 974 722 H
916 722 974 748 u
221 725 769 756 Nec foris inquiras, ſtulte, quod intus habes.
189 756 731 787 Ergone tam parui poterit reus eſſe cruoris,
220 788 727 812 Et titulum noſtræ cladis habebit amor?
914 824 974 853 I
187 820 700 851 Ah prius inuiſi mecum pereatis amores.
220 853 737 884 Sanguine quam madeat vila pnella meo.
914 853 974 883 i
189 884 757 910 Non adamas tant eſt, non Ida tena cior illo.
216 914 707 946 Et tamen hæc tanti ſi velit. eſſe poteſt.
914 917 973 953 u
187 945 742 978 Eſſe poteſt tanti, ve niat modo ſanguine fuſo
218 978 735 1004 Mollior & famulum me vocet Ida ſuum.
187 1010 825 1043 Quid non cogit amor? iam ſubiuga mittor amicæ,
912 1012 974 1037 H
218 1042 675 1076 Et tibi liberas dico paterna vale.
187 1073 805 1106 Scilicet eſt aliquid placidæ moderamina frmæ,
217 1104 744 1139 Vinclaq; ſub Domina poſſe fauente pati.
184 1137 810 1172 Hoc mihi contingat: ſic vel ſine ſanguine viuam,
215 1169 624 1202 Fortis ab afflatu nocte dieq; tuo.
182 1199 770 1238 Iam minimum certe noſtro de ſangune reſtat.
829 1242 882 1264 Hoc
