976 1432
227 94 660 120 CVPIDINVMLIB.
768 104 799 123 9
62 131 723 169 Hoc quoq; quod reſtat, ſæuus aduſit amor,
63 159 734 199 Quidqui did eſt, tamen omne tuo dat Ianus amori.
4 196 689 230 ca An qui cquam eſt, voris quod neget ille tuis?
63 225 690 261 Tu contenta meo iamſanguine parce, nec vltra
1 257 611 294 vld,In me adamanteo pectore bella moue.
67 294 714 331 Aut tibi ſi penitus adamanti inſiſtere certum eſt,
68 326 548 357 Et lapidi mores aſſimulare tuos,
67 347 658 389 Exprime virtutes potius, quas cernis in illo:
128 389 582 419 Et mea da poſito corda vacare metu.
1 389 71 418 i,
67 419 569 453 Irrita fac rabidi deliramenta furoris,
129 453 651 484 Quæque oculis traxi mille venenatnis.
1 454 71 484 ds:
3 484 705 518 un.Tunc tibi cor pluma, Calabræ tunc vellere lanæ,
4 514 631 551 danTunc animo credam mollius eſſe meo.
375 560 505 590 Elegia VI.
68 596 707 642 Iam procus, heu, tota dicor am captus in vrbe,
3 636 583 675 et Perq; vias currit fabula, lanus amat.
1 665 707 712 Quid? non & fletu hoc ſtillantia lumina, quæq;
134 697 633 729 Ebria cum nullo pondere verba damus,
1 717 619 795 e
66 789 802 835 Hei mihi difficile eſt gliſcentem abſcondete lammam
67 825 614 859 Lumine quæ semper fit manifeſta ſuo,
66 854 644 893 At mihi quid prodeſt vulgi veniſſe ſubora,
65 889 617 926 Et feciſſe aliis hac mea damna palam:
63 920 618 965 Si tamen in tanto nos deſeris, Ida furore,
133 950 675 987 Quemq; facis morbum, dura leuare negas?
62 982 652 1032 Felix quem Veneris ſanat medicina: ſalutis
133 1016 643 1051 Dii faciant quondam cauſa ſit iſta meæ.
1 1037 723 1096 Sed tamen O propera, nec carpere differ in horas,
132 1078 756 1114 Quod nunquam dabitnr poſt reuocare tibi.
1 1110 681 1153 nNam ſi diſtuleris periit ribi Doura. nec illum
136 1143 591 1180 Iam ſeruare ſalus ſi velit.ipſa poteſt.
1 1168 636 1217 Aſpi cis exiles vt ſim concretus in artus:
59 1211 604 1249 Aſpicis. vt corpus hoc tenuarit amor.
558 1239 810 1272 0 2Nulls
