<PcGts xmlns="http://schema.primaresearch.org/PAGE/gts/pagecontent/2017-07-15" xmlns:xsi="http://www.w3.org/2001/XMLSchema-instance" xsi:schemaLocation="http://schema.primaresearch.org/PAGE/gts/pagecontent/2017-07-15 http://schema.primaresearch.org/PAGE/gts/pagecontent/2017-07-15/pagecontent.xsd"><Metadata><Creator>User123</Creator><Created>2020-04-19T08:48:35</Created><LastChange>2020-04-19T08:48:35</LastChange></Metadata><Page imageFilename="0318.png" imageHeight="1432" imageWidth="976"><TextRegion id="r0" type="paragraph"><Coords points="1,1 974,1 974,1430 1,1430"/><TextLine id="r0_l001"><Coords points="973,7 890,7 890,33 894,35 928,36 950,39 973,39"/><TextEquiv index="1"><Unicode></Unicode></TextEquiv></TextLine><TextLine id="r0_l002"><Coords points="969,40 925,38 925,63 969,63"/><TextEquiv index="1"><Unicode></Unicode></TextEquiv></TextLine><TextLine id="r0_l003"><Coords points="929,72 929,105 972,105 972,72"/><TextEquiv index="1"><Unicode></Unicode></TextEquiv></TextLine><TextLine id="r0_l004"><Coords points="264,80 264,109 592,109 592,80"/><TextEquiv index="1"><Unicode>CvPIDINVMLIB.</Unicode></TextEquiv></TextLine><TextLine id="r0_l005"><Coords points="737,85 737,105 788,105 788,85"/><TextEquiv index="1"><Unicode>Tor</Unicode></TextEquiv></TextLine><TextLine id="r0_l006"><Coords points="298,159 629,156 629,121 446,121 412,123 199,124 77,122 70,128 68,132 1,131 1,161 247,161"/><TextEquiv index="1"><Unicode>u.Sub numeros cenſes poſſe venire meos.</Unicode></TextEquiv></TextLine><TextLine id="r0_l007"><Coords points="129,194 154,192 237,192 301,190 356,191 383,189 593,186 621,187 621,160 298,160 247,162 80,162 70,170 55,171 55,200 120,200"/><TextEquiv index="1"><Unicode>Qui volet hinnitu fortis lætetur equorum,</Unicode></TextEquiv></TextLine><TextLine id="r0_l008"><Coords points="937,163 937,217 971,217 971,163"/><TextEquiv index="1"><Unicode></Unicode></TextEquiv></TextLine><TextLine id="r0_l009"><Coords points="82,231 94,224 216,225 266,224 285,222 446,221 520,219 618,219 625,223 634,224 660,223 660,189 447,189 383,190 356,192 301,191 237,193 154,193 129,195 117,202 61,202 37,200 27,197 1,197 1,232 73,232"/><TextEquiv index="1"><Unicode>ſeCingat &amp; Aonium arte furente emus.</Unicode></TextEquiv></TextLine><TextLine id="r0_l010"><Coords points="68,260 71,258 81,257 400,254 477,251 575,251 575,222 354,222 216,226 94,225 82,232 68,233 64,235 1,236 1,263 67,263"/><TextEquiv index="1"><Unicode>i. Mi ſat erit tenero fiam ſi notus amore,</Unicode></TextEquiv></TextLine><TextLine id="r0_l011"><Coords points="632,282 632,252 477,252 400,255 81,258 71,259 67,264 67,283 564,283"/><TextEquiv index="1"><Unicode>Mi ſat erit, Dominæ ſi placuiſſe ferar.</Unicode></TextEquiv></TextLine><TextLine id="r0_l012"><Coords points="105,327 109,323 114,321 220,321 483,315 634,314 634,283 503,283 450,286 306,287 154,291 81,289 73,295 67,295 67,328 69,328"/><TextEquiv index="1"><Unicode>Et merces hæc ampla mihi,tu Victor inerti</Unicode></TextEquiv></TextLine><TextLine id="r0_l013"><Coords points="475,347 538,347 572,345 637,345 641,344 641,317 426,317 220,322 114,322 109,324 105,328 68,329 68,349 423,349"/><TextEquiv index="1"><Unicode>Da veniam &amp; pr me, ſi iuuat, arma cane.</Unicode></TextEquiv></TextLine><TextLine id="r0_l014"><Coords points="355,380 645,375 698,375 706,380 713,380 713,343 683,343 637,346 572,346 538,348 341,350 279,353 227,353 181,355 123,354 98,355 72,353 67,351 61,345 61,343 1,343 1,372 27,373 28,383 296,383"/><TextEquiv index="1"><Unicode>Nam neq; nos agere foc inuitis poſſumus aſtris:</Unicode></TextEquiv></TextLine><TextLine id="r0_l015"><Coords points="406,411 580,409 655,406 655,377 567,377 411,381 355,381 296,384 124,386 124,415 259,415"/><TextEquiv index="1"><Unicode>Sed neq; nos agere hoc blanda puella ſinit.</Unicode></TextEquiv></TextLine><TextLine id="r0_l016"><Coords points="1,408 1,434 38,434 38,408"/><TextEquiv index="1"><Unicode>q.</Unicode></TextEquiv></TextLine><TextLine id="r0_l017"><Coords points="97,455 141,454 149,450 162,449 215,449 286,446 369,445 393,443 563,440 627,440 637,444 731,444 731,410 711,410 709,406 663,406 580,410 260,415 244,417 81,418 80,431 77,433 69,433 69,461 84,461"/><TextEquiv index="1"><Unicode>Quid faciam Victor: res imperioſa cupido eſt.</Unicode></TextEquiv></TextLine><TextLine id="r0_l018"><Coords points="326,477 588,472 588,443 450,443 393,444 369,446 286,447 257,449 162,450 149,451 141,455 129,455 129,480 243,480"/><TextEquiv index="1"><Unicode>Quolibet iniecta me rapit ille aanu.</Unicode></TextEquiv></TextLine><TextLine id="r0_l019"><Coords points="73,518 77,515 231,513 407,507 542,505 602,502 676,502 676,465 639,466 630,471 609,473 542,473 416,477 326,478 149,483 140,485 103,485 89,484 84,482 78,476 77,464 1,464 1,528 72,528"/><TextEquiv index="1"><Unicode>sæpe quidem volui lentos abrumpere nodos,</Unicode></TextEquiv></TextLine><TextLine id="r0_l020"><Coords points="616,533 656,533 656,508 407,508 231,514 131,515 131,541 363,541"/><TextEquiv index="1"><Unicode>Et, me mini, nuper magna loquutus eram:</Unicode></TextEquiv></TextLine><TextLine id="r0_l021"><Coords points="567,566 627,566 635,570 667,568 734,567 734,537 510,537 424,541 364,541 203,546 85,545 76,543 69,538 64,539 64,576 221,576"/><TextEquiv index="1"><Unicode>Meq; reuenturum iurabam ad fœdera nunquam:</Unicode></TextEquiv></TextLine><TextLine id="r0_l022"><Coords points="581,598 581,567 367,572 316,575 131,578 131,606 288,606"/><TextEquiv index="1"><Unicode>Et iam ſupremam dixerat Ida mihi.</Unicode></TextEquiv></TextLine><TextLine id="r0_l023"><Coords points="89,641 102,640 228,640 353,637 397,634 502,633 575,630 644,630 652,634 694,631 722,631 722,593 633,593 631,595 624,597 588,599 422,604 289,606 266,608 196,610 77,609 70,606 66,602 61,602 61,645 83,645"/><TextEquiv index="1"><Unicode>Mox tamen ille ferox veniam cum nocte rogaui:</Unicode></TextEquiv></TextLine><TextLine id="r0_l024"><Coords points="973,670 973,634 938,634 935,630 935,671 941,671"/><TextEquiv index="1"><Unicode></Unicode></TextEquiv></TextLine><TextLine id="r0_l025"><Coords points="634,661 634,631 397,635 353,638 228,641 133,641 133,671 267,671"/><TextEquiv index="1"><Unicode>N c potui vnius ferre moram tridui.</Unicode></TextEquiv></TextLine><TextLine id="r0_l026"><Coords points="88,707 107,706 320,703 527,696 549,694 646,693 646,662 458,666 375,670 226,672 146,677 120,677 98,675 91,673 85,668 70,667 57,662 1,662 1,703 36,703 42,711 81,711"/><TextEquiv index="1"><Unicode>Sæpe odii fincauſas: ſæpe. Improba, dixi.</Unicode></TextEquiv></TextLine><TextLine id="r0_l027"><Coords points="648,723 648,694 549,695 527,697 320,704 138,707 138,729 485,729"/><TextEquiv index="1"><Unicode>IIla nihi tantum, ſe miſeram eſſe, qneri.</Unicode></TextEquiv></TextLine><TextLine id="r0_l028"><Coords points="137,774 140,771 148,768 243,768 321,765 367,765 392,763 520,760 564,757 704,756 711,760 783,758 783,721 696,721 692,723 631,724 587,727 514,728 485,730 408,731 355,734 301,734 159,739 90,737 85,735 77,724 73,723 1,724 1,768 44,767 51,775 113,775"/><TextEquiv index="1"><Unicode>ag Nec mora, &amp; implicitis circum mea colla lacertis</Unicode></TextEquiv></TextLine><TextLine id="r0_l029"><Coords points="520,791 589,790 610,788 645,788 651,787 651,757 564,758 495,762 423,763 285,768 148,769 136,775 136,796 403,796"/><TextEquiv index="1"><Unicode>ille mihi impteſſit ſuauia mille modis.</Unicode></TextEquiv></TextLine><TextLine id="r0_l030"><Coords points="582,821 669,821 676,825 683,825 683,788 610,789 589,791 520,792 437,796 180,803 90,802 80,800 73,793 72,790 4,790 4,828 405,828"/><TextEquiv index="1"><Unicode>vlt, incor. &amp; ad ludos redeo maleſa nus eoſdem,</Unicode></TextEquiv></TextLine><TextLine id="r0_l031"><Coords points="560,854 622,854 622,822 549,823 528,825 375,830 327,830 257,834 142,835 142,858 501,858"/><TextEquiv index="1"><Unicode>Et refero in Dominæ prælia geſta ſinu.</Unicode></TextEquiv></TextLine><TextLine id="r0_l032"><Coords points="276,894 389,893 436,890 538,888 559,886 663,885 663,857 519,857 501,859 455,859 426,861 217,866 186,868 94,867 89,868 78,859 71,857 1,857 1,897 236,897"/><TextEquiv index="1"><Unicode>lSic mihi ver vitæ, melior ſic carpitur ætas.</Unicode></TextEquiv></TextLine><TextLine id="r0_l033"><Coords points="603,916 649,916 649,889 512,889 411,892 389,894 276,895 236,898 145,900 145,926 319,926"/><TextEquiv index="1"><Unicode>Nomen &amp; hinc opto carminis ire mei</Unicode></TextEquiv></TextLine><TextLine id="r0_l034"><Coords points="415,955 436,953 518,952 572,949 640,948 649,953 660,953 660,916 510,920 457,923 418,923 397,925 320,926 243,930 113,931 113,959 287,959"/><TextEquiv index="1"><Unicode>Scilicet ingenium nobis, artemq; canendi,</Unicode></TextEquiv></TextLine><TextLine id="r0_l035"><Coords points="594,981 594,950 518,953 436,954 415,956 324,959 288,959 246,962 145,963 145,991 266,991"/><TextEquiv index="1"><Unicode>Et ſi quid videor pofſe, puella racit.</Unicode></TextEquiv></TextLine><TextLine id="r0_l036"><Coords points="1,970 1,990 61,990 61,970"/><TextEquiv index="1"><Unicode>l</Unicode></TextEquiv></TextLine><TextLine id="r0_l037"><Coords points="489,1017 532,1013 573,1014 617,1012 709,1011 719,1016 719,978 643,978 638,981 504,984 453,987 382,988 323,991 267,991 207,995 145,995 98,993 90,990 85,985 79,985 68,993 59,994 59,1023 314,1023"/><TextEquiv index="1"><Unicode>Illius eſt, digito præter quod monſtror euntûm.</Unicode></TextEquiv></TextLine><TextLine id="r0_l038"><Coords points="374,1052 452,1051 532,1047 660,1044 660,1014 532,1014 489,1018 435,1019 385,1022 266,1024 202,1027 148,1026 148,1054 342,1054"/><TextEquiv index="1"><Unicode>Illius eſt, populo quod mea Mſa placet.</Unicode></TextEquiv></TextLine><TextLine id="r0_l039"><Coords points="426,1081 525,1081 662,1075 662,1051 453,1051 311,1056 222,1057 207,1059 174,1060 99,1059 89,1055 85,1051 59,1051 59,1083 411,1083"/><TextEquiv index="1"><Unicode>Inunc, &amp; famam tudiis molire perennem</Unicode></TextEquiv></TextLine><TextLine id="r0_l040"><Coords points="615,1108 677,1107 677,1076 617,1077 525,1082 426,1082 368,1086 325,1085 295,1086 285,1088 149,1091 149,1113 513,1113"/><TextEquiv index="1"><Unicode>Hanc dare ſi ouzæ Victor, amica poteſt.</Unicode></TextEquiv></TextLine><TextLine id="r0_l041"><Coords points="691,1139 697,1138 697,1109 615,1109 486,1115 438,1115 399,1118 252,1120 181,1123 98,1122 87,1118 84,1115 65,1115 59,1120 59,1151 338,1151"/><TextEquiv index="1"><Unicode>æc ſed fama mei pars eſt extrema laboris:</Unicode></TextEquiv></TextLine><TextLine id="r0_l042"><Coords points="333,1182 390,1182 506,1177 550,1177 586,1174 642,1172 699,1172 711,1174 711,1137 691,1140 515,1145 378,1151 283,1152 210,1155 153,1155 153,1184 308,1184"/><TextEquiv index="1"><Unicode>Ah pereat. ſi quem laus ſine amore iuuat:</Unicode></TextEquiv></TextLine><TextLine id="r0_l043"><Coords points="98,1220 144,1218 351,1216 439,1212 567,1209 611,1206 683,1205 683,1173 642,1173 586,1175 550,1178 506,1178 425,1182 333,1183 259,1186 113,1187 108,1186 99,1180 77,1180 66,1185 1,1185 1,1225 91,1225"/><TextEquiv index="1"><Unicode>uMl libet alarum Dominæ ceſſare ſub vmbra,</Unicode></TextEquiv></TextLine><TextLine id="r0_l044"><Coords points="510,1249 518,1245 590,1244 598,1238 652,1239 652,1207 611,1207 567,1210 439,1213 351,1217 144,1219 144,1251 471,1251"/><TextEquiv index="1"><Unicode>Molliaq; iniueo plectra mouere ſinu.</Unicode></TextEquiv></TextLine><TextLine id="r0_l045"><Coords points="765,1235 765,1264 826,1264 826,1235"/><TextEquiv index="1"><Unicode>Atq:</Unicode></TextEquiv></TextLine><TextLine id="r0_l046"><Coords points="565,1243 565,1265 640,1265 640,1243"/><TextEquiv index="1"><Unicode>G</Unicode></TextEquiv></TextLine></TextRegion></Page></PcGts>