976 1432
7 1 192 33 æu
378 93 678 121 ANIDOVL
178 97 219 116 to2
180 135 855 167 Atq; ibi non Mufas, nec Phœbum audire canentema
919 159 973 192 l
211 168 676 202 Aurea ſed Veneris dicta notate meæ:
178 200 742 232 Mellaq; de roſeo legere ore fluentia, & inter.-
210 231 682 261 rumpere ſuauiolis illa ſubinde meis.
919 255 972 279 M
177 264 829 297 Hoc rogo non melius quam ſcribendo atq; legendo
209 296 646 326 Ante diem canos accelerare ſibi?
175 327 691 359 Nec tua mi caſtas obiectet ruga ſorres:
207 358 654 383 Ex iſtis nomen non dabit vlla mihi.
919 386 972 413 M
174 389 861 424 Quid mihi cum Phœbo? ceſſit quoq; Phœbus amori
205 421 608 453 ſlle cui ludus Iuppiter ipſe fuit.
172 452 696 488 Te quoq; ſi certo Deus hic afflauerit igne,
941 483 974 517 u
207 484 679 518 Afatis opto quod proculeſſe tuis.
168 515 707 544 Ah quoties nobis non auſcultaſſe dolebis?
200 547 622 575 Et dices, verum me ceciniſſe tibi
169 578 738 612 Sed quæcunq; tamen Victorem vin cet amica,
200 609 609 644 O ſaltem tædis digna ſit illa tuis.
423 660 601 689 Elegia VIII.
164 700 782 735 Dum crepat hybernus Boreæ ſtridore December;
195 730 650 764 pſe frar furtim nocte profectas eo.
66 751 745 798 Scilicet exſpectans infelix, quomodo tandem
192 796 656 826 Eueniant Dominæ dulcia dica mihi.
161 826 750 863 Sed neq: mi tantum Boreæ ſtridore December,
191 859 682 890 Aut etiam leuias. Ida. moleſta tua eſt:
155 891 765 923 Quantum quæ ſtraho limat mea commoda viſi
187 919 657 953 Obſeruans greſſus æmula turba meos.
152 952 756 989 At tu rorifiuæ moderatrix Cinthia noctis,
184 983 687 1024 Abde coloratum nnbibus abde caput,
149 1015 632 1057 Sic tibi nocturni non deſit copia furti,
182 1047 590 1081 Sic toto poſſis Endymione frui.
946 1053 974 1077 ds
144 1078 736 1119 Et ta non vnquam deducat Iumina cœlo,
176 1111 663 1150 Cornibus obnitens Saga maligna tuis.
922 1115 972 1153 u
140 1141 770 1187 Nulla mora eſt, redeas iuga ad interiuncta licebit
176 1174 694 1219 Me ſimul ad ſe intro miſerit Ida domurm.
133 1204 625 1247 Non radii fratris, neclucida tela diei,
