976 1432
275 94 601 120 C PIDINVM
743 91 786 108 IS
1 131 589 168 uSe tua nox votis conuenit na meis.
61 162 649 207 Luce reformido turbam nox conſcia furtis
116 194 575 228 Audacem poſito me facit eſſe metu.
56 226 588 262 Illa per infeſtos nimium riualiter hoſtes
121 257 631 290 Defenſum tenebris, quo lubet, ire iubet.
1 274 42 307 ii
88 290 710 320 Omnia ſcis Phœbe, nec te latet ardor amantums
122 322 524 357 Et rigidam Pici filius eſe vetat.
56 354 618 387 Felix, qui vili mercatus vellere amorem
119 385 556 420 Amplexus meruit conciliare tuos.
1 403 685 454 ie unc quoq; Diua tuo paulum de iure remitte,
126 446 639 486 Neue onis obſta repus amantis amans.
64 478 603 514 Et vos ſuperis radiantes orbibus ignes,
129 509 590 548 Ignibus hac adeo nocte fauete meis.
94 536 689 579 Nar neq vos amor e ſſe rudes teſtatur, Olmpi
127 573 564 607 Pluribus è vobis qui patefecit iter.
372 620 520 651 Elgia IX.
60 657 648 711 Tempus adeſt, feſtis operetur vt Idibus Ida:
59 692 582 732 Mace eſto ſacris Iuppiter alme tuis.
1 720 662 775 Ipſa venus Dominæ. Golgis, Cyproq; relicta,
132 755 635 792 It comes & lateris gaidet habere locum.
59 785 635 842 Quam citcumcurans turiali cote Cupido
137 818 604 860 Argutat rapidas in mea damna aces.
58 842 772 939 Qu d faciam? effcænemn ſequar per tela puellum
135 882 594 918 V meam eperiæ vulnera ſæuitiæ
56 912 656 966 At ſi ſegnis eto neceam comitabor ad aras,
140 944 577 987 Suſpicio infanti sæuior hoſte mihi
55 975 675 1029 Templa peo: non vt ſortes vrnaſq; fatigans
143 1012 594 1050 Emeream faciles in mea vota Deos:
55 1038 693 1092 Sed magis t præſens, intento lumine ſeruem,
144 1073 608 1115 Præripiat t quis te malus.Ida, mihi:
55 1105 703 1156 Non dico populo: nihl hos illoſue veremu,
96 1135 662 1178 Quos fua Diis paſſim ponere vota vides:
54 1164 652 1215 Verm à Diis ipſis non ſim ſecurus, & vſqi
147 1205 568 1243 In feſto pueris vignibuſq, oue:
727 1226 817 1254 Cmnia
547 1237 617 1262 4
