<PcGts xmlns="http://schema.primaresearch.org/PAGE/gts/pagecontent/2017-07-15" xmlns:xsi="http://www.w3.org/2001/XMLSchema-instance" xsi:schemaLocation="http://schema.primaresearch.org/PAGE/gts/pagecontent/2017-07-15 http://schema.primaresearch.org/PAGE/gts/pagecontent/2017-07-15/pagecontent.xsd"><Metadata><Creator>User123</Creator><Created>2020-04-19T08:48:33</Created><LastChange>2020-04-19T08:48:33</LastChange></Metadata><Page imageFilename="0321.png" imageHeight="1432" imageWidth="976"><TextRegion id="r0" type="paragraph"><Coords points="1,1 974,1 974,1430 1,1430"/><TextLine id="r0_l001"><Coords points="1,61 1,111 52,111 52,61"/><TextEquiv index="1"><Unicode></Unicode></TextEquiv></TextLine><TextLine id="r0_l002"><Coords points="317,67 317,105 739,105 739,67"/><TextEquiv index="1"><Unicode>IIDOV</Unicode></TextEquiv></TextLine><TextLine id="r0_l003"><Coords points="127,88 127,121 219,121 219,88"/><TextEquiv index="1"><Unicode></Unicode></TextEquiv></TextLine><TextLine id="r0_l004"><Coords points="6,111 6,138 51,138 51,111"/><TextEquiv index="1"><Unicode></Unicode></TextEquiv></TextLine><TextLine id="r0_l005"><Coords points="948,148 973,148 973,109 896,109 896,151 932,151"/><TextEquiv index="1"><Unicode>u</Unicode></TextEquiv></TextLine><TextLine id="r0_l006"><Coords points="157,123 157,156 698,156 698,123"/><TextEquiv index="1"><Unicode>Omnia qui per me tentet formoſa licebit,</Unicode></TextEquiv></TextLine><TextLine id="r0_l007"><Coords points="930,149 930,182 974,182 974,149"/><TextEquiv index="1"><Unicode></Unicode></TextEquiv></TextLine><TextLine id="r0_l008"><Coords points="203,156 203,188 707,188 707,156"/><TextEquiv index="1"><Unicode>tlihet excepta te tamen Ida mihi.</Unicode></TextEquiv></TextLine><TextLine id="r0_l009"><Coords points="910,182 910,213 973,213 973,182"/><TextEquiv index="1"><Unicode></Unicode></TextEquiv></TextLine><TextLine id="r0_l010"><Coords points="690,188 171,188 171,218 690,219"/><TextEquiv index="1"><Unicode>At tu ſallaci nimirum ne crede Tonanti:</Unicode></TextEquiv></TextLine><TextLine id="r0_l011"><Coords points="973,213 904,214 904,242 973,242"/><TextEquiv index="1"><Unicode>M</Unicode></TextEquiv></TextLine><TextLine id="r0_l012"><Coords points="723,220 203,219 203,243 723,243"/><TextEquiv index="1"><Unicode>Vt dixi domitas non hiabet ille manus.</Unicode></TextEquiv></TextLine><TextLine id="r0_l013"><Coords points="568,281 713,282 713,251 170,251 170,283 439,283"/><TextEquiv index="1"><Unicode>Sic tamen vt pariter aliorum limina vites,</Unicode></TextEquiv></TextLine><TextLine id="r0_l014"><Coords points="889,277 889,308 972,308 972,277"/><TextEquiv index="1"><Unicode>H</Unicode></TextEquiv></TextLine><TextLine id="r0_l015"><Coords points="685,313 685,283 569,282 439,284 340,283 297,285 170,284 170,311 201,312 209,314 674,314"/><TextEquiv index="1"><Unicode>nq; locis credas omnibus eſſe Iouem.</Unicode></TextEquiv></TextLine><TextLine id="r0_l016"><Coords points="5,287 5,322 33,322 33,287"/><TextEquiv index="1"><Unicode></Unicode></TextEquiv></TextLine><TextLine id="r0_l017"><Coords points="903,308 903,337 974,337 974,308"/><TextEquiv index="1"><Unicode></Unicode></TextEquiv></TextLine><TextLine id="r0_l018"><Coords points="725,313 674,315 611,314 327,316 220,316 201,313 170,313 170,346 725,346"/><TextEquiv index="1"><Unicode>Vſq domimaneas, aut infamere neceſſe eſt,</Unicode></TextEquiv></TextLine><TextLine id="r0_l019"><Coords points="3,328 3,357 49,357 49,328"/><TextEquiv index="1"><Unicode></Unicode></TextEquiv></TextLine><TextLine id="r0_l020"><Coords points="911,347 911,375 974,375 974,347"/><TextEquiv index="1"><Unicode></Unicode></TextEquiv></TextLine><TextLine id="r0_l021"><Coords points="388,377 651,376 651,346 434,348 301,346 203,348 203,375 229,377 275,376 289,377 297,380 316,381 381,381"/><TextEquiv index="1"><Unicode>Lis eſt um fanis ſumma pudicitiæ.</Unicode></TextEquiv></TextLine><TextLine id="r0_l022"><Coords points="5,357 5,394 49,394 49,357"/><TextEquiv index="1"><Unicode>I</Unicode></TextEquiv></TextLine><TextLine id="r0_l023"><Coords points="735,377 388,378 381,382 316,382 297,381 289,378 275,377 164,377 164,407 735,407"/><TextEquiv index="1"><Unicode>Teſtis in aipectsæuæ compreſſa Mſineruæ</Unicode></TextEquiv></TextLine><TextLine id="r0_l024"><Coords points="910,375 910,406 974,406 974,375"/><TextEquiv index="1"><Unicode></Unicode></TextEquiv></TextLine><TextLine id="r0_l025"><Coords points="934,438 973,438 973,411 904,411 904,440 914,440"/><TextEquiv index="1"><Unicode></Unicode></TextEquiv></TextLine><TextLine id="r0_l026"><Coords points="278,442 325,441 706,440 706,410 533,409 409,411 254,410 192,411 192,440 234,441 242,445 258,445"/><TextEquiv index="1"><Unicode>ondm mutatis anue Meduſa co rmis.</Unicode></TextEquiv></TextLine><TextLine id="r0_l027"><Coords points="973,439 934,439 896,441 888,446 889,467 973,467"/><TextEquiv index="1"><Unicode></Unicode></TextEquiv></TextLine><TextLine id="r0_l028"><Coords points="695,441 325,442 278,443 258,446 242,446 234,442 217,441 169,441 169,472 695,472"/><TextEquiv index="1"><Unicode>Atqut:uris iden nobis ſi, Vita dediſſent,</Unicode></TextEquiv></TextLine><TextLine id="r0_l029"><Coords points="203,474 203,505 681,505 681,474"/><TextEquiv index="1"><Unicode>Nil auſim Superûm de leuitate queri.</Unicode></TextEquiv></TextLine><TextLine id="r0_l030"><Coords points="710,505 581,506 457,504 446,506 352,507 304,505 249,506 168,503 168,534 710,535"/><TextEquiv index="1"><Unicode>Nunc iilud doleo, quod Di impune fuiſſe</Unicode></TextEquiv></TextLine><TextLine id="r0_l031"><Coords points="48,577 48,527 43,525 4,525 4,579 40,579"/><TextEquiv index="1"><Unicode></Unicode></TextEquiv></TextLine><TextLine id="r0_l032"><Coords points="200,537 200,561 730,561 730,537"/><TextEquiv index="1"><Unicode>Credimus. hoc homini conciliare malum.</Unicode></TextEquiv></TextLine><TextLine id="r0_l033"><Coords points="893,533 893,567 974,567 974,533"/><TextEquiv index="1"><Unicode></Unicode></TextEquiv></TextLine><TextLine id="r0_l034"><Coords points="732,569 166,569 166,596 213,599 397,598 444,600 732,600"/><TextEquiv index="1"><Unicode>Nam cur præterito peiagi Rectore, Mineruæ</Unicode></TextEquiv></TextLine><TextLine id="r0_l035"><Coords points="904,568 904,596 974,596 974,568"/><TextEquiv index="1"><Unicode></Unicode></TextEquiv></TextLine><TextLine id="r0_l036"><Coords points="48,579 4,580 4,632 48,632"/><TextEquiv index="1"><Unicode></Unicode></TextEquiv></TextLine><TextLine id="r0_l037"><Coords points="677,600 444,601 397,599 199,599 199,630 677,631"/><TextEquiv index="1"><Unicode>Supplicium ofenſæ ſola puella dedit.</Unicode></TextEquiv></TextLine><TextLine id="r0_l038"><Coords points="904,601 904,628 973,628 973,601"/><TextEquiv index="1"><Unicode>u</Unicode></TextEquiv></TextLine><TextLine id="r0_l039"><Coords points="759,630 723,630 714,633 324,631 246,632 198,630 121,630 121,664 135,664 141,660 166,661 170,659 214,659 235,660 239,662 289,662 336,664 759,664"/><TextEquiv index="1"><Unicode>Non ita Caſſandræ poſt diruta Pergama raptor,</Unicode></TextEquiv></TextLine><TextLine id="r0_l040"><Coords points="907,637 907,657 974,657 974,637"/><TextEquiv index="1"><Unicode>M</Unicode></TextEquiv></TextLine><TextLine id="r0_l041"><Coords points="645,665 447,664 336,665 238,662 138,663 138,688 142,690 645,690"/><TextEquiv index="1"><Unicode>Euaſitfulmen, in mare, Diua, tuum.</Unicode></TextEquiv></TextLine><TextLine id="r0_l042"><Coords points="887,665 887,698 974,698 974,665"/><TextEquiv index="1"><Unicode>i</Unicode></TextEquiv></TextLine><TextLine id="r0_l043"><Coords points="78,686 32,686 32,729 78,729"/><TextEquiv index="1"><Unicode></Unicode></TextEquiv></TextLine><TextLine id="r0_l044"><Coords points="862,707 858,703 853,701 841,701 836,696 165,696 165,723 202,722 225,723 234,725 292,726 863,726"/><TextEquiv index="1"><Unicode>Sacra nec ippomenes Cybelæ temerauit nultus,</Unicode></TextEquiv></TextLine><TextLine id="r0_l045"><Coords points="918,698 918,727 974,727 974,698"/><TextEquiv index="1"><Unicode></Unicode></TextEquiv></TextLine><TextLine id="r0_l046"><Coords points="666,729 397,728 361,729 339,727 291,726 197,726 197,754 215,754 228,756 279,756 303,758 358,759 666,759"/><TextEquiv index="1"><Unicode>Ille tuus quarmuis: Ennoſigæe nepos.</Unicode></TextEquiv></TextLine><TextLine id="r0_l047"><Coords points="893,735 893,761 974,761 974,735"/><TextEquiv index="1"><Unicode>u</Unicode></TextEquiv></TextLine><TextLine id="r0_l048"><Coords points="72,731 32,730 32,760 72,760"/><TextEquiv index="1"><Unicode></Unicode></TextEquiv></TextLine><TextLine id="r0_l049"><Coords points="756,757 721,757 709,761 358,760 303,759 279,757 163,757 163,785 262,785 270,788 322,790 756,790"/><TextEquiv index="1"><Unicode>Cœleſtexs, ſcelerum cunctas effundite habenas.</Unicode></TextEquiv></TextLine><TextLine id="r0_l050"><Coords points="946,767 946,786 974,786 974,767"/><TextEquiv index="1"><Unicode></Unicode></TextEquiv></TextLine><TextLine id="r0_l051"><Coords points="726,795 715,794 658,794 615,792 371,792 288,789 143,789 143,821 145,822 172,819 212,819 246,821 339,821 417,823 726,824"/><TextEquiv index="1"><Unicode>Plect tur humanum crimina veſtra genus.</Unicode></TextEquiv></TextLine><TextLine id="r0_l052"><Coords points="943,799 943,821 973,821 973,799"/><TextEquiv index="1"><Unicode></Unicode></TextEquiv></TextLine><TextLine id="r0_l053"><Coords points="648,827 637,826 580,824 417,824 245,821 159,821 145,823 138,821 113,821 113,853 134,853 140,849 208,849 243,852 332,853 648,853"/><TextEquiv index="1"><Unicode>At vus mortales adyrtis excedite: ſolis</Unicode></TextEquiv></TextLine><TextLine id="r0_l054"><Coords points="616,857 565,855 360,855 331,853 243,853 221,851 195,851 195,880 201,881 616,881"/><TextEquiv index="1"><Unicode>Et ſacer &amp; liber eſt locus ille Deis.</Unicode></TextEquiv></TextLine><TextLine id="r0_l055"><Coords points="907,863 907,894 974,894 974,863"/><TextEquiv index="1"><Unicode>I</Unicode></TextEquiv></TextLine><TextLine id="r0_l056"><Coords points="889,894 881,889 741,886 680,883 672,883 667,887 659,889 580,889 292,886 218,884 205,882 160,882 160,913 221,912 269,915 348,915 525,919 655,919 677,921 722,922 889,922"/><TextEquiv index="1"><Unicode>Qu feror ah demens? procul hinc procul ite querelæ,</Unicode></TextEquiv></TextLine><TextLine id="r0_l057"><Coords points="943,894 943,916 974,916 974,894"/><TextEquiv index="1"><Unicode>l</Unicode></TextEquiv></TextLine><TextLine id="r0_l058"><Coords points="44,895 4,895 4,927 33,927 40,931 44,931"/><TextEquiv index="1"><Unicode></Unicode></TextEquiv></TextLine><TextLine id="r0_l059"><Coords points="736,923 721,922 677,922 655,920 525,920 348,916 192,915 192,945 313,946 344,948 736,948"/><TextEquiv index="1"><Unicode>Stultitia est hominem capere facta Deûm.</Unicode></TextEquiv></TextLine><TextLine id="r0_l060"><Coords points="923,925 923,949 974,949 974,925"/><TextEquiv index="1"><Unicode>u</Unicode></TextEquiv></TextLine><TextLine id="r0_l061"><Coords points="40,943 39,931 33,928 1,928 1,946 28,946 37,949"/><TextEquiv index="1"><Unicode>I</Unicode></TextEquiv></TextLine><TextLine id="r0_l062"><Coords points="774,956 760,955 416,949 365,950 313,947 150,946 150,975 294,978 325,980 376,980 413,982 774,983"/><TextEquiv index="1"><Unicode>Iura decent homines. Diis eſt pro lege voluntas,</Unicode></TextEquiv></TextLine><TextLine id="r0_l063"><Coords points="37,963 37,950 28,947 1,947 1,968 27,968"/><TextEquiv index="1"><Unicode></Unicode></TextEquiv></TextLine><TextLine id="r0_l064"><Coords points="34,1004 39,999 41,994 41,971 39,966 37,964 27,969 3,969 3,1006 29,1006"/><TextEquiv index="1"><Unicode></Unicode></TextEquiv></TextLine><TextLine id="r0_l065"><Coords points="972,962 910,962 910,986 926,987 935,993 972,993"/><TextEquiv index="1"><Unicode></Unicode></TextEquiv></TextLine><TextLine id="r0_l066"><Coords points="644,986 634,985 531,986 528,984 520,983 413,983 255,978 188,978 188,1007 644,1007"/><TextEquiv index="1"><Unicode>Maieſtas domui conuen it lia iouis.</Unicode></TextEquiv></TextLine><TextLine id="r0_l067"><Coords points="973,994 935,994 932,992 911,992 911,1013 973,1013"/><TextEquiv index="1"><Unicode></Unicode></TextEquiv></TextLine><TextLine id="r0_l068"><Coords points="736,1012 693,1012 686,1015 661,1017 596,1016 575,1017 380,1014 311,1011 159,1011 159,1037 172,1037 194,1040 468,1047 736,1047"/><TextEquiv index="1"><Unicode>Aucupium limis tantum facamus homulli,</Unicode></TextEquiv></TextLine><TextLine id="r0_l069"><Coords points="914,1025 914,1053 974,1053 974,1025"/><TextEquiv index="1"><Unicode>l</Unicode></TextEquiv></TextLine><TextLine id="r0_l070"><Coords points="689,1051 681,1050 392,1047 292,1043 191,1043 191,1071 257,1074 302,1074 348,1077 484,1078 498,1080 545,1079 689,1081"/><TextEquiv index="1"><Unicode>Spectandoq anidus eſatutetur aor.</Unicode></TextEquiv></TextLine><TextLine id="r0_l071"><Coords points="973,1057 919,1057 917,1051 895,1051 895,1079 973,1079"/><TextEquiv index="1"><Unicode>Ih</Unicode></TextEquiv></TextLine><TextLine id="r0_l072"><Coords points="753,1078 741,1078 733,1082 724,1083 545,1080 498,1081 484,1079 348,1078 302,1075 158,1072 158,1100 185,1101 196,1103 282,1105 307,1104 333,1107 405,1108 428,1110 753,1110"/><TextEquiv index="1"><Unicode>Hactet ns in iacris licitum est: alia o nia velle</Unicode></TextEquiv></TextLine><TextLine id="r0_l073"><Coords points="3,1062 3,1142 52,1142 52,1062"/><TextEquiv index="1"><Unicode></Unicode></TextEquiv></TextLine><TextLine id="r0_l074"><Coords points="973,1090 909,1090 909,1116 931,1116 937,1121 973,1122"/><TextEquiv index="1"><Unicode></Unicode></TextEquiv></TextLine><TextLine id="r0_l075"><Coords points="623,1113 428,1111 405,1109 333,1108 322,1106 190,1106 190,1133 194,1134 246,1135 277,1138 365,1138 403,1141 504,1142 536,1144 623,1144"/><TextEquiv index="1"><Unicode>Et mos, &amp; leges &amp; locus ipſe vetat:</Unicode></TextEquiv></TextLine><TextLine id="r0_l076"><Coords points="973,1123 937,1122 933,1118 888,1118 888,1147 973,1147"/><TextEquiv index="1"><Unicode></Unicode></TextEquiv></TextLine><TextLine id="r0_l077"><Coords points="765,1144 668,1142 661,1145 536,1145 504,1143 403,1142 365,1139 277,1139 246,1136 156,1136 156,1169 175,1169 183,1167 230,1167 363,1172 462,1173 491,1175 765,1175"/><TextEquiv index="1"><Unicode>Quod hcitum eſt facio, teq o dulciſſima rerum,</Unicode></TextEquiv></TextLine><TextLine id="r0_l078"><Coords points="910,1156 910,1177 974,1177 974,1156"/><TextEquiv index="1"><Unicode></Unicode></TextEquiv></TextLine><TextLine id="r0_l079"><Coords points="676,1180 608,1177 363,1173 298,1170 189,1170 189,1199 263,1200 371,1205 437,1205 467,1207 676,1207"/><TextEquiv index="1"><Unicode>Qua poſum,argutis tango ſupetciliis:</Unicode></TextEquiv></TextLine><TextLine id="r0_l080"><Coords points="909,1187 909,1219 974,1219 974,1187"/><TextEquiv index="1"><Unicode></Unicode></TextEquiv></TextLine><TextLine id="r0_l081"><Coords points="776,1209 723,1208 718,1211 712,1212 696,1212 587,1209 505,1209 437,1206 371,1206 225,1200 132,1200 130,1202 102,1202 102,1236 251,1237 283,1241 776,1241"/><TextEquiv index="1"><Unicode>In temploq; tuos enerans contemplor honores</Unicode></TextEquiv></TextLine><TextLine id="r0_l082"><Coords points="910,1219 910,1250 974,1250 974,1219"/><TextEquiv index="1"><Unicode></Unicode></TextEquiv></TextLine><TextLine id="r0_l083"><Coords points="914,1250 801,1249 801,1279 914,1279"/><TextEquiv index="1"><Unicode>Has</Unicode></TextEquiv></TextLine><TextLine id="r0_l084"><Coords points="537,1383 537,1404 648,1404 648,1383"/><TextEquiv index="1"><Unicode></Unicode></TextEquiv></TextLine></TextRegion></Page></PcGts>