976 1432
259 80 612 109 CVPIDINVMLIB.
760 82 811 103 Io
124 118 646 154 Has oculis epulas me dare Vita, i uuat.
63 154 702 186 Fallor? am ipſa eriam nutu mihi ſigna remittis,
140 187 534 210 Et nos futtiuâ l ma notas acie:?
54 214 794 250 Me miſerum, non hocnon eſt dare gaudia amanti
120 250 609 275 Sed deſiderium maius, ocelle. tui
907 262 974 313 E
64 283 684 315 Certius cupidos tandem iungamus amores,
139 314 731 345 Penſemuſq domi. quod modo rem pla negant,
52 345 697 374 Siue iuæ. lux, ſiue ticæ. nam quid locus ad nos?
138 375 618 408 Ipſa d mus noſtræ dos eris, ipſa tuæ.
63 406 749 438 Tutrc mutare meis cupit ſaa commoda: tunc ſe
107 439 595 476 In faciem verti, luppiter ipſe meam.
357 491 498 514 Elaoia
55 531 677 574 Nonego nunc nigræ metuo confinia Lethes:
141 564 596 596 Sedne forte mihi te ſupere ſſe iuuet:
55 596 640 636 Aut alli nubas poſt funera noſtra marito,
942 616 974 651 I
140 630 610 662 Durior hic ipſa ſit mihi morte timor.
107 660 675 698 Vſque adeo validis hæret compagibus imum
143 695 650 728 Qui mihii cor intra ſe penetrauit amor.
1 711 56 737 s,
65 725 657 760 Ter quater O felix antiqui temporis ætas,
107 755 655 794 Dum fret in pretio Fenelopæa fides.
98 787 688 824 Coniugis Alceſtis propriâ nece fata redemit,
943 793 973 824 I
144 820 590 849 Et comes exſtincto Laodamia fuit.
53 850 734 892 Nec minus exemplum flammæ dedit illa iugalis,
144 887 581 916 Auſa ſub accenſos phias ire rogos.
1 906 687 948 eitl osr vero nuſtr pariter cum luce relinquunt,
143 946 686 982 Cuuq viri fim morteThalaſſus habet.
61 978 709 1021 HIoc vbis viium magnum eſt ignoſce fatenti
128 1011 613 1043 Prteriti meminit nnlla puella thori.
65 1042 744 1079 Eſſ tamen îentes fama eſt vbi nupta ſuperſtes
140 1077 606 1110 Coitur eſtincti buſta piare viri:
112 1107 648 1145 Nîn lacte aut ino: caræ ſed pignore vitæ,
147 1139 671 1174 Communiq; ſuam mrte ptobare fidem.
100 1174 679 1205 Hei, cur non illic naſci mihi contigit, aut cur
142 1205 675 1243 Non eadem his Douæ copia facta locis?
752 1232 838 1261 Iura
581 1240 652 1275 s
