976 1432
933 1 974 28 e
288 104 612 131 CVIDINVMLIB.
769 104 846 130 o7
133 147 634 178 Ibam Permeſſi quærere fontis aquam:
58 170 666 219 Conceptiſq; diu verbis te. Phœbe, ſtudebam
135 208 624 236 Scrihundis ſocium verſibus eſſe mihi:
59 240 621 275 Iamque videbatur labris alludere noſtris
136 272 590 303 IIla tuam toties vnda ſequuta ſitim.
1 277 61 313 :
59 302 647 348 Cum me Pimplæa ſpectans de rupe Cupido
134 336 601 365 Ter face, ter motis inerepuit calamis.
59 361 740 411 Quid tibi cum Phœbo tenerorum luſor amorum
133 396 700 434 Crede mihi: quod ames, non dabit ille tibi.
4 428 678 470 Sed neq; iam dulces oblectat carmine Muſas
133 460 699 497 Amplius, aut Clariæ pocula præbet aquæ.
1 473 63 508 p
61 493 710 539 Hæc fuerant olim, tunc cum Pythone perempto
133 525 553 555 Cantabat toros verſibus ille dies.
62 555 692 600 At ſimul Æmonio cœpit pallere Tyranno,
131 586 616 625 Pertulit & magni dux gregis eſſe Deus.
62 616 654 666 Nil dubitans fragili chordas mutare cicuta,
133 652 608 688 Proq: arcu rigidi ferre bidentis onus,
1 676 618 730 Scilicet ex illo Muſarum oblitus Apollo.
134 712 635 750 Oblitus cyatharæ cum cytharaq; ſui eſt.
61 743 670 792 Hoc nocuit miſero ſpreuiſſe upidinis atcuss
134 779 557 817 Adq; meas vires æquiparaſſe ſuas.
61 810 627 857 Ah quoties viſo pudefacta es fatre piana,
133 840 653 876 Dum ſtimnlo tardos increpat ille boues?
61 876 615 921 Ahqnoties duro terram verſantis aratro
66 904 629 941 Læſit inaſſuetam puſtula rupa cutem?
60 934 638 986 Sæpe comas vſtas à ſidere, ſæpe probro illi
131 972 608 999 Vertere calloſas auſa nouerca manus.
58 995 805 1051 Quid comitesnc Phœbenouë.quid carmina proſunt?
132 1033 608 1071 OQuid modo libertas illa paterna tibi?
57 1063 637 1111 Nempe iaces vitæq; dies traducere agreſii
134 1099 629 1131 Teiuuat Aonio tam procul ànemore:
57 1129 652 1169 Et te ſponte tua domini ſubmittis habenis
133 1161 672 1196 Haud aliter. quam ſi captus ab hoſte fores.
56 1193 633 1235 Aſt ego Parnaſſi ſedeo Dictator in vmbra,
103 1226 635 1265 Etmepro Phœbo nunc locus ille colit.
704 1255 820 1280 Scilicet
923 1270 956 1308 I
