976 1432
299 85 670 112 CVPIDINVILIB
767 91 829 112 I09
1 119 56 150 n
96 131 645 162 Iuſſit amor. cum Diis belligerare nefas.
53 162 733 197 Fræſertim Veneris puero: Deus ille Deorum eſt.
146 194 594 226 Iudicio ignoſcet luppiter ipſe meo.
63 227 657 261 Quin te poſtpoſitum dignæ gratare puellæ,
1 252 64 281 nd
141 261 594 293 Iuverſu teneat quæ tua regn meo.
55 289 794 327 Nobilis illa quidem eſt. ſed quid genus illius ad nos?
145 323 615 353 Maiorum clypei nil in amore valent.
63 352 792 393 Heu ſtimulat me forma magis floſq; ille iuuentæ,
144 384 625 419 Suadaq; & arguto qui ſedet ore Lepos.
63 414 755 449 Hoc ſi crimen erit: cum Diis mihi, docte Georgi,
149 448 663 480 Et commure ipſo cum Ioue crimen erit.
64 479 724 522 Nempe parum terræ fuerat dare iura per orbem,
153 512 636 547 Noſq; omni miſeros exeruciare modo,
65 542 695 585 Ipſa etiam ſi non penetraſſet ad aſtra Cupido
150 575 598 604 Excusſrus auo tela triſulca nepos?
68 604 742 643 Idem qui cæſtum mariti, Marti arma, tridentem
151 636 603 673 Creditur æquore præripuiſſe Deo.
3 656 66 673 I
64 668 666 706 cCur exempla petam cœlo? ſcis ipſe Georgi,
153 701 699 737 Quid aculo pridem, quid face poſſit amor:
64 733 743 771 Tempore iamex illo, cum te ſapientet amantem
151 765 593 801 Detinuit gratis lia compedibus.
64 797 625 842 lia quæ facto te non contenta marito
152 828 661 868 Prima ruam dignâ dote beaſſe domum,
57 864 683 899 Inſuper & pulchra fecit te prole parentem,
155 895 523 926 Felici totie: aucta puerperio.
65 928 618 964 Oproles tali digna atq; beata parente:
156 960 593 995 O digna & tali prole beata paens:
123 989 641 1023 Donec amatorum paſcetur fletibus ſda,
155 1021 593 1059 Fas etiam verſu vos ſupereſſe meo.
326 1078 635 1118 Cupidinum liber ſecundus,
425 1123 560 1163 ElgiaI
132 1174 663 1210 Pma Dionæs conata eſt pagina luſus
133 1208 685 1245 Noſtia, nec erubuit mollia verba queri
758 1229 838 1261 Cum
