976 1432
298 83 623 110 C vPIDIVM LIB.
770 88 809 104 IIE
138 125 624 157 Nil opus eſt fletu.res vbi poſcit opem.
56 157 583 194 ptius hoc fiet. ficto ſi qundo dolore
144 189 605 214 Se triſtem immerito fecerit Ida tib.
57 219 677 251 At nunc te satius me diſcere pauca magiſtro,
143 252 693 283 Queis ibi ſit Dominæ conciliandus amor.
62 283 636 311 Tu caue, ne vacuæ ſubiti ſis cauſa dolorit,
140 316 623 347 Facta nec edictes, quæ vetat illa loqui.
108 347 695 377 Neue, in te qondam bene ſi quid ſcueris ipſa,
142 377 592 408 In tepidos ſccum ſentiat i ſſe Notos.
57 400 770 447 Diſce etiamfacile Dominaera verba minantis,
140 440 583 473 Diſce ſupercilii falmina poſe pati.
58 467 648 512 Nectibi ſic placeas, vti contendere poſſis,
142 503 573 529 Fortia vel libeat dicere verba tibi.
59 529 643 576 In primis aduerte tamen, quo ſidere creta,
136 567 587 599 Qui mores ipſi quale ſit ingenium.
59 590 747 639 Hæc te noſſe decet curamq adhibere frequentem,
144 630 627 662 Præuolet vtmenti, quod volet illa tuæ.
1 645 745 701 Omnia quæ matris dum fert præcepta per orbem,
145 692 626 718 Naſonem memini me docuiſſe meum.
58 721 639 765 Oſcula ſic demum, rapias impune licebit,
145 755 649 790 Quæ dare mox etiam gaudeat ipſa prior.
57 786 670 827 alia Amor. tandemqmihi per deuia ducto
144 820 640 853 Monſtrauit fontes docte Secunde tuos.
57 855 736 894 At Venus intacta velans mea tempora myrto,
141 884 579 914 Militiæ, dixit hæc ape ſigna meæ.
53 912 677 958 Nec te pœniteat modicum ſufferre laborem.
145 946 657 980 Qui patitur, potitur qui cupit, ille capit.
55 976 681 1007 Hæc coram nato, ſed mollius illud in aurem:
144 1011 566 1039 Felix , nimium ſorte Poëta, tua.
1 1035 769 1086 Hanc tibi non facilem ſpondet Venus ipſa futuram,
145 1075 657 1108 Magnaq; prouiſus gaudia portat Hymen.
114 1104 737 1139 Gaudia. quæ maneant ſemper me vindice, dum te
146 1141 670 1170 Lumina mox oculis linquere cogat amor.
53 1169 660 1214 Hactenus, & certa feriit mihi corda ſagitta,
142 1203 645 1238 Tunc primum notis tacta Cupidinibus.
751 1235 819 1266 HPlaga
