976 1432
289 80 606 106 CVPIDINVM.
770 80 803 101 Is
106 122 616 162 Et perfuſa meis ſerta darem lachrymis.
53 158 633 196 Nec contntus eo, puluini parte locarem,
62 188 540 227 Et muto facerem delicias lapidi.
53 220 601 260 Optaremque meo poſſit viueſcere tactu,
124 251 642 291 Vt quondam niueum Pygmalionis ebur.
62 278 749 326 Nunc ego nil poſlum, niſi molli carminis arte
101 315 634 351 Docta ſub vndenos cogere dicta pedes.
61 348 584 389 Ergo aut ſiderei vobis dicuntur ocelli:
122 378 582 417 Principium cœci vulneris inde fuit.
95 407 672 447 Seribimus aut lata ſparſos in fronte capillos,
129 442 639 483 Vinclaque quæ nobis impediere fugam.
63 477 716 511 Suaue etiam Muſas ad Baſia læta vocantem
130 507 633 548 Ire per exemplum. docte Secunde, tuum
64 534 729 575 Sed nil ſuauius eſt, quam ſi mihi carmen in vlnis,
131 570 589 612 Inque tuo liceat pangere, Vita ſinu.
1 587 65 604 H:I
55 598 743 642 Hic bonus, hic magnus vates ego vos quibus arm
1 633 641 676 hhCGratia mage, Auraſii dicite facta ducis.
64 668 605 712 Ipſe virûm per te venturus in ora Poeta
121 697 592 738 Nullius, præterquam tuus, Ida, ferar,
373 765 511 801 ElegiaIII.
1 816 794 875 aQuid non fama poteſt? vixdum de nomine noræt,
138 857 658 902 Et tamen eſt Helenæ capts amore Faris.
56 885 730 945 Demens, qui nunquam viſam per ſaxa, pet vndas
139 923 576 962 Suſtinuit ſpreta quærere Pegaſide:
54 952 657 1004 Et malus, illicitis potuit qui credere pactis,
139 987 597 1025 Crede mih, tanti nulla Lacæna fuit.
54 1020 621 1061 Nec tamen ignota mirum pereſe figura
141 1047 700 1092 allada quem Veneri poſtha buiſſe ferunt,
61 1080 713 1127 Scilicet eſt aliquod cœco dare nomen Amori:
144 1113 681 1160 Atque aliquid puero ſub duce ſigna ſequi.
1 1132 56 1160 li
55 1141 736 1190 Nos melius, queis duxoculatus, Vita, Cupido eſt
145 1183 598 1225 Et cui de nullo fama rubore placet.
52 1216 656 1259 Quid fuit in votis Paridiniſi fœdere rupto
649 1238 821 1267 HHa-
218 1255 392 1289 Tomus ſecundus
