976 1432
1 10 185 36 p x
485 91 748 114 N V
191 95 237 117 II4
224 124 728 167 Hoſpitis in partem poſſe venire thori?
191 164 769 195 Talis abeſt noſtris, abſitque initria flammis,
224 196 684 227 Et vetitus nulla lege muetur amor.
191 228 839 262 Quid prodeſt, cupiant cum nos diuellere quidam,
229 259 710 291 Quæ ſibi riualis nomine turba placet.
190 292 688 327 At tu mendaci noli plus creere famæ,
913 290 974 326 u
226 323 815 355 Quam ihi quamque oculis cara puellatuis.
913 326 974 356 Iu
191 354 835 388 Te meminiſc decet quano tbi commodo & vſa
224 386 692 418 Longa rmei fterint tempora ſeruitii.
191 418 793 453 Scii certè aſſiduè morem geſſiſſe, nec vnquam
223 450 685 482 Aduerſatum aliqua me ratione tibi.
911 454 973 487 u
191 483 786 515 Scis etiam, quamuis dubiis in reus amantem
910 488 973 515 s
226 515 639 545 Ne c factis. nec te diſſeruiſſe fide
188 545 748 576 Pro quibus oſſiciis pretii nil poſtulo, ſi non
220 579 748 610 Mutuum vti mecum te facere. Ida, iuuer.
910 588 969 607 i
187 610 769 641 Et potes, & merui miſerere, iuſta precantis,
222 641 697 673 Et mihi da placido lumine poſſe frui.
189 673 828 709 Quod mihi ſi deeris, nec iquæ credula linguæ
911 678 973 714 l
218 705 663 734 Ac ceptrx falſis vocibus eil velis,
186 736 755 766 Non impune abeant iſti ſua carmna, faxims
220 768 777 799 Qui me ſollicitum nunc mals liuor habet,
491 836 625 868 FlgiaI
18 866 58 892 I
183 894 713 925 Impia Thebani rectoris membra ſorores
911 908 974 940 I
216 925 722 966 Baſſarides quondam diripuiſſe ferunt,
183 958 723 993 Credo meras nugas, & ſomnia vana fuiſſe
914 973 972 997 i
213 991 759 1029 Præ queis tranſuorſus differor ipſe modis.
177 1021 808 1063 Heu cur non morior, ur viuo, qud mihi quæo
916 1038 973 1062 u
214 1052 737 1086 Eſt boni, in hac vita cur remanere velim?
916 1073 973 1106 l
178 1085 800 1126 Certum eſt: arripiam capulam, rabieque recnt
933 1105 973 1137 h
213 1116 703 1151 Ipſe mum peragam fortior enſe latus.
177 1148 726 1190 Dura paro, ſed terrificè mihi dura paranti
212 1182 692 1219 Excutit è manibus tela parata timor.
177 1214 780 1264 Cua rro quid DPona tibiguo m ucro oetæ?
916 1239 974 1267 .
778 1260 876 1295 oue
