976 1432
269 100 578 126 CvPIDINVM LIB.
132 141 617 174 Conueniunt digitis altera tela tui.
52 165 636 214 Parce precor fractis animo diſfidere rebus,
133 205 674 240 Ouodque periſſe vides omnes periſſe put
1 232 676 276 iFuiſere heu quondam puso tibi lumine ſoles:
134 269 591 301 Fiſere ad votum ſidera cuncta tibi
53 294 699 335 Tunc cum ibas, quo te ducebat blanda puellas
131 334 572 366 Ex animo corci ſe mper amata tuo.
1 336 57 367 ui
1 363 575 405 Illa ibi iebant multa iocoſa puellæ,
134 393 617 429 Illa ibi cum fierent multa iocosa tibi.
1 426 586 463 Fulserunt veiè puro tibi lumine ſoles.
55 458 557 497 Fulſere ad votum ſidera cuncta tibi
1 488 711 536 Nunc ea te non vult & eam tu feſſas amando e
136 521 605 557 Quare te iam cur am plius ex crucies?
56 553 668 602 Quin alib potius transfers deſpectus amores.
137 583 643 617 Et Dominæ cupiens incipis eſſe nouæ?
56 610 689 661 Ida valeiam Douza alio tua gaudia transfert,
138 646 623 681 Et Dominæ cupiens inci pit eſſ nonæ.
1 670 704 732 a Hæc te pœna manet, faſtus n ſi dura remittis.
135 713 592 749 Dii melius: factis Ida, remitte tuos.
400 777 516 809 Elgia V.
55 837 628 888 Scilicet hoc præter faſtus & iurgia mille,
137 872 609 905 Obiecta & capiti tot maledicta meo,
54 897 713 949 Hoc inquam mihi ſcæua mali Fortuna parabas,
136 932 594 974 Crederer vt ludus & iocus e ſſe tibi?
53 963 650 1006 Sum iocus lda tibi, di qnæ nocte venire
138 996 609 1029 Mi toties uras, nec tumen lla venis:
106 1031 661 1063 Sed veniunt curæ, voniunt inſomn:ta,acutæ
139 1062 694 1092 Tercent um veniunt ſub mea ſtrata cruces:
101 1088 772 1132 Tunc ego, tunc manibus puluinum amplgctoriſque,
91 1124 635 1163 Neſc. o quæ fiugens ſomnia vana mihi
58 1153 705 1191 At tu nulla venis, nec me mage reſpicis, ac ſi
138 1184 732 1230 Nunquam antehac fuerim cognitus, lda, tibi.
103 1224 706 1268 Tantum inflicem promiſſis ducis amantem:
761 1249 805 1275 Hs,
563 1256 634 1278 4
