<PcGts xmlns="http://schema.primaresearch.org/PAGE/gts/pagecontent/2017-07-15" xmlns:xsi="http://www.w3.org/2001/XMLSchema-instance" xsi:schemaLocation="http://schema.primaresearch.org/PAGE/gts/pagecontent/2017-07-15 http://schema.primaresearch.org/PAGE/gts/pagecontent/2017-07-15/pagecontent.xsd"><Metadata><Creator>User123</Creator><Created>2020-04-19T08:48:36</Created><LastChange>2020-04-19T08:48:36</LastChange></Metadata><Page imageFilename="0336.png" imageHeight="1432" imageWidth="976"><TextRegion id="r0" type="paragraph"><Coords points="1,1 974,1 974,1430 1,1430"/><TextLine id="r0_l001"><Coords points="973,1 926,1 926,15 972,17"/><TextEquiv index="1"><Unicode></Unicode></TextEquiv></TextLine><TextLine id="r0_l002"><Coords points="961,18 949,16 924,16 921,15 914,8 906,8 906,43 961,43"/><TextEquiv index="1"><Unicode>L</Unicode></TextEquiv></TextLine><TextLine id="r0_l003"><Coords points="1,45 1,71 70,71 70,45"/><TextEquiv index="1"><Unicode></Unicode></TextEquiv></TextLine><TextLine id="r0_l004"><Coords points="744,67 744,98 801,98 801,67"/><TextEquiv index="1"><Unicode></Unicode></TextEquiv></TextLine><TextLine id="r0_l005"><Coords points="269,79 269,106 588,106 588,79"/><TextEquiv index="1"><Unicode>CvEIVMLIB.</Unicode></TextEquiv></TextLine><TextLine id="r0_l006"><Coords points="111,119 111,150 572,150 572,119"/><TextEquiv index="1"><Unicode>C modo vitalem te iuuat eſſe mihi.</Unicode></TextEquiv></TextLine><TextLine id="r0_l007"><Coords points="415,184 685,180 705,180 714,185 730,185 730,150 599,150 556,153 375,154 122,159 99,159 82,156 80,174 80,186 381,186"/><TextEquiv index="1"><Unicode>Præſertim quos vinxit Hymen, pro pellice ne qua</Unicode></TextEquiv></TextLine><TextLine id="r0_l008"><Coords points="657,183 466,184 381,187 108,188 108,212 657,212"/><TextEquiv index="1"><Unicode>Obductam ante oculos te ſibi Iuno putet.</Unicode></TextEquiv></TextLine><TextLine id="r0_l009"><Coords points="464,246 538,246 577,244 691,244 691,213 518,214 432,217 359,217 310,219 153,221 80,219 80,250 280,250"/><TextEquiv index="1"><Unicode>Exemplum graue erit Semele tibi, Parrhaſis, Io,</Unicode></TextEquiv></TextLine><TextLine id="r0_l010"><Coords points="259,281 389,281 458,278 648,276 648,245 577,245 538,247 464,247 416,249 281,250 251,252 126,253 126,283 228,283"/><TextEquiv index="1"><Unicode>Quaſque alias longum dinumerareforet.</Unicode></TextEquiv></TextLine><TextLine id="r0_l011"><Coords points="212,314 425,312 512,308 633,307 669,307 681,313 681,277 570,277 521,279 458,279 389,282 259,282 138,286 94,285 94,316 193,316"/><TextEquiv index="1"><Unicode>Ouid tameu offenſos àme quid vertis ocellos.</Unicode></TextEquiv></TextLine><TextLine id="r0_l012"><Coords points="362,345 476,342 503,340 618,340 620,339 620,309 512,309 425,313 212,315 193,317 129,318 129,346 241,346"/><TextEquiv index="1"><Unicode>Nec ſpectatorem me patere eſſe tuum?</Unicode></TextEquiv></TextLine><TextLine id="r0_l013"><Coords points="721,338 658,338 647,340 618,341 503,341 476,343 362,346 242,346 165,349 95,348 95,373 453,373 493,371 649,369 678,369 686,373 721,373"/><TextEquiv index="1"><Unicode>Hoccine fit? ſic dura tuum contemnis amantem,</Unicode></TextEquiv></TextLine><TextLine id="r0_l014"><Coords points="626,402 626,371 547,371 423,375 299,376 193,380 167,379 132,380 132,403 586,403"/><TextEquiv index="1"><Unicode>S deribus fraudans lumina noſtra ſuis?</Unicode></TextEquiv></TextLine><TextLine id="r0_l015"><Coords points="3,395 3,423 40,423 40,395"/><TextEquiv index="1"><Unicode>vli</Unicode></TextEquiv></TextLine><TextLine id="r0_l016"><Coords points="256,441 380,439 439,436 557,434 620,434 628,439 695,440 695,399 679,399 642,403 402,406 159,413 93,412 93,443 215,443"/><TextEquiv index="1"><Unicode>An potius, cupidi quia ſpepaſcuntur amores,</Unicode></TextEquiv></TextLine><TextLine id="r0_l017"><Coords points="321,471 568,466 569,437 439,437 380,440 256,442 215,444 132,444 132,475 227,475"/><TextEquiv index="1"><Unicode>Exigua gaudes nos cruciare mora?</Unicode></TextEquiv></TextLine><TextLine id="r0_l018"><Coords points="500,498 621,496 621,465 412,471 321,472 228,475 209,477 114,477 107,482 94,482 94,502 409,502"/><TextEquiv index="1"><Unicode>Scilicet vt facilis poſt tædia lenta repulſa</Unicode></TextEquiv></TextLine><TextLine id="r0_l019"><Coords points="242,536 315,536 481,530 588,528 588,499 500,499 449,502 361,503 302,506 87,509 87,540 184,540"/><TextEquiv index="1"><Unicode>Gratior ueniat in mea vota Venus?</Unicode></TextEquiv></TextLine><TextLine id="r0_l020"><Coords points="496,561 629,559 629,528 481,531 358,536 242,537 184,541 97,541 97,565 408,565"/><TextEquiv index="1"><Unicode>Annuit. &amp; ridens ad me reſpexit id ipſum</Unicode></TextEquiv></TextLine><TextLine id="r0_l021"><Coords points="935,544 935,572 968,572 968,544"/><TextEquiv index="1"><Unicode></Unicode></TextEquiv></TextLine><TextLine id="r0_l022"><Coords points="530,598 604,597 604,560 496,562 352,568 276,569 259,571 131,572 131,600 501,600"/><TextEquiv index="1"><Unicode>Facturos ſuperos, lux mea ſpera tibi</Unicode></TextEquiv></TextLine><TextLine id="r0_l023"><Coords points="383,630 383,662 540,662 540,630"/><TextEquiv index="1"><Unicode>Elegia VII.</Unicode></TextEquiv></TextLine><TextLine id="r0_l024"><Coords points="368,728 504,726 526,725 532,721 681,722 690,729 704,729 704,684 646,684 594,686 593,684 541,684 538,688 474,689 458,691 273,694 238,697 204,697 179,699 104,696 104,733 259,733"/><TextEquiv index="1"><Unicode>uid iuuat Ieu toties extis placaſſe bidentum,</Unicode></TextEquiv></TextLine><TextLine id="r0_l025"><Coords points="370,760 633,754 633,724 528,724 526,726 504,727 404,728 143,737 143,765 270,765"/><TextEquiv index="1"><Unicode>Atque auidos horna fruge beaſſe Deos?</Unicode></TextEquiv></TextLine><TextLine id="r0_l026"><Coords points="451,790 497,790 560,787 626,787 626,759 454,759 313,763 235,767 111,767 111,796 315,796"/><TextEquiv index="1"><Unicode>Ho vt ſuprema cœli me ſede receptum</Unicode></TextEquiv></TextLine><TextLine id="r0_l027"><Coords points="263,828 381,826 614,818 614,788 451,791 284,798 147,800 147,831 226,831"/><TextEquiv index="1"><Unicode>Scriberet in tabulis dia Iuuenta ſuis:</Unicode></TextEquiv></TextLine><TextLine id="r0_l028"><Coords points="575,851 711,849 711,817 652,817 638,819 557,820 451,825 294,828 226,832 111,834 111,859 361,859"/><TextEquiv index="1"><Unicode>Ambroſias paſtumque da pes &amp; nectare fuſum</Unicode></TextEquiv></TextLine><TextLine id="r0_l029"><Coords points="418,887 565,885 599,882 705,881 710,880 710,851 575,852 396,859 298,861 243,864 148,864 148,889 387,889"/><TextEquiv index="1"><Unicode>Communicciperet cum loue menſa thoro.</Unicode></TextEquiv></TextLine><TextLine id="r0_l030"><Coords points="253,924 325,923 418,918 500,918 585,914 665,914 672,918 727,917 727,883 599,883 565,886 418,888 345,891 328,893 253,894 209,897 154,897 106,895 106,926 237,926"/><TextEquiv index="1"><Unicode>Sed mage vt æqua mhi tecum pars eſet amoris,</Unicode></TextEquiv></TextLine><TextLine id="r0_l031"><Coords points="290,956 339,953 485,950 549,946 640,946 640,916 555,916 500,919 418,919 325,924 253,925 205,929 153,928 153,958 190,959"/><TextEquiv index="1"><Unicode>Teque meo poſe, Vita tenere ſinu.</Unicode></TextEquiv></TextLine><TextLine id="r0_l032"><Coords points="367,984 514,981 525,979 643,978 643,947 549,947 485,951 339,954 290,957 190,960 114,958 114,986 341,986"/><TextEquiv index="1"><Unicode>Tum cum decurſo vitæ quod rPat inert</Unicode></TextEquiv></TextLine><TextLine id="r0_l033"><Coords points="456,1014 620,1010 620,981 515,981 485,983 367,985 232,991 152,990 152,1016 431,1016"/><TextEquiv index="1"><Unicode>Vltime me fati poſceret æra Charon.</Unicode></TextEquiv></TextLine><TextLine id="r0_l034"><Coords points="322,1050 496,1046 523,1044 643,1043 651,1047 683,1045 717,1045 717,1012 565,1012 189,1024 112,1022 112,1055 218,1055"/><TextEquiv index="1"><Unicode>Vt quoties morerer, toties mihi iuncta per ora</Unicode></TextEquiv></TextLine><TextLine id="r0_l035"><Coords points="348,1081 454,1080 497,1077 600,1074 600,1045 523,1045 496,1047 416,1048 388,1050 297,1052 252,1055 157,1057 157,1085 253,1085"/><TextEquiv index="1"><Unicode>Surgeret â flabris lux recidiua tuis.</Unicode></TextEquiv></TextLine><TextLine id="r0_l036"><Coords points="491,1109 610,1107 669,1104 672,1102 691,1102 691,1074 607,1074 558,1077 497,1078 454,1081 348,1082 254,1085 231,1087 124,1086 124,1118 155,1116 186,1116 212,1118"/><TextEquiv index="1"><Unicode>Nam quid opus cœlo. ſi te .haritilla volente</Unicode></TextEquiv></TextLine><TextLine id="r0_l037"><Coords points="612,1138 661,1138 663,1137 663,1105 610,1108 491,1110 362,1115 282,1116 254,1118 201,1119 186,1117 159,1117 159,1142 515,1142"/><TextEquiv index="1"><Unicode>Eſſe ifi cœlum veltua ſponda poteſti</Unicode></TextEquiv></TextLine><TextLine id="r0_l038"><Coords points="357,1178 444,1177 512,1173 597,1172 697,1168 758,1168 768,1173 768,1136 700,1136 661,1139 612,1139 489,1144 403,1145 354,1148 313,1148 210,1152 159,1151 128,1152 128,1183 248,1183"/><TextEquiv index="1"><Unicode>Quidue mihi amitofiam proſit vel ducere necta,</Unicode></TextEquiv></TextLine><TextLine id="r0_l039"><Coords points="351,1211 510,1208 635,1202 704,1202 704,1171 635,1171 597,1173 512,1174 444,1178 357,1179 248,1184 160,1186 160,1215 284,1215"/><TextEquiv index="1"><Unicode>Sa pote mi roſeum os iſtud vtrumque dare</Unicode></TextEquiv></TextLine><TextLine id="r0_l040"><Coords points="537,1245 550,1236 617,1234 682,1236 682,1205 584,1205 510,1209 351,1212 313,1215 249,1217 132,1217 132,1247 501,1247"/><TextEquiv index="1"><Unicode>iſimue aridulo vexas mea gaudia dente,</Unicode></TextEquiv></TextLine><TextLine id="r0_l041"><Coords points="787,1230 787,1260 915,1260 915,1230"/><TextEquiv index="1"><Unicode>iue</Unicode></TextEquiv></TextLine><TextLine id="r0_l042"><Coords points="600,1239 600,1261 675,1261 675,1239"/><TextEquiv index="1"><Unicode>4</Unicode></TextEquiv></TextLine><TextLine id="r0_l043"><Coords points="922,1272 922,1306 970,1306 970,1272"/><TextEquiv index="1"><Unicode>I</Unicode></TextEquiv></TextLine><TextLine id="r0_l044"><Coords points="1,1277 1,1312 54,1312 54,1277"/><TextEquiv index="1"><Unicode></Unicode></TextEquiv></TextLine></TextRegion></Page></PcGts>