976 1432
395 79 648 112 AN LV
159 75 203 102 20
193 117 746 152 Siue, duplex fiat vt mihi lingua, doces:
927 117 974 149 i
160 152 753 183 Seu potius modico gaudes transfundere rict
192 184 687 210 Errantem alternis in labiis animam,
160 215 740 248 Tunc mihi murrati naſcuntur in ore ſapores:
192 247 681 279 Tunc mihi de cœlo liquitur ambroſia
156 279 752 313 Felices quibus hæc tam bella labella potiri eſt,
192 312 713 344 Dentibus, ah,quoties morſa labella meis?
157 343 784 379 Hoc mihi contingat, quibus,, quibus illa figuris,
189 376 735 406 Sucta iuuet tecum, qnod variare notis.
155 406 754 441 Nonmelius iunctæ miſcent puto baſia conchæ,
189 440 706 473 Non iuueuem compar lentius vlla tenet.
845 440 974 475 Iu
155 471 679 504 Nec me dilecto quiſquam diuelleret ore,
944 481 972 501 t
154 504 973 540 Quin quantum ine eſſet nectaris ebiberem.
152 535 719 569 Et nunc fiorridulas gaucderet noſtra papillas,
187 568 766 604 Nunc rua meriri membra ſinumque manus.
152 599 732 635 Fata vetant miſerum, fatiſque nocrtior ipſis
5 593 55 623 I
944 607 974 632 Iu
184 631 789 667 Arctius, heu, quæ me. quam decet Aelis habet.
121 663 765 696 Ergo ego te nunquamniſi cuminet ila, videbo
911 676 974 704 Iu
186 696 664 725 Ceruici aptantem dulcia vincla meæ?
152 725 791 762 Nunquam erit, vt rapto mecum suct eris amictu,
184 760 615 791 Teque tua vinci proditione velis?
898 771 973 796 u
140 787 799 826 Certèequidem eueniet, niſime mea Laurea fallis
174 822 647 853 Auribus heſterna ſubdita nocte meis.
1 846 34 869 i
146 854 748 888 Iamque diem video, qua me mea cura reuiſens
181 887 594 915 Ore patefaciat oſcula noſtra ſuo.
148 918 727 956 Quaque iterum noſtris ſecura renudet ocellis
180 950 610 979 Laceolum colli luxuriantis ebur
145 983 728 1022 Mo etiam nexu, comm unia gaudia quærens,
180 1015 634 1048 Serpat in amplexus liberiore meos.
911 1027 971 1065 u
144 1046 805 1083 Tunc ego non regum thaamos, non furta tonantis
911 1065 973 1088 I
150 1078 664 1114 Permutare mea ſorte poeta velim
141 1109 673 1148 Nec, ſi ſe noſtro Venus inferat ipſa cubili,
175 1143 662 1178 Hanc Veneri verear poſtpoſuiſſe meæ.
90 1174 690 1212 Tam mihi percuſſit certo præcordia iactu,
153 1206 619 1242 ie ſagittiferà qui valet arte Puer.
