976 1432
538 84 606 101 t
280 84 615 125 CVPIDIN p.
776 85 832 120 21
62 131 678 159 Tſi tamen blandis nimin ne fide labellis.
1 162 62 189 h
107 167 591 196 nterdum & facili ſæuitia illa nega.
912 172 972 240 I
74 198 642 229 Nec ili ſemper vltro largire priorem,
141 229 688 261 Vci cer ſatrum non ſemel inde fuit.
107 261 735 294 ua ſat us ſeruare modum, Venerique paratum
143 293 678 325 Icpr, nunc fictis excrnciare minis?
1 295 72 324 ,
940 316 970 356 I
61 325 661 364 Sic mii ſcacris gliſcit natura, nec vnquam
142 357 593 390 dia ſiitimo limine ſentit amor.
62 387 767 424 Quarc age, ſeu noctem tantum non amplius vnam,
144 420 637 456 Siue etiam poſthac baſia pauca petam,
62 451 727 496 Nec mihi da noctem nec baſia paucs petenti,
149 482 642 518 aatum ſpe noctis pectora noſtta foue:
1 513 729 553 .Vſque mræ impatiens conec pro nocte negat,
104 545 597 582 Oſeunla vi cogam te darerapia mihi.
3 575 708 621 Oſculaquæ nunquam pigeat me ſumere non ſi
145 611 594 643 E medio iubeas me nererc illa mati.
143 639 751 681 Quo refugis formoſa? mane, mane omea, quæſo,
1 664 78 696 t
144 674 691 706 Nec mihi ob hæc ſolito durioreſſe velis.
2 697 678 753 Nonego mi vetuite baſia non dre ncrem.
146 738 635 776 Sed quaſi non liceat aſſimlare modo.
1 770 66 790 l,
64 775 678 807 Sic me ſi Veneris obeuntem munera tecum
147 806 576 840 Viuere ſicolim poſſe perire iuuat
1 823 65 861 Is
222 865 708 901 Ad Ianum Vtnhuim, Sponſum. E gia s.
61 931 737 971 uid credam, cur plusſolito mihi geſtiat intus
147 965 664 1002 Iampridem toto pectore mens animi
61 995 670 1040 Neſcio quid certeeſt an vere nuncius adfert
148 1031 635 1060 Duxiſſe vxorem ſcilicet Vtenhouum:
71 1063 665 1098 Sic certe eſt duxit ſperatam vxorius, ac nos
1 1091 63 1124 s
147 1095 596 1133 Coniugio lætos nunc facit ille ſuo:
60 1128 655 1165 Felix nimium flix virtute, animoque:
95 1160 604 1197 Atque iterum feli conditione tuâ:
69 1190 776 1226 Num tu vel rubri ſpolium maris omnevelaurum
147 1225 602 1254 Permutare vna nocte marite velis?
511 1251 893 1284 H5Siue
36 1282 72 1312 n
