976 1432
1 8 173 33 M
352 77 665 115 CvPIDIVLIB
132 84 179 101 IE
138 115 730 152 Siue tibi ereptum læta imputat pſa pudorem,
172 152 728 181 Seu gemit inter opus dulce, quaſi moriens?
136 182 782 214 Ah pereat porius gemmarum quicquid &auri eſt,
173 215 729 246 Quam præ auro & gemmis ſordeat illa tibi,
141 246 721 278 Hoc aliis permitte tibi ex ſententia amica
175 279 596 310 Obtigit & votis ante cupida diu.
136 310 666 342 Felix, & nimium felix virtute, animoque:
909 314 972 345 i
173 342 629 374 Atque iterum felix conditione tua.
1 352 69 390 i
137 373 735 403 Scilicet hæc telene eſt qua non formoſior vlla
176 405 598 430 Ire diem Eo vidit ab Oceano.
141 437 804 472 Nec mihi credideris, Veneris vim reſpicetantum,
119 470 647 502 lli quæ membris omnibus exoritur.
1 482 58 504 sI
138 502 692 533 Siue arcum ſpectes ciliorum, ſiue capillos,
177 534 693 566 Captat, & inſidias vndique nectit Amor.
141 567 698 597 Prætereo rarm lingæ decus vtque decore
173 598 621 629 Arguta greſum temperet in ſoleæ
1 616 681 658 Necr. feram nulli, ſi non tibi nota marito,
908 640 971 669 a
176 663 662 695 Plurima quæ fieri nocte iocoſa ſolent,
908 669 972 703 u
141 695 759 725 la, quibus teſtis locuples ſat parua lucerna eſt.
176 728 675 758 Quæ tu lane cupis nec negat ipſa tibi..
909 734 974 767 hm
15 758 658 820 Felix d nimium felix virtuteanimoque
176 790 635 821 Atque iterm felix conditione tua:
143 824 702 858 Seu molles teneris morſus inferre lahbeilis,
175 855 713 886 Seu libitum eſt linguas conduplicare tibi.
142 888 807 920 Me neque araae aliquid. nec iam dare ſueta puellis
935 896 974 927 s
174 917 651 949 Baſia nec Veneri ponere vota iauat.
4 911 43 981 I
5 935 40 951 II
115 945 697 980 Hæc faerant olim, cCotale mihi teſtis & Ida,
173 982 651 1015 Dum mirhlibertas illa paterna foret.
139 1015 749 1049 Tunc ego viuebam nec poſt tua regna Secunde
173 1046 652 1078 Virginibus noſttis gratior alter erat.
3 1054 42 1079 i
139 1079 774 1112 Nunc mores aliamque mihi vitam imperat Aelis.
174 1111 666 1143 O res plena malæ ſuſpi cionis Hymen.
141 1141 673 1175 Ile ſed heſter na quam vidi luce puellam,
159 1174 720 1203 Vt blanda, vt viſa eſt non male velle mihi?
138 1206 690 1247 Dii facite, eueniat oti mihi copia, nec nos
906 1233 972 1252 i(
781 1246 852 1272 nci-
