976 1432
1 49 49 67 b
251 89 624 129 AIDoVEÆ
753 95 791 114 2
941 114 974 143 I
123 135 575 172 Indignos flammis iudicet ipſa ſuis.
98 163 705 201 Euenic : dat signa Venus manifeſta, mihiqus
129 197 665 233 pes aurem vellens Gaude: aitilla tua eſt.
1 190 58 225 .
56 227 729 266 Spes bona ſed poſtquam nobis obiecta Sabella eſt.
129 262 685 298 Heu quam ſæpe mihi Spes dedit iſta malum?
948 272 973 292 I
54 292 736 335 Magnm hc nuidiæ vitium eſt:obſrruat euntem
130 329 591 360 t ſequitur paſls illa leg tque meos.
55 357 670 390 Obſeruat. doleo, quid tm?loca ſola petemus
131 386 655 421 Extra vrbem, aut ſi quid tutius eſſe poreſt.
55 419 596 450 IIlic eſſe ſimul. ilſucns iuncta iuuabit
132 451 598 485 Ponere vel nuda membra ſuper ſiiice.
55 482 611 519 ie neque remuli quaſſ argutatio lecti,
136 514 617 549 NC ptodt variis ocula miſta ſonis.
100 544 655 580 Nam qidopus ſtratisniſ. ti veſtigia fracts
136 577 630 610 Preſſa tltoro reſerant, qæ pofuere duoi
905 598 974 623 ia
101 609 629 640 Et ſia in rebus futtiuis ſæpe voluptas,
139 640 617 672 t iuuat in tacito condere multa ſinu,
54 670 660 704 ic mihi ſic faciles contingat amare puellas,
138 708 575 740 Ne ſit nequiti conſcia cena meæ
104 735 604 769 At tu viue tua contentus lane nec iſtam
137 773 629 806 Eſſe aliquid vitam, præter amare, puta.
257 832 652 863 Advictorem Gielinum. Elegia .
84 892 682 931 Tune igitur tacitus. nec te mea gratia tangit?
140 925 657 962 Anne ex ra numerum ſam Gſeline tibi?
106 957 654 991 Et tibi iam ſatis eſt, pro te ſi ſpondeat alter
142 989 610 1026 Scripturum paucis te mihi Luciferis?
111 1023 744 1058 Scilicet vt cœptum poſſis cumulare veternum,
17 1056 543 1090 Hæc eſt efagiis ara reperta tui?
110 1084 614 1120 Sed non effugie ni ſat mihi feceris ipſe,
143 1121 626 1149 Perderenos abirs nl decer ante tuos,
112 1153 675 1189 Ingratos abitus, quos tu iam iamque parare
147 1184 614 1216 Diceris, heu noſtra de regione procal.
42 1217 676 1259 Scilicet hoc fuerat, veſtri quod nuper amore
774 1247 823 1270 S-
1 1263 54 1289 li-
920 1317 974 1370 I
