976 1432
874 29 973 61 .
240 97 604 133 CVPIDINVMLIB.
793 103 836 125 I25
63 134 819 171 Dumque queror guttatim humor liquefactus in ora,
143 172 682 201 Qam penitus lento macerer ige probat.
71 199 739 232 Non quod non redamet totis ex parte medullis
158 234 689 265 Me ſa, & ex animo mutua amet Charite
127 265 848 297 Credo equidem & ſocios fors iungere vellet amores
2 296 74 319 e
162 298 736 328 uid:num igitur Douræ cuncta licere putas?
72 328 670 358 Neſcis ah, video, qnæ ſit res eſſe maritum.
162 359 652 391 Neſcis unonem quid ſit habere domi.
72 392 771 426 Atque vtinam numquam veniat tibi ſcire cupido,
165 424 651 455 Sicre, nec tantum nomine Victor eris.
1 426 75 464 i
73 456 727 490 Ehen, quam miſerum quam me ſine fine fatigat
159 487 716 521 Sollicitumque inodis omnibus Aelis habet?
111 520 702 552 Non ita pallentes Minos inquirit in vmbras,
164 550 619 584 Inſcripſit tabulis quas Libitina ſuis.
80 582 704 618 Nam quotiesexire paras reprehendit amictu,
162 614 676 650 Et quid agas & quo ſit tibi quærit, iter.
72 646 775 680 Sitaceas, tamen in licium eſt: ita tempore in omni,
165 678 670 714 Inque locis præſto eſt omnibus illa tibi.
1 701 72 719 t,
72 710 622 743 Nec oli liceteſſæ,ſubit veſtigia cuſtos,
163 742 639 778 Stipatuque vmbris ſæpe duabus es.
71 772 823 810 Quaid fruſtra latebras fuades mihi ? muſca mea inquam
165 805 785 835 Andromacha eſt, & eam clam nihil eſſe poteſt.
71 838 806 873 Quin etiam nunquam quod factum eſt, arguit: ac me
165 871 609 904 Incæſti plenum dedecoriſque facit.
70 903 685 937 Ah nimis indignis nos ſuſpicionibus vrens.
167 932 760 968 Quis non inuidiam hanc diceret eſſe? amor eſt.
70 964 747 1002 Nec ſimplex, ſed verus amor. non credis? at iſtum
168 999 653 1029 In morem docuit me mea Iuno loqui
918 1031 971 1080 I
73 1029 771 1068 Nequicquam: quoniam me iudice non amor vlla
167 1066 642 1091 Inuidia eſ, vt nec inuidia vllus amor.
136 1093 893 1132 Aut ſi amor inuidia & contra inuidia eſt amor vllus,
170 1129 638 1161 Neſcio quo pacto facta amor inuidia,
2 1151 51 1182 3ne
136 1160 674 1195 Inuidia aut ſit factus amor. miraris? at illa
152 1193 639 1225 Perſuader elis ſe mihi poſſe putat.
79 1224 728 1262 Quæ ſi ita ſunt, nolim ſane ſic diligi ab vllo,
735 1256 845 1288 Meque
1 1279 71 1326 r
