976 1432
1 46 94 96 I
373 97 659 123 IANI DG VT
172 105 213 124 26
205 137 718 171 Meque odio potius omnibus eſſe velim,
171 170 705 199 At vobis male ſit e xemplis omnibus A rgi,
909 185 974 218 e
203 201 687 235 Lumine centeno turba timendamih.
909 218 974 249 u
170 233 688 270 Inquiſitores noſtro quos ære parauit
910 249 973 288 u
200 265 707 297 Illa ſibi lachiymas hæc mihi cum reeolo
2 286 64 320 i
169 297 734 329 Eliciunt furtimque liquo prolapſus in ora,
202 328 762 361 Quam penitus lento macrer igne probat.
168 360 832 392 Me miſerum, mecum quod tam male conuenit ip:
152 393 720 424 Me miſerum quod ſi impateute amo.
911 409 974 447 e
169 424 745 457 Quiu prius ætatis rupit mihi ſtamina C.oiho,
203 456 721 490 Dum potui cælebs, ipſe meuſque mori
2 478 56 493 I
911 478 973 510 lus
168 489 812 522 Poſſe equidem velle flammas euincere, ſed quis
201 520 676 552 Se puero Veneris poſtulet eſſe parem:
166 551 675 583 Ille velit, pluuio fallet ſe Iuppiter aro,
200 584 601 617 Ille velit fiet cgnus, & vpilio,
167 615 733 650 E bos, & ſerpens, & cur non omnia quem ſe
199 650 702 680 In formicam etiam vertere non puduit?
912 673 974 714 I
53 677 767 714 Quis putet Admeti Phœbum pauiſſe capellas?
198 712 698 743 At terram raſtris franger ſua ſit Amor.
164 744 753 780 Idem qui in mediis Nepunum torruit vdis,
195 777 714 802 Alcidem mitto, nndum erat ille pus;
164 809 733 841 Nlec te Phœbe pater, nec te Semeleie dicau,
196 842 648 872 Nec te qui belli munera ſæua regis.
5 852 58 868 I
163 873 637 903 Ipſa etiam nati ſenſit fera tela Dione,
193 904 680 936 Lumina Tardipedi cum doluere viro.
162 936 764 971 Nec puduit ſuperos hoc inſpectare frequentes,
26 956 59 983 I
194 968 627 1000 Et præſenti in te iuppiter ipserit.
141 1000 778 1031 Quid porro miſeri tandem faciemus homulli,
904 998 973 1034 Ir
1 1027 38 1067 l
194 1033 734 1065 Cum voluri cedant Numina cuncta Deo?
161 1065 747 1095 O pater, O Diuum rex Iuppiter, vt cito peſſum
1 1067 38 1088 ll
192 1095 683 1126 Arcuſque & Puera tela nocntis eans?
160 1128 739 1160 Sic demum in noſtros inquirere liuor amores
919 1131 974 1168 i
193 1159 628 1185 Deſinet & nulli cauſa timoriseo.
162 1192 734 1222 Hic tu docte meis monitis, Giſeline cauebis
933 1193 974 1232 t
190 1226 701 1263 Imperium accepta vendere dote tuum.
824 1260 863 1288 Sis
