976 1432
338 104 645 133 CPTDINVM LIB.
63 143 679 177 ic cælebs potius ne non videare maritus,
167 178 583 208 Vori nuptum ſed datus eſſe tuæ.
132 209 693 242 Viue diu, Victor, nobiſque tibique ſuperſtes,
165 241 632 272 Siue id quod cupio. ſiue maritus eris.
62 266 742 304 Sed quocunque tamen redigent te ata, caueto
161 306 671 336 Iperæum, vt dixi vendere dotetuum.
250 369 714 401 Eallic Rhimi ad Lipſum clegia A.
1 376 64 413 eiii
127 431 711 463 Ite procul Muſæ: præſtareego numen Amoris
138 463 662 494 Onibus & Muſis, & trbi Phœbe puto:
1 495 685 545 dqHanc de ms, Lipſi doctiſſime, conie cturam
160 528 631 557 Iꝑſe domi faciens curaliunde petam?
63 555 721 587 Quid fruſtra v ridi velas mea tempora Lauro,
159 590 661 621 Inque manus tradis aurea plectra mihi?
125 620 747 652 Nil ego nil vacuus poſſum, at ſimul oſſibus hæſit
157 653 704 684 Flamma modos dictat miie Cupido mihi.
63 675 711 719 unetuo Douzæ Phœbumper ſomn a viſum;
157 716 656 746 Aut nos de Clario fontebibiſſe putas?
63 748 661 784 Erras: ingenium cupidis facit ipſa Dione:
158 781 734 815 Qu que tii Phœbus, hæc mihi dictat amor.
62 812 707 846 ps vide, quanto vernent mea dicta lepre,
157 846 697 878 Vtque mihr ex facili carmina prouenians
62 874 695 912 Nec tænti rumor nec Delphica Lautta tanis
97 908 615 939 Aurea ſed tanti eſt vna puella mihi.
60 939 704 978 Ila quidem tauti,ſed me mea macerat Aelis,
156 972 675 1004 Et mihi væ miſero, iam no cer eſſe vitum.
59 1003 736 1042 Hoc vitium eſt ipſi, formoſi quidquid in vrte eſt
155 1036 726 1069 Suſpectum, quamuis nonmercantur, habet,
58 1069 697 1106 Siue aliqua argutos in me deflexit ocellos,
155 1101 592 1134 Sit germana licet, ilicet: hoſtis erit.
59 1133 678 1171 Siue cui arriſi, ſeu ſum tria verba loquutus,
153 1166 609 1191 Maxima de nihilo naſcitur inuidia.
58 1189 737 1238 Neſcis t Lipſ hæc, ſedne potes, optime, ſcire,
151 1231 656 1271 ibera cui enus et us llt iſios.
760 1260 827 1294 Felin
