976 1432
258 80 639 104 CVPIDINVMLIB.
9 90 711 158 Heo quibus inuidiæ iactatum fluctibus, & quot
910 76 973 98 I
775 86 819 106 I29
144 153 611 184 Ipſe tuum Douram caſibus accipies?
60 175 684 214 Tunc mihi narrabis, quanto tibi ane dolori
139 214 597 248 Longa mei fuerint tempora diſſiii.
60 245 789 286 Credam ego pro vero, fueris quodcunque loquutus.
141 277 641 307 Scilicet & dictis frons dabit ipſe fidem.
60 309 704 341 Interea hos Elegos pro me tibi pignus habeto,
1 343 66 372 q
142 341 624 372 Iurc tibi dono quos Charitæe damus.
60 372 751 412 Quando colit nos ncmo magis neque munere tali
144 402 645 437 Hoc alius, quam tu, dignor eſſe poteſt.
61 432 753 471 Munere quod mihi, dum eneris pia rite ſacerdos
92 466 679 496 Sacra fero, Charitum de tribus vna dedit,
1 468 63 499 iu
62 499 751 540 Vtporro tibi Iane darem, quem Gratia, Amorque,
118 528 729 570 Quemque oculis deamat plus Venus ipſa ſuis.
63 560 633 607 His ego fallaces ſoleo excantare puellas:
148 591 665 630 His ego clauſtrorum frangere duritiem.
62 624 708 668 OlIuſus, nocteſque Deûm, quos, O mea tecum
145 655 633 695 Sæ pè vel in medios duximus, da, dies.
62 685 698 729 Nunc alia eſt ætas, & cumi me contuor ipſum.
145 717 613 752 Vix idem videor, qui prius, eſſe mihi.
62 746 794 791 Vna mihi omnia vitæ. heu, commoda Lesbis ademit.
147 784 597 816 Sic viſum eneri, ſic Veneris puero
61 811 741 856 Sed cur heu, otale, toties cur mutor in horas,
143 846 602 883 Et tinctus viola pallor in ora venit?
1 876 673 936 u? Cur mihi cur imo ſuſpi ria corde trahuntur:
146 908 652 951 Inque genas raræ liquitur humor aquæ?
60 940 652 991 Ipſe ego te tenebris videor, te luce videre,
101 970 678 1012 Et ſemper Cotales nomen in ore meo eſt.
1 1005 695 1060 eEt mihi non deſunt faciles hærere Camœnæ,
153 1041 666 1082 Quæ reerant laudes me ptæeunte tuas.
1 1064 670 1109 Vt ſi non metitis, ſi non viridante inuenta,
154 1098 675 1138 at ſaltem placeam per mea ſtripta tibi.
59 1130 698 1176 Et placeo. v:t videor: ſed nus incuſat amoris,
2 1164 62 1202 t
154 1167 625 1200 Vellicat & niores Lesbis iniqua tuos
60 1195 646 1235 Vellicet ill licet iea tu dia coluba
779 1224 829 1256 Ipe
218 1236 403 1262 Tou Se.. ndus.
