976 1432
354 85 707 112 IaI D o vz
192 92 242 112 Io
222 127 690 163 Ipſe tuus compar dicar, oportet, ego.
193 161 788 192 Quod metuas non eſt, cœpto Fors ipſa fauebir:
224 192 703 218 Crede mihi, audaces illa iuuare ſolet.
188 224 688 256 Et poterit Lesbis, poterit cuſtodia falli
222 256 761 287 O tantum in noſtros te precor abde ſinus.
190 286 675 318 Neſciet hoc certè, veſ ſi reſciuerit illa,
219 318 671 350 Sunt, O, ſunt tanti iurgia nota mihi.
189 351 799 382 Inuidiam patiar, patiar dum propter amorem:
222 382 761 412 Qui maneat, dum me Fata manere volens.
189 413 693 446 Attu quæſo, tuæ ſi venerit vſus, Hyellæ,
223 445 702 470 Hæcilli noſtro nomine fac referas.
187 476 772 508 Fulgentes ſpeculo poſthac ne credat ocellos,
221 508 702 540 Conſilium formæ neu petat inde ſuæ
189 539 742 572 Nam quid opus ſpeculo tali te vate, puellæ,
219 569 761 606 Ipſa ſuo ſpeculum quæ ſpeculo eſſe poteſt?
190 603 819 638 Quin potius, ſpeculis qui præſtant omnibus vna,
219 635 676 664 In Speculis videat ſe, facis, illa tuis.
187 666 769 700 Argutis Speculis, vnde in nos ſpicula fundit
198 696 666 729 Offieio fungens excubitoris amor.
187 727 771 760 Diſpeream, ſi non illud mox dixerit: Aut hie
914 716 974 749 cs
215 760 744 795 Spectare, aut nuſquam me iuuat ora mea.
338 820 736 860 E Rhytm Peraroh. Elegia .
180 846 912 910 Eſſe quid hoc dtcam quod ſentio? quid niſi amorem?
213 891 792 924 At ſi amor eſt, quænam dic mihi res ſit amor?
183 918 794 956 Si bona res, rei vnde bonæ vis tanta nocendi eſt
212 953 804 993 Sin: qui fit, miſerum me vt iuuet ipſe dolor?
180 983 765 1019 Siue inuitus amo, fruſtra lamentor amorem:
212 1017 698 1059 Siue volens, quæſo qua ratione gemo?
179 1049 757 1091 gratum tormentum, &viuæ mortis imago,
208 1080 697 1120 Vnde in me tantum iuris, inique, tibi:
176 1112 826 1151 Tantum vnde imperijeſt Puer audaciſſime, ſi non
206 1143 726 1183 Quæ facis hæc pariter me cupiente facis?
172 1175 746 1220 Sed cupiente facis me ſcilicet omnia, & ipſe
199 1208 687 1244 onqueror immerit de feritate tua.
936 1239 974 1266 i
774 1256 921 1285 Sie me-
