976 1432
767 102 813 123 r3
250 96 624 130 CvPIDIVM LIB.
1 143 697 189 ul Sc mecum pugno aſſidue: ſic verſat in orbem,
133 179 631 212 Meq; anii capeum ludiſicatur Amor.
62 207 779 245 Ipſamihi eſt odio pax, nec tamen æqua gerundi
136 241 604 273 Arma poteſtatem mi ſemel lda facit.
1 258 737 313 Qu ero arna mihi, quem i fas dicere, ſed fas
134 304 614 334 IIla vel armatum vincere nuda poteſti
3 334 675 381 t Qui ſi oculo tantum me toruo aſpexit hoſtis,
133 367 548 399 Ilicet exemplis omnibus interij,
1 391 666 441 &i Quiq; modo aërias feriebam vertice nubes,
134 430 627 467 Peſſundr, nec me tollere humo valeo.
63 458 680 497 Intereà quid agat, quid itet neſcia mens eſt
1 491 65 520 los
135 492 621 529 Cumq; anino mecum litigat ipſa ſuo.
64 524 770 562 Sun lacies, ſum fa mma ſimul. ſpe nuto, metuquor
135 556 631 591 Nviuam ſacit hic. altera ne moriar.
1 558 66 585 ,
64 587 643 624 At morior ſed ſic. vt ſit ihi dulce moriri,
3 586 70 612 e
1 618 617 655 us iiSic viuo, t potius mortuus eſſe velim.
64 649 672 691 Et tamen vt viuam ſuprema enitor opum vi,
137 682 604 720 Imploroq; tuam perditus vſq; fidem.
1 689 71 719 dit
64 712 757 755 Cumq; nihil tencam, prenſo tamen omnia: donee
134 743 689 787 Ipſe egomet dulci prenſus ab hoſte trahor.
4 752 65 785 li
63 776 673 822 Inter tot crepero certantes Marte procellas,
135 808 676 850 AIq; æſtus, quantos æquor Amoris habet,
63 841 656 885 Per varias yres & terrificos anftactus
1 877 643 919 ſiamosranfuorſum ſagili puppe natator eo:
1 903 668 948 oDiſciplinæ expers naualis & aſq; gubernis,
137 934 689 977 Quodq; magis mirum eſt neſcius ipſe mei.
1 950 69 983 iel
1 967 672 1023 otEt quocunque meæ iubito rapit aura puellæ,
136 1002 595 1039 IIluc præcipiti turbi ne mentis agor.
61 1025 760 1082 Vſque adeo inſanum cœ co dare nomen Amori eſ,
133 1064 611 1100 nſanum puero ſub duce ſigna ſequi.
61 1095 628 1137 vidſtin medijs Erumæ me algoribus vri
134 1126 679 1161 Et tremere, æſtiuus cùm coquit arua Leo?
1 1137 64 1177 r
61 1154 765 1209 Non hæc, non febres pariunt incommoda:t nec is-
138 1191 636 1231 Surgit de nihilo flamma, geluve mihi:
60 1224 611 1271 Sedcli ipſius vertit mihi iura puella,
763 1252 828 1276 Vnaa
560 1258 614 1279 I 2
13 1273 66 1316 u
