976 1432
755 89 790 109 133
211 90 597 115 C VPIDINVMLIB.
1 122 647 167 eSuſpiranſq; altè penito de pectore: Quando
62 163 648 194 Hoc fieri haud poterit, qua ratione? rogo.
47 188 739 231 Tum ſicunde iacit vel mons, vel populus vmbram,
1 225 636 259 ns Hic cito me greſſum ſiſtere cogit Amor:
1 253 729 292 .Et ſcopulo in primo Dominæ intormare iguram,
63 287 616 323 Præſentemq; animi fingere luminibus.
1 306 63 323 s
2 314 687 362 nVnde ad me tandem deprenſo errore reuerſus,
1 349 630 395 eri Comperior lacrymis omnia plena meis.
1 376 792 423 Proinde nouum quid, aquas ſubito efterueſcere mot,
2 413 590 454 i Et minitari ipſis exitium agge tious?
63 442 698 486 Non hæc non tumidæ pariunt crementa Dianæ,
63 476 563 517 Non de fontanis nix reſoluta iugis:
64 505 655 554 Nec ſic de nihilo fluuiorum cornua ſurgunt.
1 537 637 589 ,rei Aucta vides noſtris flumina de lacrymis.
1 567 687 625 e Fors & iugi ſalam nimbo Oceanumq; videres
2 601 590 657 Vndantem vltrà actas luxuriare ſuas.
5 630 664 691 s Ni cito ſiccandas per anheli incendia cordis
124 666 667 709 Repere aquas ſerpenti agmine vix paterer
92 689 722 736 Nec ſenſi lacrymaſſe tamen; nec credere poſſem
1 692 66 717 em
2 716 67 750 u
125 727 634 768 Luminibus tantam diluuiem iſſe meis,
93 757 741 808 Ipſa fidem ſaceret ni res mihi. nec mora ſanguen
128 792 623 832 Deficit, vnde animi deliquium pator.
96 820 687 869 Ah miſer, ah Douza quantum mutatus ab illo,
1 810 69 852 b
130 858 597 900 Qui modo Dijs ipſis imuidioſus eras:
98 892 636 934 Temore quo facilis obuerſabatur imago
1 892 44 923 gos
132 922 617 959 MilIe tuum paſcens delicijs animum
100 947 706 1000 Quamdiu enim facit iſta mihi perſua o ludos,
134 985 575 1022 Et deſertorem me iuuat eſſe mei.
99 1016 608 1056 Interea tanto perfundor nectare ſenſus,
1 1020 30 1050 Ins
134 1050 583 1089 Etrori faueam plauſor vt ipſe meo.
104 1082 647 1122 Si mihi præſentem ſe ſiſtit vbiq; locorum
1 1079 74 1134 e
137 1115 559 1150 Abſentis viuæ par color & facies:
103 1148 587 1184 Vt ſi errore frui tali, ſine ſine, liceret,
137 1177 597 1218 Conditio potior nulla futura mihi.
104 1208 660 1255 Ipſe ego te videor ſpectare in littore, cultu
1 1210 66 1245 eis
752 1235 820 1256 Cn
501 1248 541 1269 I3
