976 1432
223 83 606 108 EVPIDINVM
747 90 782 113 Ia
53 122 778 160 ubila, quæ mihi lucem adimunt, quam ſcpèrecordr
53 159 558 181 Abſentis Dominæ flebile.diſidium.
53 190 712 221 Et quantum inter nos ſpatijhinc interſit & illam;
53 221 741 255 Tam prope quæ eſt, & quæ tam procul vſque mihi.
53 253 774 288 Nec longum; cùm iterum memet conſolor, &in ſpem
56 284 624 316 Redducens Quis ſcit dico an & illa tui
53 315 682 347 Nunc etiamabſentis memores ſuſpiretamores?
53 348 608 378 Sæpè iterans: Miſero cur ita acerba fui?
54 378 744 412 Iamque vale: trans montem iſthic me Muſa videbis,
1 410 631 443 Quà cœlum Dominæ gratius aura facit,
55 443 680 475 Luciduli prope fontis aqus, qua parte Marinus
1 473 635 510 Ros vacuum lepido mulcet odore emus;
22 504 573 541 IIlius & ſuaui fragrat Libanotis ab ore:
1 535 693 570 is Hic vbi cum Domina mille habitant V eneres,
55 568 730 605 Illic mentem animumque meo cum corde, meique
56 599 588 634 Heu ſpoliatricem pectoris inuenies.
41 630 696 671 Hic etenim quod noſtri aliquid te cerere ſperes
1 663 671 702 pe Poſſe minus nihilo eſtnil mihi, nil reliquum
14 694 683 728 Fecit hera, ſpectas ſimulacrum ſanguine caſſum
55 727 538 760 Ilicet, ac toto corpore nullusego.
1 758 772 807 Hoc reliquum ex illo Doura eſt modo, cætera amicæ
1 791 569 840 Hoſtica victrici præmia fecit Amor.
263 830 604 863 E Galici Portai. Elegia II.
1 875 56 903 quers
66 874 685 911 Non tot tamque nouos habitus aſſumpſit & ora
110 907 597 942 Pomonæ ſponſus, Carpathiuſve ſenex,
72 941 719 979 Quàm ſubito in formas varias mutamur amantes,
113 971 592 1008 Noſque Venus miras induit in facies.
69 1004 737 1036 Hanc facere hane de me cùm. lux mea, coniecturam
113 1036 581 1074 Ipſdomi poſſim, cur aliunde petam?
72 1067 655 1102 Ceruina primum vertit mea membra figura:
116 1099 569 1131 Hoc ſolam ne ſe poſſe Diana putet.
83 1130 736 1168 At neque perfugium pedibus mihi quærere ſpes eſt,
78 1163 650 1200 Nec quicquam in validis cornibus auxilij.
74 1196 727 1236 Quid mirum? tardus ſum vulnere factus Amoris.
499 1230 552 1256 I
717 1228 796 1259 Qoe
