976 1432
156 84 199 108 r3c
340 83 643 112 IANIDOVEÆ
189 124 763 162 Quod Dominæ ex oculis miſſa ſagitta dedit:
159 156 765 190 Nec ſatis ipſe meæ necis eſſem vt Præſica, cygni
192 187 686 221 Me ſubito pennis condecorauit Amor.
907 184 972 214 5
160 218 796 256 Sic quadrupes, ſic ales ego: quid porro? etiam flos
192 253 607 289 Exortus fla ccis ſucciduus folijs.
161 283 723 319 Vnde nouus fons emicui, per lumina colans
193 316 763 351 Quod reliquum in nobis omne liquoris erat.
909 307 951 350 t
162 346 803 381 Scilicet vt putrilacrymarum ex imbre renaſcens,
1 352 62 389 l
189 379 696 408 Mutarem nomen rurſus, t ante, meum:
162 409 787 444 E, qui fons fueram, fierem Salamandra repentè.
907 425 973 466 .
196 442 660 476 Sic itaq; in medio viuitur igne mihi.
164 472 765 508 Quid ſupereſt, niſi vti fiam vox denique, perpes
196 506 710 539 Quæ canat & laudes perſonet, lda, tuas?
316 563 694 599 E xxix. Hippilta. Elegia IV
907 561 973 593 u
167 599 780 633 Vna manus geminæq; faces mea ſidera ocelli,
199 633 731 656 Coniurata in me tres ſimul arma mouent.
907 630 973 660 I
166 663 693 697 Ipſe pluolachrymis, iugi ſi forſan aquæ vi
199 696 728 728 Vel flammas oculorum illius opprimere,
909 693 971 722 v
168 726 722 760 Vel certè proprij reſtinguere pectoris æſtûs
200 756 637 787 Ipſe mei valeam fluctibus Oceani:
171 790 757 823 Oceani lacrymarum, abruptis vndiq; clauſtris
201 819 560 847 Effuſi iuſta non ſine diluuie.
168 852 753 884 Nequicquam: teſtis ardor meus & tui ocelli,
199 884 700 911 Vnde nec extincta eſt vna fauilla mihi.
910 892 974 924 u
167 915 806 950 At manus hæc niuibus candore & frigore certans
201 947 768 983 Reddita per gemitus eſt puto calda meos:
168 978 745 1015 Feruida nec ſufferre valens ſuſpiria amantis,
202 1010 696 1046 AEſtu animæ ceſſit colliquefacta meæ.
168 1041 713 1078 Imo neq; intepuit ſaltem, regelatave vocis
201 1074 716 1111 gne meæ aut tangi ſe mihi paſſa ſemel.
166 1102 973 1152 eu quid agam? & noſtrum glaciant tua frigora pectus,
199 1137 765 1174 Nec quiequam in cordis fomite præſidis eſt.
167 1165 938 1209 Cum propè ſum, manussahcaptiuum aſtringit, & vltrâ
197 1199 667 1235 Addictum victrix ſub ſua iura tahit.
912 1215 973 1241 l
767 1242 874 1274 Longius
3 1358 195 1382 .
