976 1432
227 86 605 112 CVPIDINVMLIB.
750 91 793 114 137
4 121 634 162 Lorgiusabſiſto, feriunt mihi ſidera pectus,
123 162 657 192 More ſcopi iaculorum ictibus expoſitum.
49 192 733 225 Erg oculi, ergo manus pariter conſurgitis in me
1 225 637 259 lHſtisan ad pugnam non fatis vnus erati
50 258 700 290 O milè compoſitum par & certameiniquum,
129 290 593 321 Cti neq; Ilepolemi ſufficiat genitor:
2 318 636 353 Qui ſ ferre pedem binis Deus abnuat; ipſe
1 352 593 387 te. Mrtalis, potero qui tribus eſſe ſatis?
216 396 623 430 Ex Lxiv. Hyppolita. Elegia V.
2 418 52 451 n.
50 436 706 477 Lingurloquax, at vocis egens, vbi poſtulat vſus;
138 475 584 505 Linua loquutori muta reperta tuo
1 491 722 537 esQuid nihi colloquium Dominæ? totieſve cupiti
139 534 585 568 Profit aſpectus commoditate frui?
50 562 709 607 Num ninus heſtero ſtupidam te veipere ſenſi,
143 596 632 634 Quàn mihi ſi nullo tempore nata fore?
2 621 635 673 lAffatutremuli voxq; interrupta dolore,
141 661 573 697 Et ſngultatis fracta querela ſonis:
50 692 656 736 Siccine heri veſtri vos deſtituiſſe palatum
145 725 575 762 Miq; auſos ipſo deſerere in ſtadio?
50 754 656 789 At ſa tem, ſaltem verba ahtria dixiſſetis,
143 788 715 826 Flile quæ domini cordolium exprimerent.
50 819 682 862 Ito pcul ſi, Lingua, nihil conducis amanti:
145 853 570 890 Nm ego te. cauſas vt tueare, fero.
50 884 694 923 Nec nalemihi eloquium mercede locatur,
147 916 620 949 Vtmea ſit mlto trita cliente domus.
1 947 745 986 s Nonpopulo, at Dominæ ſtudeo per dicta placere:
148 979 658 1017 Ito procul, ſi nil, Lingua in amore vales.
49 1011 689 1051 Sed quidi parſne mei ſuperabat corporis vlla,
146 1043 636 1081 Quæ non conſimili preſſa ſtupore fuit?
48 1073 818 1117 Iingua quid admiſit? quod cætera membra ſequuta eſt,
145 1107 661 1141 Communis culpæ num decet eſſe ream?
115 1140 664 1173 HIla nihil meruit: ſenſus peruaſerat omnes
144 1173 692 1210 Torpor, & heu toto corpore nullus eram.
1 1195 767 1248 id? non & tenues flammam manare ſub artuas,
760 1237 821 1259 San-
562 1240 605 1264 5
