976 1432
5 54 59 83 ſ
352 76 663 103 IANIDOV
134 75 186 96 13S
178 113 659 144 Sanguine non venas deficinte mori,
137 145 653 177 Taulatimque uis arteria pulſibus orba
172 177 683 213 Senſimus, & gemina lumina nocte tegi?
142 210 789 242 antum nuda meæ reſtababat imaginibus vmbra;
177 240 660 271 Quilibet vt poſſet dicere. Douza fuit.
930 290 974 319 u-
2 286 48 320 i
368 298 622 330 Ex eodem. ElegiaVi.
1 319 65 351 I
130 337 823 376 Quid non forma poteſt? here qui fax atra videbar,
935 357 971 381 ux
174 368 655 401 In latices hodie vi lachrymarum abij,
131 400 740 437 Totus aquæ, totuſque vapor. ſic deſtruor vſque
933 423 973 446 S
175 432 690 464 De flamma in laticem nec ſatis; è latice
130 464 706 493 In glaciem verſus Sextili menſe Decembris
934 489 972 511 Iut
174 496 755 531 Vim patior Dominæ quam mihi bruma parit,
121 527 736 556 Deficio, aut ſubito momento obfimor eodem:
126 558 643 586 Dum trahitur viuo mortua vita mihi.
138 590 625 618 Vnius in terris formoſæ numen adoro.
937 612 974 638 lt
172 622 678 658 Tota in fermento quæ iacet vſque mihi.
137 652 784 690 Hanc ſequor. & ſugio, vincoque, ac vincor ab hoſe;
938 678 974 703 l
171 685 680 720 Hoc mage ſecurus, quo mage ſollicitus.
944 711 974 733 u
128 716 810 754 Nunc rurſus nunc prorſus agor oum tempore eodem
168 748 725 779 Me fodit hinc ſtimulis, inde retentat Amor.
126 780 777 817 VtIibitum eſt ipſi, nunc fert mea carbaſa in altum,
168 812 712 849 Nunc ſubit ad Manes & Styga præ cipitat.
909 808 973 855 u
126 843 743 880 Sæpe etiam, cum iam portum me credo tenere,
170 875 801 908 Tranſuor ſum in ſcopulos me. Decuma vnde refert.
125 906 800 941 Quid tum? nafragium nobis fruſtra vnda minatur:
167 937 760 976 Naufragium ludus quippe iocuſque mihi eſt.
124 969 774 1008 Credat & hoc quiſquam? quo ſum vicinior Orco,
165 1004 696 1040 Hoc mage, Io, læta voce, Triumphe, cano.
907 1004 974 1050 l
131 1033 831 1078 Ad Dominam ire paro repetitum corque animumque,
160 1064 751 1103 Reſque meas? ipſum me quoque perdo miſer.
131 1097 677 1135 uoque magis ſtudeo lentas exire ſagenas.
164 1130 707 1168 Hoc magis atque magis caſſibus impedior.
120 1158 669 1199 xpſe quidem video meliora; ſed impetrare
156 1195 722 1230 . me non poſſum, quæ probo, ea vt faciam.
760 1240 838 1265 E
