976 1432
391 87 638 111 IANIDOVS
150 92 198 113 40
179 129 657 163 Quod mihi faſtidi plena repulſa parit.
146 162 712 191 Iamque fugæ ratio nulla eſt via nulla ſalutis:
178 193 664 224 Impediunt curſus vincula lenta meos
146 224 720 253 Vincula non ferro at fuluis conſtantia ſertis,
181 258 725 291 Gemmea quas medio vertice ſpira tenet.
125 288 751 319 Sic eg ſeu vitio ipſo meo. ſeu crimine Amoris,
178 321 671 353 Dum edulcare tuam cogor amaritiem,
147 353 732 383 Omnia tortorum patior mala robota, ferrum,
179 384 693 417 Tela ignes, laqueos & ſine morte neces.
371 436 632 466 E edem Elgia IX.
147 487 756 519 Flamma mea ex Dominæ vires acquirit ocellis;
179 519 642 548 Aurea Cæſa ries eſt mihi pro pedicis;
147 550 761 582 Captiuum manus aſtringit, niuis inſtar adurens;
177 583 661 607 Excantant animum dulcia dicta mihi.
146 613 707 646 Cedit ebur mænuum candori, ſidera ocellis,
176 646 586 677 Præradiat olis lumina cæſaries;
152 677 746 712 Lingua in melle ſita ambroſio dat dicta leporc,
179 709 703 743 Queis nec amabilius ipſa Venus loquitur
148 740 775 777 Me primum rapuere oculi, mox ſponte ſequacem
178 771 592 805 In ſua coniecit vincula Cæſaries:
146 803 699 836 Vincula, quæ nobis auri fulgore micanti
178 834 793 867 Præſtrinxere oculorum hinc aciem, inde animi
144 865 702 903 Nec ſatis: opprefſis manuum candore geluq;
158 896 704 928 Ignibus. in glaciem cor mihi vertit Amor.
143 929 675 965 Et iam nullus eram, lethi ni limine in ipſo
174 961 678 992 Cunctanti, præſto mox tua Suada foret.
144 992 675 1027 Si non vlla meos requieuit pauſa dolores:
177 1023 654 1058 Turbida ſic ſemper pectora viſa mihi:
144 1057 714 1086 Exquo quatuor hæc noſtris hæ ſere medullis
173 1088 643 1120 Fixa, manus, ſermo, lumina, cæſaries.
750 1175 849 1198 BASIA
428 1198 562 1230 5S
8 1359 72 1383 -
