976 1432
927 14 973 37 V
792 73 837 96 41
399 78 576 103 BASIA.
402 129 579 153 0ASIA.
248 175 683 207 Genium Secundi inuocat Carmen .
128 213 766 254 neadum genitrix & amans ioca nuda Cupido,
165 250 588 281 Et tu Baſiolis note Secunde tuis:
129 281 637 322 O quæ cycnæo raptum per inane volatu
2 296 60 324 i,
164 313 678 351 In veſtrum ſubito me ferat aura nemusl
131 344 719 385 Quis dabit, cupido venas reperire latentes?
167 376 671 415 Scandere quis rupes, magne Poeta tuasi
133 409 670 448 Hic vbi ſiderei pennis ſubuectus Amors,
168 439 651 472 Auſus es intactam atibus ire viam:
134 469 675 506 Et noua iucundis paſſim aſpirare ſuſurris,
171 504 588 539 Plena voluptatis nectare Baſiola:
136 531 729 572 Baſiola heu quoties, caro dum pendet ab ore,
183 566 608 605 nterru pta tuæ fuauiolis Dominæi
1 575 73 610 a
138 593 806 640 Ila quidemi tantum debet tibi docte Secunde
175 626 763 671 Quantum nec Latio Cynrhia Cal imacho.
143 660 807 698 Sed nihii hoc. præ quod debere fatentur Amores:
144 674 930 766 Ca
177 689 708 731 Pa rna loquor, debet plus Venus ipſa tibi.
174 758 603 792 BEaſia Baliolis noſceret abſq, tuis?
1 767 70 805 ce
64 786 756 838 Semina quis Venerem lætos ſpariſe per agros
180 821 625 860 Vnde ſeges cupidis illa creata fuit
147 855 689 889 Felix, tantarum cauas cui pandere rerum
1 867 69 906 ii.
179 885 634 929 Et primo & ſoli cuea, Secunde fuit
147 901 921 957 His iam pro merit s plaudit tibi quicquid amant eſt:
182 953 624 984 Tu modo ne dubita te pietate mea.
921 948 966 1015 I
150 976 731 1022 Certe ego Lenæi laticis tibi terna quotannis,
181 1013 639 1049 Et totidem lactis cymbia conſtitui:
132 1040 817 1084 Erdixi lachrymans, Macte hoc pro tempore lacte,
186 1076 760 1115 Macte eſto lachrymis. Macte, Secunde, mero.
63 1107 690 1154 Ipſe tuum nomen magnâ ter voce vocaui.
188 1145 601 1184 Ipſe tuli cinerimy tea ſerta tuo.
9 1165 928 1233 sls Nunc quoque idem facio patriam veneratus ad vrna,
186 1207 739 1247 Et te ad ſacra quiden arua, ſd apta voco.
805 1233 870 1254 At tu
