976 1432
177 103 231 128 I42
394 102 653 129 ANIDOVE.
174 146 669 177 t tu pauxillum fiat quod pace ?eæra,
207 177 682 209 Elyſij ſanctas lnque libens choreas.
172 208 845 244 Nec.mihi ſit fraudi, quod te ſociumque ducemq;
197 240 671 273 Scribundis ſtudeo verſibus eſſe mihi.
170 270 753 305 Paſſus idem à vobis Genius fuit ante Properti
204 305 695 336 Ire per exemplum ſit mihi poſſe tuum.
169 336 876 369 Non teego in Heſperiam retraho, gelidamq; Pyreneme.
11 356 65 382 li
200 368 665 400 Heu giauis vlterius non erit illa tibi.
170 399 758 431 Ad patrias ſede, noſtrumq; vocatis in orbem:
200 432 716 463 Cypridis ad Lucum qua viret Haga tua.
169 460 702 493 Hæc te vitales genitum ſubmiſit in auras,
200 494 659 527 Hi pariter te cum nata puella tua eſt.
169 527 820 558 Quarc age, ſic præ te contemptis omnibus, vnum.
199 557 632 587 Elyſium diſcat te reſonare nemus:
7 582 60 598 I,
165 591 767 622 Et tibi cum Domina Princeps, Heroidas inter,
196 622 684 655 Contingat nullanon tribuente locus
164 654 719 686 Huc ades, aſpiraque mihi, dum Baſia canto,
194 687 621 716 Et me placato numine dexter adi.
917 701 974 738 m
163 717 762 751 Numine. quod fruſtra cupiunt ſentire profani,
943 743 974 763 et
193 749 743 781 Et quantum eſt hominum de leuiore nota.
160 781 783 819 Nc minus hic ego te cupidè, mea Vita tuoſque
946 805 973 828 Mi
193 814 668 844 Optarim amplexus & roſea ora mihi
6 828 58 857 l
158 843 773 880 aſia Cypris amat ipſa hæc dum Cypris amabit,
188 878 666 910 Vna mihi in votis Baſia ſemper erunt.
944 901 972 933 Q
156 905 803 943 Nec ſaturum nobis vnquam cor inde futurumeſt,
942 933 974 956 M.
190 939 673 973 Milia non ſi des vſque trecenta mihi.
917 963 973 997 u
155 970 762 1007 Neſcit, quid ſit amor, finem qui ponere amori,
187 1005 759 1041 Aut vnquam hinc fieri qui ſatur, Ida poteſt.
917 1028 974 1065 t
154 1035 683 1071 Tu vero dulces mecum coniunge ſaliuas
186 1068 668 1103 OGris, & inſpirans dentibus ora preme:
152 1098 809 1140 Tranſmittenſque animæ florem, me nectare grate
186 1132 693 1164 Prolue, & in partem gaudia noſtra iuua.
149 1162 679 1199 Dum ſimulalternis in ſuauiolis defectos
181 1196 724 1233 Luminanos oculis ſinquere cogat Amor.
1 1346 37 1365 I
