976 1432
910 67 968 96 I
385 91 576 114 ASA
782 88 837 116 4
282 146 671 177 In laudem eiuſdem. CarmenII.
66 188 648 222 Ille, Secunde mihi brutis par eſſe videtur,
144 222 573 253 Ille etiam, i fas, exſuperate feras:
66 251 774 285 Quem non iſta mouent tua Baſia, quæ cor & ipſum
148 286 665 317 Heu penitus totum me mihi ſurripiunt
62 317 727 348 Nam ſimul hæc recolo, vere dare ſuauia, mique
145 350 571 373 Deliciis videor omnibus afluer.
114 378 767 413 Sed neque quis poſſum, vel vbi ſim noſſe beatus,
137 412 650 444 Cum rmemor e toto pectore ſenſus abit.
1 419 63 436 t
62 444 724 483 Hinc præ Baſiolis ſordent mihi cuncta Neæræ:
148 477 615 506 Mattia cœleſtûim nec meliora puto.
63 505 715 540 Et ſcio, nec fallor. quid enim pote ſuauius eſſe
1 538 626 571 5 Siuſit hoc Nectar, ſiue ſit Ambroſia?
63 570 727 604 Si tamen eſſe aliud quiequam pote ſuauius, na
148 604 583 633 Tu mihi tu dici ſuauior ida pores.
1 616 65 639 e,
398 659 554 680 Carmen II
63 702 582 738 Amantum geminæ fces ocelli,
114 734 505 769 Vere ſidera noſtra, non ocelli:
1 744 29 771 i,
113 765 522 796 Labella ebria, non labella, lecta
1 782 64 801 .
116 798 500 833 Sed corallina littore ex lbero.
1 811 41 837 ue
117 830 569 867 Sed gleſſum, lachrymæq; filiarum
116 864 486 894 Solis ſuccina & ignei pyropi
1 877 64 906 t
114 893 576 931 Ouæ libans calyces putes roſrumt
113 927 527 959 O mi ſuauia grata, nomine & re
1 938 64 968 n
111 958 493 994 Vere ſuauia, quæ ſui ipſa parte
921 964 965 1012 I
114 991 518 1027 Quintâ Nectaris imbuit Dione:
113 1024 514 1057 O ceruix roſea. O genæ virentes,
111 1053 614 1087 Vobis labra quis abſtinere, quiſque os,
111 1087 624 1124 Quis linguan cupidos queatue dentes?
116 1118 586 1153 Quamuis exanimiſque mortuuſque,
111 1148 642 1187 Si quicquam ex animis pote excitare eſt
61 1183 570 1220 Quis vos non capiatur vſque & vſqs
60 1217 524 1258 Genæ, ſuauia, colla labra, ocelle,
706 1245 827 1271 Ad mo-
