976 1432
900 18 962 56 g
775 87 814 108 I5
321 96 546 122 BAIA
53 137 539 174 Hnſertamque micantibus labellis,
53 171 500 205 Inſertamque meo decenter ori
53 201 508 240 Argutam docili tremore vibras
53 231 569 270 Linguam, non ſme grato amoris vſu,
54 264 591 296 Et morſu, & ioco, & omnibus ſuſurri:
53 295 584 330 Non tunc non mih grato amoris vſu,
53 327 604 360 Et morſu, & ioco, & omnibus ſuſurris,
54 362 556 392 Sed menſis videor frui iuuentæ,
53 391 569 430 Nec magni minor eſſe pars Olympi,
54 426 548 461 Omnes quam pariter Dii Deæque.
55 455 521 495 At tu nihil metuas Deos Deaſve:
55 482 600 524 Coram vel louenoſtra ſis, neceſſe eſt.
55 518 539 551 oc vnum caueas modo, Roſilla,
55 551 489 591 Ne des baſia laxa, ne maligna.
55 584 495 624 Neve à me libeat tibi repente,
56 610 560 647 Vt mos eſt tuus, inter oſculandum
56 644 479 685 Os diuellere, ſic vt euagandi
55 677 450 718 Fiat ſpiritui foras poteſtas:
56 704 569 752 Sed ſtatum obtineas, meæque labra
56 739 512 780 Contactu til glutinem ſaliuæ:
56 775 574 814 Ne ſi quam bonus ille Rex Deorum,
56 799 579 846 le inquam Veneris columbus, iſto
56 841 534 879 Auram ſentiat exeuntem ex ore,
56 865 594 911 Spretâ coniuge, quemque dulciorem
55 896 563 942 Dulci coniuge reſpicit miniſtrum,
55 927 564 967 Omnes Ambroſiæque Nectariſque
123 964 479 1000 PEermutet labiis tuis odores.
54 996 574 1043 Ah prius peream ipſe, Iuppiterque,
126 1024 568 1071 Quam te linquere cogar, & videre
127 1063 545 1095 Exercentem alios meos amores:
128 1080 640 1128 Non Nectar mihi, non Iuuenta tanti eſt.
129 1122 650 1166 Ah prius peream ipſe, Iuppiterque,
53 1145 651 1233 Cumque ipſo Ioue Nectar & Iuuenta.
399 1186 569 1213 Carmen XII.
128 1214 637 1256 Tita mihi, ſed morte ipſa crudelior Ida:
574 1241 849 1272 4Aeque-
