976 1432
327 75 554 98 BASIA
771 77 815 98 IS
93 116 486 142 odo non Deum ex hmullo.
98 148 319 173 Vel ſi tibi Roſilla
100 180 425 207 Mulcta hæc leuis videtur,
96 211 344 239 Subire non recuſo,
98 244 315 275 Octauio putatur
82 276 416 308 Quam Fuluia imperanti
104 308 475 341 Quondam irrogaſſe pœnam.
224 357 701 388 Carmen XXI. charactere & argumento
394 390 539 412 Catulliano.
62 430 734 473 De ſeptem, mihi quæ Charite dare dixerat, vnum
135 462 563 494 Heſterno rapui veſpere baſiolum:
62 488 738 534 Baſiolum, in cuius quoque tum cœnatus odorem
136 525 714 559 Iuppiter, Ambroſiam dum putat eſſe ſuam.
62 554 788 590 Haud Impune tamen: unam quo me tempore primum
137 587 680 622 Impulit in tantum mens maleſuada nefas:
61 618 580 653 Iicet ex illo Charite me peius habere
138 649 672 685 Semper, & hei miſero velle loqui abnuere:
61 679 787 724 ræterea & mulctamhanc mihi dicere peſſima, pactis
137 715 582 746 Baſiolis omni tempore vti caream.
61 743 713 796 Baſiolis egon vt caream tam dulcibus vnquam?
135 776 701 815 Quid ſi me vna opera ſe queque amare vetet?
60 805 774 843 Non faciam; nec enim poſſim; nec, ſi omnia poſſi,
137 839 579 877 Morigerus iuſſis talibus eſſe velim.
103 870 668 910 Ire igitur, quæque ex pacto mihi baſia debet
140 900 705 941 Nam quis tam patiens creditor eſſe queat?
58 935 724 974 Vel prece vel pretio certum eſt euincere; verum,
140 969 597 1003 Ne mihi quid peius eueniat, metuo.
56 997 727 1046 Etmetuo, & Dominam cupio metuiſſe videri.
142 1029 713 1063 Vtrum, Amor, O, faciam, da rogo conſilium.
56 1064 647 1101 Audiit, &riſit Veneris puer, & mihi:ic te
139 1093 690 1128 Rebus in aduerſis eſſe hominem timidum?
56 1127 633 1175 Quid faceres, ſi non foret exorabilis illa?
140 1158 650 1200 Quid faceres, Charite ni tibi nota foret?
55 1190 681 1247 Quare age iam promiſſa tibi fac haſia ſolat,
743 1224 863 1255 Teque
