976 1432
292 33 965 69 s
167 37 278 65 c
180 88 807 120 Non Tagus, aut Pactoli humor, tentataque fuluo
183 118 781 150 Vnda Midæ, aunferis quam fabula ditat arenis.
184 151 747 184 Quippe tuos pridem legerunt ſidera rractus,
185 183 912 227 Qucrs propriæ mandentur opes, qus aurea inundenr
180 214 719 245 Flumina ab iagenij non deficientia ruis.
181 245 780 279 En commiſſa tibi itirpis modo pignoa tantæ,
186 279 737 306 Fatorum & cœli Henricus iuſtiſſima cua;
184 309 824 342 Quem Puerum auguſtis Reuerentia ſouit in vlnis,
1 321 32 343 I
183 339 779 370 Cui renerum finxerelatus de cor altaq; Fama;
181 368 767 402 Quem acitè inſequitur, quaqua veſtigia figit,
180 400 767 433 ianda Charis. roſeæq; afflat fulgore iuuentæ.
181 433 728 465 Si licet elucent iam nun veſtig: a magnæ
178 465 698 491 Indolis & claris Heroibus æmuia virtus:
177 497 669 529 Et iamPiertæ tenero ſub pectore curæ
176 529 712 560 Ingeij cultum, dulcis fa cundia spondet
177 559 706 589 Dulichiiq; niues & mellea Neſtoris ora;
937 583 974 603 e
177 591 888 624 Grandem animum excelſæ promittunt ſemina mentis,
177 622 760 657 Macte, & Naſſouij menſuram nominis imple,
176 655 773 691 Dum tecum doctæ gaudent, enrice, ſorores
174 686 760 721 Ferre pedem Aonijs non inficiande choræis,
939 683 973 703 t
941 709 972 731 Cs
173 717 712 749 Adueniet tibi mox iuueni robuſtior ætas,
942 741 974 763 l
172 747 746 782 Vmbrabit cum torua genas horrore decor
944 775 974 801 u
170 779 710 816 Caſſis, & inſigni præſtinguet fulgure viſus.
171 810 757 842 Tunc ſuper & titulos & auitæ nomina famæ
172 844 676 879 Scandere cura tibi fuerit veſtigia fratris
944 867 974 894 M
171 875 768 909 Sectanti, ancipitis quem ſæpe in turbine belli
168 906 780 944 Sanguineam miſcens aciem ellona ſtupeſcit.
941 934 974 957 Ia
168 936 728 972 Phœbea in medijs hic præſtans otia turmis
168 969 763 1010 Horribilem belli nubem Mart: ue procellas
939 966 974 997 i
935 1000 972 1022 lia
167 999 812 1040 Aſpellit (atauo orbe procul; ſibi prælia vt hoſtis
167 1033 822 1073 Senttat at populus placidæ bona commoda pacis.
165 1065 774 1105 Quod mihi ſi tantum non inuida Muſa dediſſet,
935 1071 973 1095 uu
161 1095 684 1132 Exæquare tuos vt poſſem verfibus actus,
162 1128 757 1167 Tantarum aut ſaltem faſtigia tangere laudum,
158 1158 783 1205 Iclye aurici, Patriæ columenque Paterque,
797 1209 918 1235 Nn.
1 1364 66 1387 --
