976 1432
287 47 783 84 FNIDOVS FILI
179 66 223 91 I64
181 95 718 133 affectant liquido ſuper aurea ſidera cœlo.
182 127 779 166 er me Pyramidum quondam faſtigia menſus
183 159 792 192 atu eſſe Thales per me, qui fulmine linguæ
1 157 77 213 hu
180 190 735 226 FregiAlexandri patrem, ſibi iudicis aures
1 206 61 233 i
182 222 730 249 Attentas fecit. nec me tam credere vilem,
182 253 776 288 Quàm videor, par eſt; & me Narciſſus amauit.
179 285 805 320 Cæteraq; vt deſint; quantum eſt, oſtendere cœli
180 317 806 349 In terris faciem? quid, quod neq; cætera deſunt?
181 349 755 380 Seu formam aſpicias; non me Cepheia virgo
179 380 728 409 Pulchrior, aut blando vates dilecta Phaoni.
917 385 973 413 i
180 412 768 448 Seu rapit attonitum generis te fama vetuſti;
180 444 783 476 Antè fui, quàm tempus erat. ſeu pectora tangit
916 446 972 477 i
180 476 735 511 Ingenij ſolertis honos, mihi Cynthia fratre
180 508 791 540 Cum nitido, & magni debent præcordia mundi
178 540 761 571 Naturæ in latebris penitus penituſq; repoſta
936 546 974 565 i
178 571 743 601 Detecta eſſe oculis per me mortalibus vltro.
178 603 698 636 Siue es mirator rerum; mirabere noſtras,
937 606 974 637 da
912 637 974 675 i
178 635 761 666 Nempe triumphatum Ponti de Rege ſuperbo
178 667 750 701 Præſidio vnius noſtro quis neſcit? ego ictus
179 701 749 730 Suſtinui cunctos, quum tu, R omane. lateres
178 730 776 757 Illuſtrem ex tuto iaculis dum conficis hoſtem.
179 762 749 794 Haud aliter molem clypei ſeptemplicis vnus
913 767 970 800 Iu
178 794 752 826 Oppoſuit ducibus Teucriſq; ruentibus Aiax.
912 800 974 825 i
175 825 753 857 Et tamen hoc pugnâ, ſi verum quæris, in illâ
912 833 973 856 E
176 858 971 891 Plus laudis meru. clypeum ille: ego nempe mæeipſam Eui
177 890 819 919 Hoſtibus obieci; &, quod plus mireris, inermem.
176 920 824 947 Nec virtus hæc vna mea eſt. ſcit Flauius olim
941 930 974 952 Si
176 952 708 980 Se mihi te victo multum debere, Vitelli:
938 963 972 999 M
174 984 802 1017 Scit Marius, fuſis Numidis, captoq; Iugurthâ.
176 1016 742 1047 Quin ducibus magno ſtetit ignoratio noſtri:
175 1048 761 1080 Quos inter Niciæ, qui; claſſem educere portu
171 1080 782 1109 Dum pauet Actæam. magico contamine victum
172 1111 744 1142 Credens rorifluæ vultum intabeſcere Lunæ,
170 1143 694 1175 Cccropias afſlxit opes. quæ Martia corda
168 1175 767 1210 Romulidum ſimili faceret trepidare tumultu,
804 1213 974 1256 Docti
1 1360 69 1385 d
