976 1432
305 114 608 143 POEMATIA.
750 119 806 145 7
4 155 673 189 Afuit, & fauſtas oſtendit Cynthia flammas,
1 187 598 220 rideCumq; Cythereo fulſit Saturius igne?
3 217 689 253 utt Sic certè eſt eus iſta. us dat totaq;veſtrum
1 250 653 290 IIn decus aſtiiferi co iurat machtna mundi.
250 282 683 315 Ad He ri u a um. de eius
388 315 502 342 i g( s.
62 343 664 377 Quæris. Ranzouio in ypo cur fulgeat inde
62 375 795 407 Candidus, hinc rutilus color: vade inſigne paternum
63 405 650 439 Cornua bimn gerat criſtato n verticecaſſis?
63 438 719 478 Deſignat Phœbi auriconum nitor igteus ignem;
63 469 613 500 Cornibus & niueo ſignatur Luna colore,
1 485 650 536 uic & inaurato Taurus cadit boſtia cornu,
64 531 657 567 Ipſaque per ſuperas puris it cornibus auras.
1 560 686 598 aTota eadem niuea eſt eadem eſt argentea tota.
63 594 636 630 Scilicet id quondam praſago pectore vidit
94 626 665 655 Conditor ille tuæ, Ranzoui maxime gentis;
1 660 67 677 D
89 657 672 689 Te Solem Arctoos pariter Lunamq; futurum
1 690 66 710 e.
86 689 706 723 Per populos variante polum noctuque diuque,
1 716 67 758 ui
85 720 673 755 Deficeres qui non aut luce aut noctibus vllis;
95 754 649 783 Inuideant orbi donec te Fata nitententem
95 783 658 820 Semper, & obſcuris iubeant excedere teiris.
96 817 651 854 Quippe dieexoriente lterni lumina cœlo
96 847 680 883 Vectat equis itan tenebraſq; argentea pslit
87 879 660 910 Luna. at tu & tenebris radiatum in ſigne di ei
1 879 65 915 ſ
97 909 636 943 Promis ipſe tuo Solem fulgore laceſſi.
2 914 64 936 dius
97 940 692 979 Ingenii hoc faciut dotes, hoc munera ortis,
97 972 629 1006 Et facies avguſta & honoræ gratia formæ.
1 970 64 1008 lu
91 1004 738 1041 Hinc nondum te inferc aſtri fulgentibus audent
94 1037 650 1069 So Phaethontææ metuens exempla ruinæ,
99 1069 633 1106 Cyn thia perpetua ſbatoole renebras:
92 1100 631 1133 Ne inbare ipſe tuo colluſtres omnia ſolus,
56 1132 633 1175 Et pariter gemini fungaris muuia Phœbi.
274 1167 652 1197 da opumcuſtum Thuanu.
56 1198 743 1231 O Patri Aonidunqte decus, qui mente Thiane
54 1230 732 1278 Imensâ meſuram Augusſti nominis imples
705 1258 812 1297 OQue
