976 1432
166 71 208 94 I6s
334 79 735 117 IANIDOVTÆ
639 91 738 105 V
170 114 727 163 Quem luſtrauit aquis ſacro de fonte petitis
168 146 799 193 Calliope; per quem atijs mouet ora Camœni
168 177 726 225 Muſa polo demiſſa & inenarrabile verbum;
4 209 64 235 I
168 208 723 252 Sic tua me virtus & Apollinis enthea veſtri
166 240 768 288 Iam leuat aura ſolo, vt tanto ſub nomine tectos
164 273 725 316 Implumes fœtus mentis hæc ludicra noſtræ
905 296 973 330 us
166 304 744 350 Auim tam rapidis famæ committere ventis
884 330 972 362 us
165 336 735 384 Pennis fulta tuis tandem vt volitare per ora
906 360 973 402 -
164 367 733 412 Docta virûm diſcant & cœli nubila tranent.
164 400 698 448 Ac, veluti nubes radijs vbi contigerit Sol
163 431 727 483 Aduerſa ſub luce humor ſuffulget aqualis,
160 462 638 510 Et picturata ſignat ferrugine cœlum;
905 456 974 496 o
161 495 706 538 Nominis vſque tui ducant a luce colorem.
162 526 787 578 Sic dabitur, ſuo ab ingnio quod non datur illis,
900 530 973 559 Is
158 560 667 610 Agenio ſperare tuo, quem Pallas & ipſa
904 559 972 590 o
161 589 695 636 Suſtulit egreſſum dulces in luminis oras
881 591 973 626 C
158 620 694 669 Caſtalij Regina chori, mox dotibus auxit
903 622 972 655 p
155 651 654 698 Innumeris quæ maiores natura laceſſit
157 685 821 739 Muneribus proprijs. Nam te licet vſque per omnes
899 687 974 718 Mu
158 716 769 770 Continuatus honor proauos, ſemperque renata
905 718 973 749 u
154 746 664 799 Nobilitate virens illuſtret gloria gentis.
155 780 687 830 Et Pater ingenti contingens ſidera famâ,
155 810 743 863 Sic tamen his virtus certat tua, lumen & illud
904 816 974 846 us
152 841 696 891 Diuitis ingenij medioque in vere iuuentæ
904 846 974 879 u
152 874 721 927 Præuia canities animi, & ſacrata Deo mens,
150 905 682 955 Vt tua ſuiciant vel ſola exempla futuris.
149 936 808 998 c mihi ne tanto fraudarem has nomine chartas,
144 969 699 1023 ſc ſatis poterant cauſæ, etſi ſola fuiſſent;
143 1000 769 1061 Nifauor acceſſet tuus & tam prompta voluntas,
146 1032 704 1085 Qua nil non uſis, nil non præſtare Batauis
908 1035 974 1070 lti
144 1064 725 1117 Et cupis & potes obſtrictis tibi pignore tanto
143 1094 692 1148 Scaligero, qui Muſæum dat iura per orbem
141 1126 753 1182 Maior uis, quem ſubmiſis nunc faſcibus vltr
138 1158 710 1212 qualem Phœbo Phœbi chorus admiratur
139 1190 813 1253 prono exſpectat veneratus gurgite Rhenus,
790 1260 907 1299 lam
