976 1432
304 104 564 127 POEMATIA.
757 107 802 129 I6
1 132 64 170 isl
88 143 719 179 Tam nunc maiores & voluit in in æquora fluctus.
1 171 62 203 is
89 173 623 199 Iterea has tenues noſtræ ſacrare i uuen tæ
89 204 685 238 Primitias tibi ſuaſit amor. quas præpete penna,
76 236 733 271 Regulum vt ætheriis quondam louis armiger alis,
2 267 66 296 c
94 268 734 301 Summa feras ſuper aſtra celer, tecumque per auras
87 300 662 332 Inſolito rapias niſu, ne aut ignibus vnquam,
85 332 675 363 Aut ferro, aut cedat rapientibus omnia ſeclis,
1 363 700 396 nÆmerium ſibi quæ præſcripſit pagina nomen:
267 416 618 445 Ad latobum I. Schecium.
63 461 736 494 O Iuenum ſublimis honos, columenq; virorum,
95 494 737 526 Qos regio Borea cythiciſque ITrionibus algens,
92 526 779 563 Plus quàm Sol Libyæ populos zonamque rubentem,
1 561 65 590 s
90 556 635 587 Aonidum radijs ſacroque accendit amore;
94 588 689 620 Quique recentis adhuc dubia lanuginis vmbra
80 620 688 651 In patriam Lætij transfers monimenta vetuſti,
92 651 644 682 Quæ mea te tantum cepit ſolertia, Schecli?
92 682 692 715 Perpetem amicitiana nobis ſacrataque ſemper
92 715 648 746 Fœdera promittis; &, quæ prior ipſe rogari
1 723 65 761 omu
93 744 734 779 Dignus eras, offers quis non putet hocnimis eſſe?
93 779 719 810 Eſt minus ecce tibi. docti quoque pignus amoris
92 811 645 842 Aurea inaurato ſeruantem tegmine mittis
94 842 716 874 Senſa librum qui omuleos complectitur actus,
1 866 64 887 i
92 874 656 905 Inge ni jque tu fœtus. pro quo neque malim
95 905 657 938 Qui cquid lanigera depectunt arbore Seres,
94 936 658 969 Quicquid odoraræ ſegetis ſibi colligit ndus
92 968 697 1000 Nec pretium libri minuit, quod Doride multa
1 996 63 1037 s
90 1000 614 1025 Vdus & aſſidua lamnam deraſus ab vnda
92 1033 617 1059 Seu dominas flauæ Nereides iniecerunt
94 1064 725 1095 In tua dona manus, ſeu qiod reor, ipſe natantem
94 1095 632 1127 Cymothoen tali tentauit munere riton;
91 1128 600 1160 Seu potius ſalſas fuluo radiare metallo
90 1160 687 1191 Hinc voluit Neptunus aquas, mutatus vt olim
90 1190 750 1224 In precium Phryge tacto Hermus flaueſcere cœpit.
52 1224 730 1259 Quicquid id eſt, vincunt long tuadona micantis
740 1255 808 1277 Fon-
1 1256 56 1280 s
