976 1432
310 104 567 127 POEMATIA.
1 107 36 121 j5
755 108 802 131 7
116 149 552 179 iſſet lateri miſlilis haſta meo:
1 150 71 188 dti
34 179 675 219 Non ego nunc vinctæ miſras audire querelas
1 211 610 251 oi Cogerer, & votis heu grauis eſſe meis.
1 242 705 284 tiud Haud equidem ſecurus eram captâque verebar
1 274 623 313 niu e tibi quid pareret miles in vrbe mali.
1 306 667 352 Mce.Fecerat hoſtilis vanum mihi turba timorem,
126 343 621 372 Sed tibi cognatæ plus nocuere manus.
1 351 71 379 ds
93 368 585 404 Inter tot dignas ſcelerato patre ſorores
1 381 79 419 s
128 400 626 431 Sla auſa es thalami non violare fidem.
1 424 69 440 S
94 432 690 464 HIæret adhuc animo præſens tua flentis imago,
128 464 625 502 Purpureos miſerè quum laniata ſinus,
914 482 969 528 I
2 494 735 550 n Armataque manu, quin dum licet, eftuge, dixſti
93 527 660 565 Nequis ab hoc prorſus ſit metus enſe tibi.
3 558 610 614 4eiScilicet haud adeo, ne vincire, timebas,
914 547 974 604 I
134 589 673 627 Quam ſatis effugia hei ne mihi tuta forent.
2 621 705 665 lVſque metu micuere mihi præcordia, poſlquam
131 656 575 692 Aſpexiin trepid fortia tela manu.
1 682 692 748 Sed me quid iuuat hæc veſtro effgiſſe periclo,
1 682 71 708 tli
133 716 625 749 Si maneo obſeſiâ coniuge qualis eram?
38 746 676 795 Atq; vtinam talis: ſed me nunc omnia cogit
134 783 583 820 Aſperior quouis hoſte timere pater.
1 811 640 861 HAhmiſeri, Diuûm quà declinabimus iram,
124 844 594 884 Si neq;ue virtuti iam via tuta ſua eſt;
2 871 768 923 imi ſcelus & pietas tantum hoc diſerimine habentur;
133 907 552 943 Illud vti proſit. iſtaq vti noceat?
65 937 676 987 e mercede ſuumſeruauit laſona coniunx,
131 970 639 1004 Mercede hâc caſtus exſtititippolytus.
2 1001 629 1049 osTalia de patribus referan ſi præmia nati,
132 1034 591 1068 Vtilius fuerac non genuſle patrem
1 1063 772 1114 Fatribus inuideo, quorum neque coniugis vllus
132 1097 599 1131 Pertimuiſſae poteſt vincula dura ſuæ
1 1124 653 1175 eEt tugiens tantos proporatâ morte dlores
137 1160 661 1202 Ad Styga nullo animi vulnere triſtis ahit.
1 1183 34 1205 2
1 1191 741 1239 ns Cerre habiturus eram vacuas sormidinis vmbras,
135 1224 681 1261 Si mihi,quaim reliquis Farca tuliſſet opem.
709 1256 803 1284 Ingrat
4 1269 62 1298 lis
