976 1432
887 36 974 63 I
225 46 536 73 OEATIA.
732 47 772 70 173
47 84 665 127 Nec.ſua quæ manibus pectora iundat abeſt.
44 121 611 172 Iſa etiam Pallas te lamentatur, & omnes
93 155 503 193 Expulit è toto pectore lætitias.
1 179 785 250 Quid mir ergo homines faciant quod carmine læſum.
118 218 688 255 Cum tangat magnos hæc quoque cura Deos.
287 275 552 308 Comparatur idem Codro.
84 311 709 354 Ob patriam Codrus mentito occiſus amictu eſt,
118 348 557 378 Inſtinctu ſortis mortis Apollineæ.
1 351 53 376 u
86 377 636 416 At tu pro Belgis propriam, Sidnæe, ſalutem
121 408 670 446 Dum ſpernis, tibi mors intulit atra maus.
1 416 55 446 u
89 441 700 481 Pro patria virtus magna eſt occumbere: quanto
120 473 635 510 Maior, pro ſociis non renuiſſe mori?
214 523 638 556 DM Iuſt. Heroi Thilippi Sidnæi.
96 561 692 607 Qualiter Arcadio Typhin dum pendet ab atro
131 598 574 630 Obruit inſano vata procella mar;
93 628 686 665 Turbi ne ſic rapido nobis Sidnæius ademptus,
131 660 597 699 Anchora quaſſatæ qui fuerat tabulæ:
101 694 711 734 Quæ nunc. ex geminis amiſſo vt pignore mater;
133 724 619 756 Altero vti, infelix, lumine captus, agit
101 751 718 791 Pr& dolor occubuit noſtrûm ſpes vnica, Iberûm
132 789 536 823 Terror natalis gloria prima ſoli
103 818 665 855 Sidnæius, cuius iam nomen & inclyta virtus
137 851 621 892 Cognita & Eois, cognita & Heſperiis:
2 867 51 905 n
103 883 591 917 Et famæ vix tota capax Natura fuiſſet,
140 915 592 948 Si Lacheſis fuſos currere paſſa ſuos;
46 943 706 994 Sed miſer ante diem lorentibus excidit annis,
140 978 596 1012 Percuſſusvolucri crus iuuenile pilâa,
47 1008 665 1060 Fulmine ſæuos dextrâa dum mactat Iberos,
140 1045 607 1080 Evtraq; ſibi Pallade ſerta parans.
48 1071 772 1121 Rectorem amiſſum flet Belga, Britannia alumnum;
116 1105 665 1139 Et necis eſt tantæ iuſtus vtrique dolor:
51 1135 691 1184 Haud aliter tracto confuſa eſt Hectore Troia,
138 1169 643 1214 Hellas & exſtincto fleuit in acide.
747 1194 818 1221 Scili-
1 1292 58 1316 Iec
