976 1432
922 10 973 37 i
324 57 644 86 OEMATIA.
765 63 814 87 17s
130 96 544 129 EEstigui ſol poſſet vt ira nece:
58 129 721 167 Scilicet hic preno tibi vincula cœca parauit
130 162 635 192 Hic geminos mergi iufſit 1aa: tuo?
49 190 673 228 Silicet hæc iierum propter te Cypride læsâ,
3 207 50 230 t
128 224 666 256 De xtera diuino eſt ſanguine ſata noceus
1 240 670 292 5tilicet, vſque tuis fumum pariturus ocellis,
131 287 635 311 AVenere bductus æmulus iſte ibi eſt?
2 306 64 333 nl.
1 319 639 373 tqui non vilo Diuos hic læſerat vnquam
135 353 618 380 Crmine. ni crimen belligerare vocas.
62 376 819 419 Quid tamen hæc proſunt: etiam hunc cita fata tulert,
2 416 65 434 .
130 413 591 447 Ah ſemper noſtris inuida fta poais.
1 436 688 477 sſpectant reducem aſſines, ſocruiq ſrorque
4 475 67 501 5s
130 477 636 508 Et præſumta animog udia vana fouent.
1 502 716 539 uFida ſed huc coniunx fluctus euienta ritannos,
3 539 591 571 umFerre viri nequiens fle bile diſſidium
1 570 711 603 ts.Venit, & optatum præſen complexa maritum;
1 602 649 634 natus Lætia heu niſeræ quam breuis illa fuit
1 634 687 671 .Nam ſua vix iterum repararatcornua hœbe,
1 667 624 702 mpirsiConfuſa eſt ſubito tota domus gemitu
1 697 687 739 ſesVulnere cum, Sidneie graui percuſſe iaceres,
127 729 522 758 Et tecum regio ſaucia tota fuit.
1 758 700 804 ſli,Singua captabant medic momenta cubantis,
949 792 974 813 I
128 793 563 818 Præterimiſſa tuis cura nec vlla tui
1 825 694 862 eu Sed fata imoto cum ſtant adainante notata,
58 857 579 888 Neſcit opi Lacheſis cedere œoniæ.
3 888 598 933 lx Occidit ille. cui lanros lam læta parabas
130 919 717 952 nglia Cupreſſi nunc prme fnonde comama
1 951 677 998 pu d vos iam funas transfertur mortuus illam,
125 984 644 1022 Qan nequiit viuus, vt repetat Patriam.
1 1017 682 1067 d, Ile quidem repetit natalem corpore terram,
912 1008 969 1071 I
124 1047 601 1078 Sed rediit veram ſpiritus in Patriam.
6 1076 682 1137 Et am tempus adeſt toti lachrymabile genti,
123 1111 614 1144 Itur ad exequias magnæ Philippe, tuas.
62 1143 657 1182 Flent pueri, flent & iuuenes, flet ſerior ætas;
66 1175 636 1209 Præcipue, propior ſanguine ſi quis erat
677 1204 805 1234 Iher
1 1230 113 1288 ,
