976 1432
392 79 705 112 IANIDOEE.
162 82 214 105 S
415 122 664 154 Ad Ioſiam Mercrum.
165 163 784 198 Liber eram, & vacuo meditabar pectore dudu:
195 194 637 227 Dira pharetrati ſpernere tela Dei:
167 227 685 263 At me compoſitâ decepit pace Cupido,
194 259 725 295 Retraxitque vagum ſub ua ſigna pedem
911 259 974 295 u
164 291 706 327 Exacuens, Mercere, tuo decorde ſagittas,
196 323 781 358 Corde in quo ſedem Suada Saiſque tenent,
911 326 974 359 e
163 354 607 389 Docta Sais, quæ me totum rapitq;.
194 385 669 418 Ex quo hauſi ingenij flumina dia tui.
164 416 743 452 Scilicet eſt aliquid docto dare nomen Amori,
195 451 800 490 Atque epos aure auidâ flexanimumimbibere,
911 460 973 496 I
162 480 722 517 Nam tua ſic venas Pitho penetrauit in imas,
193 512 695 546 Aſpidis vt magicus hæret in aure ſonus,
909 522 973 553 i
161 544 749 583 Aut vt Sirenum diſcors concordia quondam
193 577 601 608 Incautos cepit Dulichij ſocios,
161 607 908 653 Quos miſeros, propius poſtquamacceſſere, Charybdis,
1 626 72 660 t
194 638 639 671 Hauſit & irati ſorbuit vnda maris.
909 653 973 690 u
159 671 750 714 Atque illam duplicis Prudentia cauit Vlyſsei
189 702 609 736 Defenſi magnæ Palladis auxilio.
284 772 746 813 Inlaniruteri Speculorum & Capillorum
467 808 544 835 libros,.
156 843 787 891 Me miſerum quod non aut hic tibi contigit eſſe,
188 879 628 911 Aut illic veſtro. mi datur ore fruil
154 907 774 950 Nunquam erit ergo dies, quæ me pernicibus alis
187 942 696 979 Cycnoxum, Gruteri auferat in Nemora?
153 972 678 1013 Gruteri, cus, Cypro dalioque relictis,
186 1005 692 1048 Iam Venus auratis ſe polit in Speculis.
152 1037 728 1080 Nec melius crines Phrygio ſub Iudice finxit,
182 1069 669 1109 Vna duas potuit quum ſuperare Oeas:
150 1101 779 1151 Quam nunc in veſtris prodit, Grutere, Capillis
180 1130 640 1173 Diſpoſitis apte conſpicienda comis,
145 1161 687 1209 Illinc & violas & purpureos Amaranthos,
174 1196 630 1240 ecerpit capiti Gratia blanda ſuo,,
767 1251 915 1285 Eque
