<PcGts xmlns="http://schema.primaresearch.org/PAGE/gts/pagecontent/2017-07-15" xmlns:xsi="http://www.w3.org/2001/XMLSchema-instance" xsi:schemaLocation="http://schema.primaresearch.org/PAGE/gts/pagecontent/2017-07-15 http://schema.primaresearch.org/PAGE/gts/pagecontent/2017-07-15/pagecontent.xsd"><Metadata><Creator>User123</Creator><Created>2020-04-19T08:48:34</Created><LastChange>2020-04-19T08:48:34</LastChange></Metadata><Page imageFilename="0400.png" imageHeight="1432" imageWidth="976"><TextRegion id="r0" type="paragraph"><Coords points="1,1 974,1 974,1430 1,1430"/><TextLine id="r0_l001"><Coords points="372,1 372,17 426,17 426,1"/><TextEquiv index="1"><Unicode></Unicode></TextEquiv></TextLine><TextLine id="r0_l002"><Coords points="879,1 879,16 974,16 974,1"/><TextEquiv index="1"><Unicode></Unicode></TextEquiv></TextLine><TextLine id="r0_l003"><Coords points="927,16 927,46 974,46 974,16"/><TextEquiv index="1"><Unicode></Unicode></TextEquiv></TextLine><TextLine id="r0_l004"><Coords points="921,52 921,82 974,82 974,52"/><TextEquiv index="1"><Unicode></Unicode></TextEquiv></TextLine><TextLine id="r0_l005"><Coords points="775,84 775,105 840,105 840,84"/><TextEquiv index="1"><Unicode>I8a</Unicode></TextEquiv></TextLine><TextLine id="r0_l006"><Coords points="281,87 281,114 574,114 574,87"/><TextEquiv index="1"><Unicode>OEMATA.</Unicode></TextEquiv></TextLine><TextLine id="r0_l007"><Coords points="927,103 927,195 974,195 974,103"/><TextEquiv index="1"><Unicode></Unicode></TextEquiv></TextLine><TextLine id="r0_l008"><Coords points="705,156 705,119 648,119 630,120 620,123 593,124 521,124 416,127 273,127 266,125 187,125 135,122 115,122 108,124 69,124 65,120 60,118 1,118 1,149 63,151 71,161 465,161"/><TextEquiv index="1"><Unicode>t eſix forte tua, poſtquam in tua brachia vatem</Unicode></TextEquiv></TextLine><TextLine id="r0_l009"><Coords points="2,151 2,178 63,178 63,151"/><TextEquiv index="1"><Unicode>to</Unicode></TextEquiv></TextLine><TextLine id="r0_l010"><Coords points="662,188 662,160 541,160 348,164 143,163 143,192 465,192"/><TextEquiv index="1"><Unicode>Præpetibus pennis hunc tibi miſit Amor</Unicode></TextEquiv></TextLine><TextLine id="r0_l011"><Coords points="174,225 453,224 566,221 662,222 662,189 465,193 159,195 123,192 100,192 90,188 61,188 61,221 65,222 71,227 109,227"/><TextEquiv index="1"><Unicode>Felicem igne ſuo; nam tela Cupidinis ille,</Unicode></TextEquiv></TextLine><TextLine id="r0_l012"><Coords points="71,228 65,223 58,221 52,215 1,215 1,242 71,242"/><TextEquiv index="1"><Unicode>ds</Unicode></TextEquiv></TextLine><TextLine id="r0_l013"><Coords points="483,254 608,253 608,223 147,227 147,256 427,256"/><TextEquiv index="1"><Unicode>Accenſaſque tuis lampades ex oculis</Unicode></TextEquiv></TextLine><TextLine id="r0_l014"><Coords points="715,257 711,254 558,254 427,257 281,258 160,258 99,254 3,254 3,281 55,281 60,287 460,287 576,284 677,284 684,287 715,287"/><TextEquiv index="1"><Unicode>5ed tecum didicit, parili quæ tacta calore es,</Unicode></TextEquiv></TextLine><TextLine id="r0_l015"><Coords points="487,319 521,317 634,315 634,285 461,287 410,289 275,289 144,291 144,320 352,320"/><TextEquiv index="1"><Unicode>Iamque tuas ſentis, ſenſit vt il.e, faces.</Unicode></TextEquiv></TextLine><TextLine id="r0_l016"><Coords points="298,351 408,351 512,348 644,347 644,316 558,317 487,320 353,320 152,323 92,321 83,316 64,316 64,349 82,350 90,353 251,353"/><TextEquiv index="1"><Unicode>Quam fuit illa dies claro ſignanda lapillo,</Unicode></TextEquiv></TextLine><TextLine id="r0_l017"><Coords points="698,376 698,348 577,348 408,352 146,354 146,383 330,383"/><TextEquiv index="1"><Unicode>Quo primum Vranies vbera ſuxit H ynen:</Unicode></TextEquiv></TextLine><TextLine id="r0_l018"><Coords points="1,349 1,371 52,371 52,349"/><TextEquiv index="1"><Unicode>ai</Unicode></TextEquiv></TextLine><TextLine id="r0_l019"><Coords points="721,377 599,378 569,380 499,380 413,383 267,384 181,387 101,384 91,377 84,377 79,380 73,381 64,381 64,411 66,413 452,413 640,408 696,408 705,413 721,413"/><TextEquiv index="1"><Unicode>Tunc Amor, æterno qui glutine corda reuincit,</Unicode></TextEquiv></TextLine><TextLine id="r0_l020"><Coords points="650,440 650,410 580,410 497,413 392,415 376,414 269,417 190,416 144,417 144,442 574,442"/><TextEquiv index="1"><Unicode>Mille homini Ve neres deliciaſque tnulit.</Unicode></TextEquiv></TextLine><TextLine id="r0_l021"><Coords points="1,412 1,447 69,447 69,412"/><TextEquiv index="1"><Unicode>ri,</Unicode></TextEquiv></TextLine><TextLine id="r0_l022"><Coords points="542,473 640,472 640,442 575,442 430,446 344,446 297,449 201,450 93,448 88,446 84,442 77,446 66,447 66,477 449,477"/><TextEquiv index="1"><Unicode>Tunc veri riſus, fictiſque ac cenſa querelis</Unicode></TextEquiv></TextLine><TextLine id="r0_l023"><Coords points="623,503 623,476 481,476 380,480 148,482 148,507 500,507"/><TextEquiv index="1"><Unicode>Sunt nata vnanimi gaudia mille toro.</Unicode></TextEquiv></TextLine><TextLine id="r0_l024"><Coords points="640,504 535,506 398,511 335,511 261,514 112,513 97,512 92,510 87,505 1,506 1,537 640,537"/><TextEquiv index="1"><Unicode>eHinc &amp; vos ſancti vinxerunt fœdera lecti,</Unicode></TextEquiv></TextLine><TextLine id="r0_l025"><Coords points="144,539 144,569 566,569 566,539"/><TextEquiv index="1"><Unicode>Fœdera non vllâ diſſoluenda die.</Unicode></TextEquiv></TextLine><TextLine id="r0_l026"><Coords points="1,545 1,570 63,570 63,545"/><TextEquiv index="1"><Unicode></Unicode></TextEquiv></TextLine><TextLine id="r0_l027"><Coords points="441,604 493,601 647,599 685,597 708,597 716,601 786,600 786,560 693,560 665,562 626,562 618,563 615,566 608,569 516,570 485,572 317,576 138,575 113,576 96,574 87,567 67,567 67,607 301,607"/><TextEquiv index="1"><Unicode>Tu ſed Hymen propera neque longum gaudia differ:</Unicode></TextEquiv></TextLine><TextLine id="r0_l028"><Coords points="382,636 479,635 504,633 662,629 662,599 551,602 493,602 441,605 353,607 148,610 148,638 352,638"/><TextEquiv index="1"><Unicode>Iam ſoluat caſtos pronuba flamma ſinus.</Unicode></TextEquiv></TextLine><TextLine id="r0_l029"><Coords points="1,612 1,644 68,644 68,612"/><TextEquiv index="1"><Unicode>les,</Unicode></TextEquiv></TextLine><TextLine id="r0_l030"><Coords points="86,680 91,675 96,673 348,670 377,668 590,664 639,662 649,660 678,660 686,666 707,666 713,664 719,658 729,658 733,656 733,631 601,631 479,636 382,637 306,640 238,640 194,642 114,642 98,641 89,636 85,636 80,641 70,645 1,645 1,682 76,682"/><TextEquiv index="1"><Unicode>no Aſpicis vt nitido crebreſcant ſidera Mundo?</Unicode></TextEquiv></TextLine><TextLine id="r0_l031"><Coords points="624,695 624,664 506,666 429,669 377,669 348,671 145,674 145,697 538,697"/><TextEquiv index="1"><Unicode>Noctifer vt roſeo fundat ab ore iubar?</Unicode></TextEquiv></TextLine><TextLine id="r0_l032"><Coords points="362,733 455,729 516,729 563,725 613,725 647,727 652,730 694,730 694,697 539,697 261,705 100,705 90,701 86,697 65,697 65,735 254,735"/><TextEquiv index="1"><Unicode>Macte animo tacito ſaliunt euii pectora voto,</Unicode></TextEquiv></TextLine><TextLine id="r0_l033"><Coords points="344,764 480,762 510,760 593,760 600,759 600,728 532,728 516,730 455,730 362,734 255,735 205,737 108,736 99,739 87,740 58,740 51,737 8,738 8,768 86,768 112,766 139,766 146,768 242,768"/><TextEquiv index="1"><Unicode>res Virgo, tuque tuo macte labore, Pili</Unicode></TextEquiv></TextLine><TextLine id="r0_l034"><Coords points="94,807 99,805 118,805 126,800 231,800 322,797 378,797 505,792 628,791 636,795 665,794 665,758 593,761 510,761 446,764 344,765 293,768 146,769 139,767 112,767 65,770 65,808 80,808"/><TextEquiv index="1"><Unicode>Felices ambo, iuncturæque molliter ambos</Unicode></TextEquiv></TextLine><TextLine id="r0_l035"><Coords points="590,794 475,794 425,797 322,798 231,801 148,801 148,823 590,823"/><TextEquiv index="1"><Unicode>Lectule tam variis conſcie deliciis.</Unicode></TextEquiv></TextLine><TextLine id="r0_l036"><Coords points="109,863 132,863 153,865 217,865 255,864 271,862 346,862 368,860 413,860 472,857 658,854 658,822 189,834 156,832 104,832 95,829 90,824 66,824 60,827 59,865 64,868 100,868"/><TextEquiv index="1"><Unicode>Te ſemper placidi luſus, miteſque ſuſurri,</Unicode></TextEquiv></TextLine><TextLine id="r0_l037"><Coords points="124,903 234,902 401,896 445,896 655,890 655,858 472,858 413,861 368,861 346,863 271,863 255,865 217,866 153,866 132,864 109,864 100,869 92,870 67,870 60,867 42,869 5,870 5,908 94,908"/><TextEquiv index="1"><Unicode>molr- Fœcunda &amp; nullo vulnere bella iuuent.</Unicode></TextEquiv></TextLine><TextLine id="r0_l038"><Coords points="373,941 413,941 436,938 553,937 557,939 574,939 703,935 703,901 521,901 472,903 371,903 363,908 354,909 257,909 230,912 230,944 356,944"/><TextEquiv index="1"><Unicode>Ad Ioſeph. Scaligerum, cum ei mitrerctſu</Unicode></TextEquiv></TextLine><TextLine id="r0_l039"><Coords points="412,939 412,968 503,968 503,939"/><TextEquiv index="1"><Unicode>cæletia.</Unicode></TextEquiv></TextLine><TextLine id="r0_l040"><Coords points="238,1018 372,1015 501,1015 506,1018 568,1016 568,976 500,976 451,978 246,981 198,984 164,984 152,982 124,981 69,981 65,979 52,977 1,977 1,1013 51,1013 53,1020 62,1022 176,1022"/><TextEquiv index="1"><Unicode>:Flos &amp;virorum, quos genium ſupra</Unicode></TextEquiv></TextLine><TextLine id="r0_l041"><Coords points="213,1058 222,1050 253,1048 345,1049 445,1047 445,1016 274,1018 137,1024 62,1023 62,1059 200,1059"/><TextEquiv index="1"><Unicode>Mortalitatis extulit ardua</Unicode></TextEquiv></TextLine><TextLine id="r0_l042"><Coords points="530,1075 628,1074 628,1044 501,1044 493,1047 345,1050 269,1049 269,1079 388,1080"/><TextEquiv index="1"><Unicode>Vis ingeni, quos dia virtus</Unicode></TextEquiv></TextLine><TextLine id="r0_l043"><Coords points="647,1110 647,1075 530,1076 388,1081 270,1080 270,1111 417,1111 462,1108 537,1107 607,1107 614,1111 626,1111"/><TextEquiv index="1"><Unicode>Pe nnâ agitat metuente ſoui,</Unicode></TextEquiv></TextLine><TextLine id="r0_l044"><Coords points="3,1075 3,1111 65,1111 65,1075"/><TextEquiv index="1"><Unicode></Unicode></TextEquiv></TextLine><TextLine id="r0_l045"><Coords points="277,1145 342,1145 473,1142 497,1140 549,1140 549,1109 462,1109 398,1113 229,1115 217,1114 212,1111 151,1112 135,1110 95,1110 89,1112 87,1110 80,1109 75,1111 61,1112 61,1148 247,1148"/><TextEquiv index="1"><Unicode>Inliterarum quiæmulus Herculis</Unicode></TextEquiv></TextLine><TextLine id="r0_l046"><Coords points="204,1187 210,1186 215,1181 220,1179 280,1178 337,1173 447,1174 562,1171 562,1143 441,1143 342,1146 277,1146 231,1150 161,1152 67,1151 61,1152 61,1188 165,1188"/><TextEquiv index="1"><Unicode>Monſtris, &amp; ingens in tenebris tuæ</Unicode></TextEquiv></TextLine><TextLine id="r0_l047"><Coords points="589,1202 667,1202 667,1172 554,1172 519,1174 447,1175 337,1174 272,1179 272,1204 568,1204"/><TextEquiv index="1"><Unicode>So Galliæ uropæque lmen,</Unicode></TextEquiv></TextLine><TextLine id="r0_l048"><Coords points="557,1236 564,1234 632,1235 632,1204 569,1204 378,1210 269,1209 269,1239 553,1239"/><TextEquiv index="1"><Unicode>Et columeu fugientis æui e</Unicode></TextEquiv></TextLine><TextLine id="r0_l049"><Coords points="1,1206 1,1233 63,1233 63,1206"/><TextEquiv index="1"><Unicode></Unicode></TextEquiv></TextLine><TextLine id="r0_l050"><Coords points="589,1239 589,1261 661,1261 661,1239"/><TextEquiv index="1"><Unicode>M</Unicode></TextEquiv></TextLine><TextLine id="r0_l051"><Coords points="771,1234 771,1255 823,1255 823,1234"/><TextEquiv index="1"><Unicode>Hu</Unicode></TextEquiv></TextLine><TextLine id="r0_l052"><Coords points="35,1235 35,1312 62,1312 62,1235"/><TextEquiv index="1"><Unicode></Unicode></TextEquiv></TextLine></TextRegion></Page></PcGts>