976 1432
295 93 549 116 OEMATIA.
756 99 802 116 20I
882 110 942 143 I
270 136 609 166 De lſu Batauorum in Glaci.
897 143 943 172 I
90 180 699 212 Mars pater aſtricto cernens in marmore Rheni
123 212 586 244 Currere ferratis Cattigenas ſoleis,
93 240 757 274 Ad tam pulchra Deos ſpectacula conuocat omnes;
126 275 629 307 Dumque artem inuenti iactitat eſſe ſui,
95 306 700 334 Tandem hæc ad comites, & te fortaſſe notabat
127 339 683 370 Dum reliquos curſu, Romule, prægrederis:
96 370 710 403 Nunc ſua quantumuis talaria præferat Hermes;
131 402 592 432 Altiùs vt volet hic, ocyus iſte volat.
334 446 568 477 Delanoſecundo Hag.
58 487 781 529 Dum Veneris cantat Puerum cum Matre Secundus,
131 523 620 556 Ipſi omnes Veneri ſurripuit Veneres.
321 562 599 595 In Orphea lani Seundi.
58 602 714 644 Vallibus â Stygijs redeat ſi Thracius Orpheus,
134 637 640 668 Et videat vates, Orphea, magne, tuum;
57 665 710 698 Dicet: Di facerent, ceciniſſem talia quondam,
37 700 646 732 Mitior heu in nos, Pluto, futurus eras.
280 742 610 775 Pornelius Scipio Africanus.
57 780 630 824 Iactauit ſeſe genitum genitore Deorum
141 818 567 845 Ille cui titulos Africa victa dedit.
110 846 769 883 Sed tua tranſgreſſa eſt illum quoque, Scipio, virtus;
142 882 634 916 Et, quo nil maius, tu Ioue maior eras.
111 910 798 947 Tu ſeruas patrem, hic regno expulit: hic rapit omnes,
147 945 569 978 At tibi virginei cura pudoris erat
114 974 758 1011 Quærendus pa ter eſt alius tibi, cim neque cœlum
146 1007 626 1043 Te dignum poſſit nec dare terra tibi.
279 1061 648 1095 In comparationem Poetæ d& Cyni.
116 1101 760 1139 Phœbus amat vates, cygnum quoque diligit idem;
151 1135 656 1170 Candidus eſt vates, candidus eſt & olor:
1 1146 57 1187 i
117 1166 715 1202 Adde, ambo campis quod delectentur apricis;
148 1198 742 1242 Adde, quod & tenerum fundit vterque melos.
734 1228 825 1253 Omnia
532 1235 616 1264 N5
