976 1432
199 71 580 104 EPoTonAITINION.
711 76 769 98 2G?
185 140 639 174 EPTOIIAINION.
1 167 64 184 .
306 189 549 211 Ad Ianum Grterum.
1 231 638 280 i Quæ canit exiguos primiq; Cupidinis ignes,
64 262 600 293 Cui ſe Muſa dicat?cui, niſi lane tibi?
1 292 604 366 .
896 303 958 350 I
1 356 714 404 Ergo cape, hæc. quæ iuſſit amor me ſcribere cœcus
66 389 601 432 Inſcribitque tibi nunc oculatus amor.
361 448 487 478 CarmenI.
64 490 696 528 Dum Venus aureolis in oclis ſtabulatur Hyellæ,
65 525 623 556 Forte leuis Dominæ captus amore Puer:
1 553 694 601 Hoſpi tium hoc concede mihi, dulciſſima mater,
65 585 584 630 Dixi; in his ſedes ſit mihi luminibus.
66 616 611 654 Dixit. dicta Venus Pueri rata fecit, Hyellæ
3 643 595 686 luduſſit & in pulchris ludere luminibus:
64 682 688 718 Ile autem ex oculis radiantia ſpicula torquens,
65 714 584 754 Flet ſibi laſciuas tam valuiſſe manus;
1 741 739 794 Nam quotquot radios Dominæ deprompſit ocellis,
116 777 570 811 Tot ſubito terram corripuere faces:
69 806 681 846 Cuncta ardent totoq; fluunt incendia mundo,
92 840 668 877 Durare & fiammam iam negat ipſus Amor.
78 873 624 915 Tu vero, patrias auſum tentare quad rigas
58 904 621 941 Percuſſit fulmen ſi haetonta tuum,
75 931 709 979 Iuppiter, inuiſum quid ceſſas perdere Amoreml
119 967 633 1009 Captus enim deſti tu quoque ſipe Deus:
67 996 826 1039 Fulmina quid ceſſant. manibus fabricata Cyclopum
124 1031 615 1075 gnibus excuſſis currere vtroque polo?
65 1060 704 1114 Nonne vides quanto mare terra laboret ab æſtu?
124 1095 604 1129 Machina vri fiat mundi operosa cinis
1 1120 722 1171 eni Iam gelidis fruſtra tentat ſe mergere in vndis
126 1159 578 1199 Inſolitâ primum tarrhaſis vſa face,
49 1195 618 1242 Ipſe fugit quamuis tardo temone Bootes,
751 1220 789 1241 E
1 1265 56 1300 s
