976 1432
912 15 963 40 E
261 88 407 104 n.
262 78 641 113 IAINION
760 94 823 117 2C
89 129 698 167 Vel quem maternis prompſerat è calathiis;
58 166 783 198 Oandor crat, Scythicaſq; niues, cygnoſque Cayſtri,
1 188 598 228 teEt Tiburtinum qui ſuperaret ebur.
59 227 649 264 Iauidereiocis ſilueſtria numina noſtris,
141 261 713 291 Et timor errantum Faunus Hamadryadum:
57 279 665 320 Vna dies ternas poterat præcurrere noctes,
33 318 663 353 Quas Iouis Alcmene dormiit in gremio,
1 334 64 367 iia
3 355 732 400 ee Facilis præ ine nimium quem Somnus Amorq;
144 384 574 414 Ah toties vanis luſit imaginius;
1 400 655 447 iFlexa mihi duræ dum credo corda puellæ
1 444 68 469 i
143 447 588 469 audia fallaci miſſa fouens ebore.
1 479 731 523 es u quoque Phryx paſtor fellx cui viuida ſrtu
144 511 622 541 Suppoſita optati corporis efſigies:
2 524 64 550 m
1 538 615 590 Non te fallaci deluſit imagine Somnus,
144 573 624 604 Sola Deûm inuidit Tyndarin ira tibi.
1 605 703 655 n Nulla Deûm nocet iramihi ſed ſomnia veris
140 636 572 668 Deiiciis prohibent inuidiosa frui
1 656 69 687 eſu
1 668 749 724 e,qi Qid quæror heu miſero vanæ mendacia noctis,
142 700 604 731 audia fallacis quid nocuiſſe tori?
58 727 715 769 Sat mihi ſi faciles, mea Lux torquebis ocellos,
141 764 666 794 Nec nimium toruâ te mihi fronte neges:
1 795 730 838 baDigna quidem, pro qua vernantes millia multa
109 829 638 859 Immundo crines puluere collinerent,
1 859 673 895 luiiEt facerent, ſi te formoſo tempore natam
1 891 574 928 aVidiſſet noſtris Priamides oculis:
1 920 722 963 loSed mihi quid prodeſt veſtræ præſtantia forma
138 954 672 986 Cordolium magnis quod faciat Superis;
108 985 749 1016 Si maneo, quaiis fueram, qum cognita nondum
138 1017 592 1041 Mi vultus eſſent tot decora alta tui.
1 1049 686 1096 Nauita ſic, optata etſi procul emicet Arctos,
136 1080 634 1112 Guttura nauifragis proluit æquoribus.
1 1112 735 1155 At tuæ, me miſerum, radiantia lumina quamuis
137 1144 622 1175 Sint Helice noſtræ, ſint Cynoſura tati;
1 1175 754 1228 Non tamen aduerſam poſſum vitare Charybdin,
140 1209 670 1245 Niſæoſue, maris monſtra timenda, canes
764 1243 828 1271 Si,
