976 1432
1 46 77 99 m
366 83 671 110 IANIDOV F.
178 82 227 101 20;
184 119 961 177 Sic, mihi d te Helice aut Cynoſuram ſpero, Cbarybdis
217 159 752 195 T violenta mihi es, tu mini òcylla rapax;
184 190 973 243 Hocq; magees mihi Scylla rapax, mihi ſæuaCharybdis,
215 223 806 260 Quo magis es i Helice, quo Cynoſura magis.
453 266 587 294 armen X.
184 304 910 344 Vnde precor, mihi tot lachrymæ aut ſuſpiria; i vnus,
214 337 787 369 Eſt metus, & domina eſt vnica, & vnus amor?
140 365 973 414 Ah miſerlan neſcis, quamquam vna eſt machina, curſus
216 401 778 437 Orbiunm & anfractus eſſe prope innumeros?
186 433 973 474 Credo equidem at cur, quum gyro facill iſta recurrant l
213 465 748 501 In ſeſe, ad ſeſe non redit vnquam animus?
467 522 602 546 Carmen
185 560 814 597 Quumtu tu vita lyram digitis percurris eburnis,
907 567 973 596 I
2 575 63 601 l
215 594 724 625 Et liquidum argutâ diuidis aure melos,
188 626 747 661 Quale canit victor Parnaſſi in vertice Pæan,
218 657 754 690 Qua le ſonat tremulo gutture canus olor;
187 689 804 725 Spiritus heu mihi deficit, atque vt cera liqueſco,
906 695 974 727 s
220 721 818 756 Et melos hoc auidâ mi haurit ab aure animam,
139 741 686 785 Et facies abit in violæ mutata colorem
906 762 973 790 e
221 784 735 818 Oſtendens lentis quam peream facibus.
188 818 811 850 Sic quondam memorant in perniciem, Sirenum
906 827 973 854 C
219 848 688 881 Carminibus tractos Dulichij ſocios,
906 854 973 887 Eiu
189 883 751 916 Quas tamen egregie prudens vitauit Vlyſſes
223 910 683 945 Auribus obſtructis atq; rerortâ acie.
906 918 974 951 ll
190 943 745 978 Sed me nil oculos iuat auertiſſe vel aures;
221 975 708 1011 Sic me, vita, tuus faſcinat vſque decor.
187 1006 781 1046 Deſine iam, in cineres abeam ne totus, Hyella,
221 1040 763 1070 Pars animæ ad Manes iam natat ecce meæ.
189 1070 814 1110 Sic ego: at inſuetum carmen deprompſit Hyella,
896 1085 973 1131 u
219 1102 727 1137 Auditum nunquam quale prius fuerat,
191 1135 762 1170 Carmen Tartarea quod me de valle reduxit,
933 1131 974 1152 tn
920 1160 974 1192 g
222 1168 755 1199 Atque ad ſe iuſſit hanc remeare animam.
189 1199 713 1237 Inunc, Orphæos tollas ad ſidera cantus;
927 1194 973 1226 lis
918 1226 970 1256 l
847 1241 890 1268 Ah,
