976 1432
241 88 616 118 EPTOnAITNION
731 100 809 134 20
124 136 701 171 Ali, quantum argutæ voxmihi præſtat heræ,
899 171 950 220 I
2 181 696 222 Depoſito vitam toties quæ reddidit. in quam
1 214 570 260 un Parc arum poſſint iura ſeuera nihil
176 256 679 287 Adumbraum de Anglico Henr. Coneſtabilis..
353 290 507 312 Carmen Xll.
1 311 624 383 e,quodtecelſo fugiatper inane volatu.
82 364 617 400 Cor precor ah miſero ſæuius vre mihi.
1 379 72 412 nii
1 395 681 447 Culpa tua hæc; veſtri pennis ſublatus Amoris
123 427 528 458 Mortali ignotas cogitur ire vias.
3 446 62 468 u
1 458 629 515 Ac velut hala ntes cœli ad confinia fumos
124 490 616 525 Cynthius æthereis vſque trahit radiis,
59 518 713 562 Vnde trabes ſlammaſq; creet diroſue Cometas,
124 553 663 584 Aut crine accendat lampada flammifero;
59 585 624 619 Affixam ſic ante ſolo lux enthea mentem
124 616 613 649 Suſtulit, vt ſuperis inſerat ordinibus:
1 643 654 682 iHic vbi, ſacratæ radiant velut aſtra Corona,
120 681 653 715 Fulgurat ardoris ſic quoque flamma mei.
1 712 628 778 .a
59 774 626 813 Sic mihi tu cœlum, cœli ſic lumine nobis
1 815 62 839 S.
122 808 587 843 Continget totis noctibus vſque frui.
3 838 656 885 resEn iterum clamo effectus vtriuſque caloris
58 874 602 906 E pe ndens. pectus mitius vre meum
1 898 586 941 Idem nos ignis, in te qui fulgurat, vrit:
121 932 662 966 Secum cuncta trahens ignis, vt attrahitur.
1 964 674 1012 Ignis more tuum ad ſeſe trahit omnia lumen;
58 997 648 1035 Vtque ignis, noſter ſumma petiſſitamor.
311 1043 521 1074 amen l.
1 1032 60 1068 i
1 1068 63 1099 u
2 1072 634 1134 Quæritis, excderint totocur nubila cœlo
55 1106 630 1137 Vrna nec aſſuetas Troica fundat aquas?
54 1136 665 1172 Vnde vagum nullis aſſurgat fluctibus æquor?
1 1161 59 1199 i
119 1170 605 1206 Lucidior ſolito ſplendeat vnde polus?
1 1202 624 1241 Silua quid in lætis ſurgatformoſior aruis,
585 1230 796 1263 OIheia-
193 1237 397 1261 Tomis Secutdu
