976 1432
1 25 127 46 p
176 94 762 125 ar4IID. OVEE EIII
174 133 823 169 Tunc curæ ſubeunt, lachrymæque, at cura ſalubri
209 165 710 194 Nulla ſubit Bacchi, nulla ſubit Cereris.
7 168 52 203 I
177 195 711 233 Cingite victrices ergo mea tempora lauri,
209 228 719 262 Qui potui tantum perdomnisſe malum:
177 259 830 294 Quod nec tela Iouis, veſtræ Neptune nec vndæ,
209 294 698 325 Arma nec armigeri quod potuere Dei.
177 324 745 352 Omne genus morbi ſanare ſalubribus herbis
211 354 755 389 Qui poteras medicæ Phœbe repertor opis,
174 386 913 428 Non tamenhos æſtus voluiſti extinguere tunc, quam
212 418 721 451 Non puduit magni te gregis eſſe ducem:
177 449 742 478 Tu quoque Lemniacis Mauors eluſe catenis
207 480 680 515 In cœlo quondam fabula turpis eras.
176 512 799 546 Parua loquor: ne quid ſceleris reſtaret inauſum,
211 543 739 581 Perrupit volueris ipſum Acherunta Puer,
176 573 772 613 Tunc cum Tartareo rapta eſt Proſerpina egi
210 607 682 640 Cumque ua amiſit virginitate diem.
176 638 973 690 Tu quoque, cum coniunx manes penetraſſet ad imos,
213 669 728 705 Senſiſti Eurydice, quid ferus eſſet Amor
910 691 974 720 I
176 701 801 736 Hunc ego non herbis, magico non vincere cantu,
910 721 974 747 dn
210 731 605 765 Sed potui ſani pectoris auxilio.
174 760 744 800 Cingite victrices iterum mea tempora lauri,
940 786 973 817 I
210 795 701 832 Mique, Puer, de te sæue trium phus eat.
177 825 701 860 Rex eſt, qui mentis cœcos euicerit æſtus,
211 858 786 894 Non qui hominum ſub ſe millia multa tenet,
162 889 821 930 Quem timor haud vllus, peiorque timore cupido,
207 920 649 955 Præcipitis vulgi ſollicitatve fauor;
171 948 771 993 Eſtque voluptatem cui ſpernere ſola voluptas,
208 982 684 1022 Illecebris captum ne prematilla ſuis.
941 981 974 1004 u
175 1013 736 1056 Iu ppiter vt fractas Pueri mala tela ſagittas,
207 1047 705 1087 Iuppiter, exſtinctas vt videamq; faces.
173 1074 685 1115 Ille ſuum triplici pectus mnniuerat ære,
208 1109 746 1150 Qui tua qui princeps vincula rupit Amor,
172 1139 794 1182 Nec timuit pharetras arcuſque & tela minantis,
207 1171 728 1214 Blanditia ſque omnes fregit & illecebras.
172 1201 724 1252 Ille ſupra Diuos alte caput extulit omnes,
204 1235 668 1287 Pignus & his ipſis imperitare fuit;
837 1275 912 1307 Sie
