976 1432
777 88 814 108 :
2 80 67 104 ti
3 83 75 127 l
334 93 573 123 POEMATIA.
1 137 649 195 Sicego im, ſic & liceat conſumere, Parca
5 135 74 163 li
141 174 623 200 Dum ſinit, ætatis tempora verna meæ,
69 199 655 236 Vt mulier noſtros non ſentiat vlla furores,
1 202 30 226 ui
143 230 621 263 Nec vinctum collo ſub iua iura trahat.
1 256 740 308 ttiiiErgo tua, o Bona Mens, tua me in ſacraria condo;
142 294 680 327 Tumala de corde hæc omnia pelle meo,
1 299 71 328 ei
5 321 748 367 eiQumihi nec noctes, nec ſunt mihi paſſa quietos
1 357 635 397 oroi re dies, dum me torſit acerbus Amor.
1 397 73 426 u
282 404 634 444 In effigiem Iulii Cſari Scalgeri
1 425 77 457 u
1 445 689 498 e Ingenium cui Dis, & mens contermina cœlo,
147 483 708 525 Cuncta vnus, cunctos qui ſuper vnus eras,
1 511 708 560 infs Muſarum pater & dextræ par fulmine Mart,
151 540 688 585 Dum pariter tractas ſingula mente pari,
1 561 73 593 Pui
1 570 741 633 aQum rerum omnigenas Natura exquirere vires
150 604 639 644 Non docit, de quo docta ſed ipſa ſuas:
2 639 682 693 ſetHmule Naturæ, meta & ſpes vltima rerum;
149 665 678 712 Dicere quem totum Fama nec ipſa poteſt.
1 697 756 759 ecn Sed neque te mens noſtra capit; veſtraſque tacete
1 701 72 719 Oi
149 732 666 770 Nulla valet laudes lingua vel exprimere;
68 761 687 811 pſe tuos niſi queis Nati intra pectora viuis
1 791 71 819 uli
153 799 638 835 Poſt obitum, aſpires inmea vota Deos:
122 826 680 874 Vt Famæ momenta. tuto quæ lumine maior
141 856 682 899 Facta volat, poſſit lingua ve menſe ſequi,
1 882 72 920 Ien
1 888 713 955 pis Dia quæ ina cceſſæ excipiant incendia mentis,
157 924 600 961 Et lucem à tanto accipiant animo.
1 948 675 1022 Sed non mortales hebetantia fulgura viſus
159 982 757 1026 Non aciem ingenii hanc lumina noſta ferunt.
64 1014 742 1063 Nec fas ſit mihi plura, ſed hoc ſit ſas mihi ſolum
162 1047 661 1089 Dicere; te, niſi tu, dicere nemo poteſt.
1 1063 68 1092 s
63 1075 705 1129 Quid mirum? Natura loqui nam deſtitit ipſa,
161 1114 618 1157 Illa tuo poſtquam deſtititore loqui.
3 1154 66 1183 i
316 1157 622 1196 In eſſigiem loſephi Scaligeri.
2 1181 65 1217 u
1 1198 658 1262 emporis bpriſci vindex, gloria noſtri,
768 1225 840 1249 OPi.
585 1235 664 1257 O4
