976 1432
1 18 152 40 i
326 70 681 100 IANIDOVE.
169 72 220 96 as6
201 112 669 146 O Patris, O patrii pignora certa Poli,
168 147 797 210 ::slr
164 208 762 242 Ipſe tibi & Pater & Cœlum dum pectore ſacro
201 241 700 270 Tanta capis cœli munera, tanta Patris:
164 272 649 305 Non te qui diæ cepiſti fulgure mentis
203 305 748 340 Omnia vel carmen vel tabula iſta capit.
160 336 973 400 Tantum vmbra eſt hæc vmbra tuæ, quam mittis, abeſſe
200 368 671 402 Totus adhuc atauis ne videare tuis;
161 401 774 436 Communi tecum vnde Duces à ſanguine ducti,
199 431 720 464 Atque vbi ſunt generis pignora tanta tui
167 465 792 500 Namque & maternos attingunt ſtemmata Boios,
198 496 690 525 Cæſaribus proauis & tibi fulta domus.
909 501 974 528 li
2 526 53 549 llſ
160 528 801 564 Attu Caſtalidum huc transfer pa regna ſororum,
945 533 974 556 H
197 560 676 597 Omnia quæ regni dant tibi iura ſui
931 562 974 586 Iiu
158 592 717 628 Vt mens te capiat, præſens te ſuggere nobis;
191 623 658 657 Et lingua vt fando it ſatis, ipſe veni.
161 656 793 693 Iam Batauis luceſce tuis, atque exere ſlammmas,
194 687 684 725 Queis ſine vel medio nox ſiletatra die.
911 708 974 739 I
55 708 804 757 Tunc non ad ſuperos terra hæc caput efferet orbes,
879 739 974 773 u
188 751 669 787 Emula ſed ſupero mox erit illa polo;
154 783 702 819 Proque ſolo cœlum fiet, quod ſle pererni
185 815 663 848 Nominis irradiet ſplendida fama tui.
936 862 974 887 C
383 873 629 908 n igiem atilipii.
151 913 684 950 Muſarum Genius, priſci ſtirps aurea ſecli
912 921 974 951 c
152 947 746 986 Romam orbi, Romæ ludos, ludiſque Theatra,
150 979 736 1019 Verbaque reſtituit Latio, verbiſque ſonorem,
146 1012 819 1056 Et Regno Sophiam, & Sophiæ ſua priſtina regna.
912 1028 974 1053 Iu
331 1057 668 1094 Ad Dominicum Lampſonium.
935 1059 972 1080 uis
947 1091 974 1113 M
143 1095 703 1138 Quid mirum, tibi Dircæo qui accedis olori,
933 1123 974 1147 ltus
179 1129 628 1166 O & Appellææ gloria prima manus.
145 1161 700 1202 Carmina ſi vati, pictori mittimus vmbram;
175 1193 661 1233 Ila carent lima, lumineque iſta caret.
941 1222 972 1247 ſ:
822 1247 910 1269 At
