976 1432
933 20 971 52 V
308 79 567 102 POEMATIA.
755 87 803 110 :2t7
54 118 699 152 At quis te meliot linam his, aut addere lumen?
126 153 625 183 Qui lima es vatum, lumen es artiſicum.
198 194 650 223 In Florentis hriſtiani Adromacham.
58 236 704 268 Ceu placidum ſacros lauri nemus afflat odores,
58 268 652 304 Ridet & aduentu hloridos omnis ager,
58 299 619 337 Sic tua Cecropio ſtillans facundia melle
130 331 667 361 Musæum ambroſio pargit odore chorum.
59 362 772 394 Scilicet Androm acha hoc ilorens ſatis vna loquetur
21 389 654 465 Tiſtia quæ veteris renouans exordia luctus
130 394 651 427 Auſonium per te tam bene docta melos.
131 458 563 490 Fortunæ recipit iura ſuperba ſuæ:
1 478 42 503 M
44 492 676 530 Ingenuam dum cunta iubes regnare per ora,
132 521 620 554 Et captiua iterum viuc ula ferre vetas.
1 537 64 568 uosl
61 550 773 591 Macte animo Florens, nam Græco vt Barbarus hoſtis
62 584 621 625 Sic cum barbarie Græcia victa tibi eſt.
271 629 636 665 In pomaium Horti Ranoian.
3 665 668 714 ua Hic, vbi ſublimes ſurgunt Pomaria in auras,
119 695 767 735 Nympharum loca ſunt quondam habitata choris.
44 726 641 767 Gratia magna tibi Ranzoui: tu facis, vt ſit
1 750 66 783 cs
130 759 745 796 Iam nemus Aonidum, quod Dryadum ante fuit.
228 811 670 844 In Ad. Burehit ſyluam piorum amorum.
61 850 665 895 Cui non Sirenum pellax in ſaxa voluptas,
138 880 691 918 Notaque ſunt huſci blanda pericla maris?
60 910 764 956 Cum dolitura auidam properarent gaudia mortem.
137 946 569 979 Et vitata metugaudia vita forent.
1 970 663 1016 aCui non & miranda tuæ dulcedo Camœnæ,
133 1007 737 1045 Burchi, ad quam pridem Muſica plectra ſilent?
1 1040 673 1086 egNon hæc exitium, ſed mellea dicta propinat,
138 1073 649 1110 Diuinamque animis inſerit ambroſiam:
58 1103 754 1152 Nec mortemat duplicis monſtrat tibi gaudia vitæ,
141 1137 690 1181 Qarum iſtâ, volitans docta per ora virûm,
56 1170 688 1229 Iam teueris: ſed mox promittitur altera cœlo
138 1205 597 1235 Auctior æterno lumine vita micans.
779 1234 822 1257 Ad
581 1240 640 1262 O5
