<PcGts xmlns="http://schema.primaresearch.org/PAGE/gts/pagecontent/2017-07-15" xmlns:xsi="http://www.w3.org/2001/XMLSchema-instance" xsi:schemaLocation="http://schema.primaresearch.org/PAGE/gts/pagecontent/2017-07-15 http://schema.primaresearch.org/PAGE/gts/pagecontent/2017-07-15/pagecontent.xsd"><Metadata><Creator>User123</Creator><Created>2020-04-19T08:48:39</Created><LastChange>2020-04-19T08:48:39</LastChange></Metadata><Page imageFilename="0436.png" imageHeight="1432" imageWidth="976"><TextRegion id="r0" type="paragraph"><Coords points="1,1 974,1 974,1430 1,1430"/><TextLine id="r0_l001"><Coords points="261,1 261,16 616,16 616,1"/><TextEquiv index="1"><Unicode></Unicode></TextEquiv></TextLine><TextLine id="r0_l002"><Coords points="970,13 970,1 898,1 898,14 952,14"/><TextEquiv index="1"><Unicode>v</Unicode></TextEquiv></TextLine><TextLine id="r0_l003"><Coords points="957,15 912,15 912,45 957,45"/><TextEquiv index="1"><Unicode>V</Unicode></TextEquiv></TextLine><TextLine id="r0_l004"><Coords points="9,91 9,123 85,123 85,91"/><TextEquiv index="1"><Unicode></Unicode></TextEquiv></TextLine><TextLine id="r0_l005"><Coords points="555,99 521,99 521,106 513,111 461,111 454,106 454,99 307,99 307,122 555,122"/><TextEquiv index="1"><Unicode>OEMA A.</Unicode></TextEquiv></TextLine><TextLine id="r0_l006"><Coords points="754,103 754,122 809,122 809,103"/><TextEquiv index="1"><Unicode>2Tò</Unicode></TextEquiv></TextLine><TextLine id="r0_l007"><Coords points="309,140 309,170 574,170 574,140"/><TextEquiv index="1"><Unicode>Contra Nobilitatis oſores.</Unicode></TextEquiv></TextLine><TextLine id="r0_l008"><Coords points="32,176 32,218 67,218 67,176"/><TextEquiv index="1"><Unicode></Unicode></TextEquiv></TextLine><TextLine id="r0_l009"><Coords points="748,178 88,178 88,214 135,214 164,212 265,214 748,214"/><TextEquiv index="1"><Unicode>Quid precor, à humiles. generi inſultatis honeſto,</Unicode></TextEquiv></TextLine><TextLine id="r0_l010"><Coords points="598,214 456,216 136,214 132,217 127,218 127,237 598,237"/><TextEquiv index="1"><Unicode>Pectora inhuma nis barbariora Getis</Unicode></TextEquiv></TextLine><TextLine id="r0_l011"><Coords points="92,244 92,278 724,278 724,244"/><TextEquiv index="1"><Unicode>Haud ſecus ac vulpes guſtu damnauitacerbo,</Unicode></TextEquiv></TextLine><TextLine id="r0_l012"><Coords points="1,253 1,276 67,276 67,253"/><TextEquiv index="1"><Unicode>ux</Unicode></TextEquiv></TextLine><TextLine id="r0_l013"><Coords points="597,307 597,278 124,278 124,308 588,308"/><TextEquiv index="1"><Unicode>Tangere quos illi non fuerat, latices.</Unicode></TextEquiv></TextLine><TextLine id="r0_l014"><Coords points="621,338 673,339 673,308 419,311 136,310 120,308 97,308 97,339 560,340"/><TextEquiv index="1"><Unicode>Scilicet hos vultis patriæ remouere gubernis,</Unicode></TextEquiv></TextLine><TextLine id="r0_l015"><Coords points="70,326 34,326 34,329 25,336 1,336 1,354 69,354"/><TextEquiv index="1"><Unicode></Unicode></TextEquiv></TextLine><TextLine id="r0_l016"><Coords points="667,368 667,341 473,341 417,343 131,341 131,370 156,370 178,372 466,372"/><TextEquiv index="1"><Unicode>Per quos, aut quorum patria ſtat proauos.</Unicode></TextEquiv></TextLine><TextLine id="r0_l017"><Coords points="762,370 576,370 466,373 178,373 156,371 98,370 98,402 147,401 164,403 501,403 657,400 662,403 762,403"/><TextEquiv index="1"><Unicode>Nec Plato vos flectit,generoo in ſanguine clamans</Unicode></TextEquiv></TextLine><TextLine id="r0_l018"><Coords points="3,387 3,423 34,423 34,387"/><TextEquiv index="1"><Unicode></Unicode></TextEquiv></TextLine><TextLine id="r0_l019"><Coords points="535,433 606,432 606,404 451,404 390,406 132,404 132,435 504,435"/><TextEquiv index="1"><Unicode>Eſſe magis vegetos ingeni igniculos?</Unicode></TextEquiv></TextLine><TextLine id="r0_l020"><Coords points="1,423 1,444 34,444 34,423"/><TextEquiv index="1"><Unicode></Unicode></TextEquiv></TextLine><TextLine id="r0_l021"><Coords points="95,474 101,473 104,470 118,468 389,468 639,464 639,433 393,437 84,436 82,452 79,446 72,442 63,442 57,447 47,451 1,451 1,477 91,477"/><TextEquiv index="1"><Unicode>Igniculos, nullâ qui re maigis eluceſcunt,</Unicode></TextEquiv></TextLine><TextLine id="r0_l022"><Coords points="583,495 646,495 646,465 578,465 487,468 389,469 134,469 134,500 401,500"/><TextEquiv index="1"><Unicode>Quam virtute foris, quam pietate domi.</Unicode></TextEquiv></TextLine><TextLine id="r0_l023"><Coords points="695,493 686,496 643,495 583,496 401,501 85,500 83,504 70,505 70,526 86,526 92,531 404,531 424,529 518,529 555,527 661,527 667,531 695,531"/><TextEquiv index="1"><Unicode>Sic Deus ipſe ſuos populos diſtinxerat olim,</Unicode></TextEquiv></TextLine><TextLine id="r0_l024"><Coords points="85,549 85,527 69,527 64,522 1,522 1,552 83,552"/><TextEquiv index="1"><Unicode>lum</Unicode></TextEquiv></TextLine><TextLine id="r0_l025"><Coords points="618,557 618,528 424,530 390,533 349,532 201,533 137,531 137,562 452,562"/><TextEquiv index="1"><Unicode>Dogmata Socratici ſic ſtatuere Sophi.</Unicode></TextEquiv></TextLine><TextLine id="r0_l026"><Coords points="97,595 103,594 328,596 468,594 624,588 716,589 726,595 726,557 559,559 404,564 151,565 124,562 92,562 84,564 84,567 81,569 69,570 63,576 36,577 21,580 22,600 93,601"/><TextEquiv index="1"><Unicode>His quoque, qui tollunt diſcrimina Nobilitatis,</Unicode></TextEquiv></TextLine><TextLine id="r0_l027"><Coords points="71,602 22,601 17,596 16,589 1,589 1,620 71,620"/><TextEquiv index="1"><Unicode>It-</Unicode></TextEquiv></TextLine><TextLine id="r0_l028"><Coords points="670,619 670,592 525,592 468,595 328,597 141,595 141,627 400,627"/><TextEquiv index="1"><Unicode>Quæritur egregii ſanguinis vmbra tamen.</Unicode></TextEquiv></TextLine><TextLine id="r0_l029"><Coords points="503,655 635,652 664,652 673,657 711,656 711,620 657,620 453,627 341,629 148,628 143,629 101,626 94,624 89,620 70,621 70,655 79,656 136,658 443,658"/><TextEquiv index="1"><Unicode>Hoc adſcita probant inſignia, quæque peti illis</Unicode></TextEquiv></TextLine><TextLine id="r0_l030"><Coords points="627,684 627,655 539,655 443,659 378,660 144,659 144,690 383,690"/><TextEquiv index="1"><Unicode>Nomina ab antiqua Nobilitate ſolent.</Unicode></TextEquiv></TextLine><TextLine id="r0_l031"><Coords points="889,656 889,737 927,737 927,656"/><TextEquiv index="1"><Unicode></Unicode></TextEquiv></TextLine><TextLine id="r0_l032"><Coords points="576,718 654,714 657,713 657,684 572,687 485,688 459,690 384,690 337,692 163,692 103,690 91,688 86,684 69,684 69,721 456,721"/><TextEquiv index="1"><Unicode>Vos igitur quam ſic fictam affectatis, ineſſe</Unicode></TextEquiv></TextLine><TextLine id="r0_l033"><Coords points="656,753 656,716 407,723 167,724 144,722 144,754 604,754"/><TextEquiv index="1"><Unicode>Hanc aliis veram quæ precor inuidia eſt?</Unicode></TextEquiv></TextLine><TextLine id="r0_l034"><Coords points="194,762 194,801 756,801 756,762"/><TextEquiv index="1"><Unicode>Ad Flor. Chriſtianum, cum ei mitteretnotas ſuas in</Unicode></TextEquiv></TextLine><TextLine id="r0_l035"><Coords points="403,806 403,834 533,834 533,806"/><TextEquiv index="1"><Unicode>Prpetium.</Unicode></TextEquiv></TextLine><TextLine id="r0_l036"><Coords points="163,882 183,881 328,880 452,875 493,875 539,872 661,871 668,875 718,875 718,838 492,838 442,841 147,846 101,845 93,843 90,838 1,838 1,877 60,876 62,884 155,884"/><TextEquiv index="1"><Unicode>Diu Quæ modo nata mihi proles ſe viuere tandem</Unicode></TextEquiv></TextLine><TextLine id="r0_l037"><Coords points="418,907 467,907 504,903 618,903 618,873 539,873 493,876 452,876 328,881 183,882 156,884 152,887 152,911 311,911"/><TextEquiv index="1"><Unicode>Et putat auſpiciis creſcere poſſe tuis:</Unicode></TextEquiv></TextLine><TextLine id="r0_l038"><Coords points="312,941 402,941 423,939 488,938 508,936 627,934 674,934 684,935 689,938 721,938 721,899 665,899 663,901 656,903 627,904 504,904 467,908 418,908 311,912 163,915 108,915 100,913 94,908 87,908 84,902 80,899 44,899 27,902 5,902 5,943 297,943"/><TextEquiv index="1"><Unicode>bT modo, quum ex ſeſe lux illi &amp; vita negetur</Unicode></TextEquiv></TextLine><TextLine id="r0_l039"><Coords points="595,971 647,971 647,937 508,937 488,939 423,940 402,942 312,942 297,944 190,946 152,949 152,973 547,973"/><TextEquiv index="1"><Unicode>Lumine fac Florens floreat vſque tuo.</Unicode></TextEquiv></TextLine><TextLine id="r0_l040"><Coords points="1,974 1,1000 70,1000 70,974"/><TextEquiv index="1"><Unicode>bu</Unicode></TextEquiv></TextLine><TextLine id="r0_l041"><Coords points="345,980 345,1010 608,1010 608,980"/><TextEquiv index="1"><Unicode>In Britanntam Camdeni.</Unicode></TextEquiv></TextLine><TextLine id="r0_l042"><Coords points="1,1008 1,1046 73,1046 73,1008"/><TextEquiv index="1"><Unicode>s</Unicode></TextEquiv></TextLine><TextLine id="r0_l043"><Coords points="256,1067 347,1067 365,1065 388,1065 396,1067 444,1067 454,1063 470,1062 496,1062 558,1058 623,1056 654,1056 661,1060 674,1060 674,1025 441,1025 406,1028 348,1029 294,1032 239,1032 219,1031 201,1027 177,1027 171,1030 169,1033 128,1033 122,1036 122,1069 200,1069"/><TextEquiv index="1"><Unicode>Inſula Romanis ignota Britannia primum</Unicode></TextEquiv></TextLine><TextLine id="r0_l044"><Coords points="443,1094 483,1092 502,1093 554,1089 608,1087 608,1059 558,1059 540,1061 470,1063 454,1064 444,1068 396,1068 388,1066 365,1066 347,1068 256,1068 156,1071 156,1096 430,1096"/><TextEquiv index="1"><Unicode>Detecta eſt magni Cæſaris auſpicis.</Unicode></TextEquiv></TextLine><TextLine id="r0_l045"><Coords points="323,1132 367,1129 442,1128 547,1122 603,1121 611,1125 715,1122 715,1085 654,1085 650,1087 572,1089 502,1094 483,1093 443,1095 430,1097 396,1097 333,1100 244,1101 204,1103 124,1101 124,1133 269,1133"/><TextEquiv index="1"><Unicode>Tu vero, quinam fuerint Cambdene Britanni</Unicode></TextEquiv></TextLine><TextLine id="r0_l046"><Coords points="353,1162 450,1160 464,1159 469,1156 477,1155 562,1155 562,1124 523,1124 466,1128 367,1130 323,1133 158,1135 158,1164 333,1164"/><TextEquiv index="1"><Unicode>In lucem ſpiſſis eruis è tenebris.</Unicode></TextEquiv></TextLine><TextLine id="r0_l047"><Coords points="414,1191 482,1191 538,1187 620,1184 722,1183 727,1186 787,1185 794,1181 794,1149 611,1149 602,1154 592,1155 503,1157 477,1156 469,1157 464,1160 426,1162 353,1163 308,1166 249,1166 199,1170 127,1170 127,1194 403,1194"/><TextEquiv index="1"><Unicode>Laus communis vtrique. ſed &amp; maior tibi laude</Unicode></TextEquiv></TextLine><TextLine id="r0_l048"><Coords points="69,1198 69,1162 1,1162 1,1199 43,1199"/><TextEquiv index="1"><Unicode>oii</Unicode></TextEquiv></TextLine><TextLine id="r0_l049"><Coords points="591,1219 664,1214 692,1214 692,1185 620,1185 538,1188 482,1192 467,1191 414,1192 403,1195 380,1196 272,1198 206,1202 162,1202 162,1226 414,1226"/><TextEquiv index="1"><Unicode>Cæſaris, immo ipſo Cæſare ſurget honos.</Unicode></TextEquiv></TextLine><TextLine id="r0_l050"><Coords points="67,1199 6,1200 6,1232 67,1233"/><TextEquiv index="1"><Unicode>e</Unicode></TextEquiv></TextLine><TextLine id="r0_l051"><Coords points="130,1274 134,1273 179,1273 287,1268 327,1268 371,1265 488,1262 530,1259 612,1257 681,1253 729,1253 729,1218 609,1218 591,1220 495,1223 475,1225 290,1230 230,1234 151,1235 113,1233 111,1237 110,1246 100,1246 95,1243 65,1246 65,1279 127,1279"/><TextEquiv index="1"><Unicode>Marte hic, tu ingenio rimatus es omnia &amp; art</Unicode></TextEquiv></TextLine><TextLine id="r0_l052"><Coords points="56,1250 56,1236 44,1233 4,1233 4,1257 50,1257"/><TextEquiv index="1"><Unicode>i</Unicode></TextEquiv></TextLine><TextLine id="r0_l053"><Coords points="795,1243 795,1268 853,1268 853,1243"/><TextEquiv index="1"><Unicode>Sedi</Unicode></TextEquiv></TextLine><TextLine id="r0_l054"><Coords points="973,1264 956,1264 952,1267 949,1264 946,1264 946,1308 973,1308"/><TextEquiv index="1"><Unicode></Unicode></TextEquiv></TextLine></TextRegion></Page></PcGts>