976 1432
308 59 613 91 ISC LANEA
61 101 762 135 ers i oecciduas mihi Phœbus conditur vndas,
140 135 691 170 Sororque noctei blanda ducit Iucida,
121 167 714 199 Foſſcm tg iaudati contnere ellera Betis:
162 197 626 222 Vbi villus alis mollior bidentibus
63 230 762 262 t tua non nequeam miracula tempere, Menphi,
157 260 654 295 Verum lla maior, iuſtiorque glor a,
1 291 774 332 iu Quodatiis, quod ſum celebrata Brtannia Graiis,
154 323 657 355 Orbem vetuſtas quod vocaut alterum:
88 355 754 391 Non tamen hæc iacto nam ſunt antiqua, ſed inde
91 385 577 417 Attollo criſtas, æc triumpho ſeri;
5 392 67 423 m.
67 417 769 449 Quod mihi rex pulchri pare eſt puleherrima regni,
152 449 628 479 Rex vnicum huius ſeculi miraculum
2 475 58 506 i
72 481 755 518 Inſtructus pas iter Mariiſque, & Palladis armis,
150 513 567 543 Bell peritus, pacis aſt amantrior.
63 543 663 576 Indulgens aliis, ibi nil permittit, habenas
149 576 592 605 Suis relaxans ciuibus ſtringit ſipi.
114 602 726 639 Hoc regnum ille putat. patriæ char ſſimns eſſe,
147 639 629 668 Blandus bonis, ſolis timendus ipiis.
1 669 702 697 mNon Deciis ſua Roma ſuo non Attica Codro,
152 703 587 732 PlIuris fuit fatis redempta mutuis.
66 734 684 763 Num inisac cœlt tanta eſt reuerenria. quanta-
149 766 640 797 Nec erat Metello. nec marito Ageriæ,
1 765 65 792 Hs
64 797 620 830 Nor meilita magis Pylio facndia rtgi,
149 829 651 853 Nec Cæſari ens maio aut ſut limior.
65 861 716 891 Nec ecœnati vel dextra benigniot vnquam;
124 893 624 925 Vel ſagurinis tam magna parſimonia,
63 923 683 956 Creditus Aneas Veneris de ſ mine cretus;
154 955 573 989 Dictus parente Scipio ſatus Ioue.
3 986 762 1033 is Quid ſi priſca meum vidiſſens ſecula regem,
145 1018 579 1049 Hoc ore tam deente sali pectore
1 1046 743 1089 ntNonne lonem humanis ipſum ſuccurrete rebus,
145 1081 643 1111 Noſtr latentem credidiſſnt corpore?
63 1111 745 1146 Atq hic ſemper erit magni mihi numinis intar;
143 1146 636 1178 cus hs Apollo. ſeculi patet aurei
