<PcGts xmlns="http://schema.primaresearch.org/PAGE/gts/pagecontent/2017-07-15" xmlns:xsi="http://www.w3.org/2001/XMLSchema-instance" xsi:schemaLocation="http://schema.primaresearch.org/PAGE/gts/pagecontent/2017-07-15 http://schema.primaresearch.org/PAGE/gts/pagecontent/2017-07-15/pagecontent.xsd"><Metadata><Creator>User123</Creator><Created>2020-04-19T08:48:36</Created><LastChange>2020-04-19T08:48:36</LastChange></Metadata><Page imageFilename="0484.png" imageHeight="1432" imageWidth="976"><TextRegion id="r0" type="paragraph"><Coords points="1,1 974,1 974,1430 1,1430"/><TextLine id="r0_l001"><Coords points="918,1 918,16 974,16 974,1"/><TextEquiv index="1"><Unicode></Unicode></TextEquiv></TextLine><TextLine id="r0_l002"><Coords points="397,21 397,43 459,43 459,21"/><TextEquiv index="1"><Unicode></Unicode></TextEquiv></TextLine><TextLine id="r0_l003"><Coords points="933,18 933,37 974,37 974,18"/><TextEquiv index="1"><Unicode></Unicode></TextEquiv></TextLine><TextLine id="r0_l004"><Coords points="267,122 267,145 556,145 556,122"/><TextEquiv index="1"><Unicode>ISCELLAA</Unicode></TextEquiv></TextLine><TextLine id="r0_l005"><Coords points="721,122 721,148 773,148 773,122"/><TextEquiv index="1"><Unicode>a</Unicode></TextEquiv></TextLine><TextLine id="r0_l006"><Coords points="206,192 241,192 275,194 373,193 373,159 175,158 111,159 50,155 50,194 157,195"/><TextEquiv index="1"><Unicode>igri in limine Tartari.</Unicode></TextEquiv></TextLine><TextLine id="r0_l007"><Coords points="570,194 181,194 134,197 80,197 51,195 51,226 232,227 261,225 397,224 455,225 479,227 570,227"/><TextEquiv index="1"><Unicode>Hleu quid ſimplicibus vati bus inuidum</Unicode></TextEquiv></TextLine><TextLine id="r0_l008"><Coords points="436,227 52,227 52,256 436,256"/><TextEquiv index="1"><Unicode>Numen, quis Genius malus?</Unicode></TextEquiv></TextLine><TextLine id="r0_l009"><Coords points="52,257 52,291 546,291 546,257"/><TextEquiv index="1"><Unicode>Quæ ve infeſta nouem Iuo ſororibus</Unicode></TextEquiv></TextLine><TextLine id="r0_l010"><Coords points="424,317 424,291 131,291 52,293 52,320 341,320"/><TextEquiv index="1"><Unicode>Sic noſtrum caput impetit?</Unicode></TextEquiv></TextLine><TextLine id="r0_l011"><Coords points="447,351 447,320 342,320 311,322 167,324 51,322 51,353 231,353"/><TextEquiv index="1"><Unicode>O fatis genite puoſperiotibus</Unicode></TextEquiv></TextLine><TextLine id="r0_l012"><Coords points="410,382 410,355 51,355 51,385 203,385"/><TextEquiv index="1"><Unicode>Bis Gaguine meum ecus.</Unicode></TextEquiv></TextLine><TextLine id="r0_l013"><Coords points="575,382 432,382 280,385 51,387 51,416 298,416 347,414 409,414 412,416 575,416"/><TextEquiv index="1"><Unicode>Hunc ſi tu minimè temnis amiculum</Unicode></TextEquiv></TextLine><TextLine id="r0_l014"><Coords points="385,446 385,416 299,416 241,418 51,417 51,448 282,448"/><TextEquiv index="1"><Unicode>Non totus fuero miſer.</Unicode></TextEquiv></TextLine><TextLine id="r0_l015"><Coords points="550,445 406,445 368,448 283,448 207,450 60,449 51,450 51,480 550,480"/><TextEquiv index="1"><Unicode>Nec cedent grauibus pectora caſibur.</Unicode></TextEquiv></TextLine><TextLine id="r0_l016"><Coords points="255,507 255,539 584,539 584,507"/><TextEquiv index="1"><Unicode>Ax vago dicta Hammenſis.</Unicode></TextEquiv></TextLine><TextLine id="r0_l017"><Coords points="254,604 422,603 546,600 569,598 638,598 647,603 715,602 715,566 423,566 374,568 195,569 166,571 100,570 52,567 52,606 172,606"/><TextEquiv index="1"><Unicode>e qua ſim nen magna, eue contempſeri hoſt</Unicode></TextEquiv></TextLine><TextLine id="r0_l018"><Coords points="915,579 915,600 952,600 952,579"/><TextEquiv index="1"><Unicode>H.</Unicode></TextEquiv></TextLine><TextLine id="r0_l019"><Coords points="598,630 598,600 547,600 369,605 173,606 51,610 51,634 53,635 379,635"/><TextEquiv index="1"><Unicode>Arx Tarpeia emi non mage tuta fuait.</Unicode></TextEquiv></TextLine><TextLine id="r0_l020"><Coords points="886,609 886,632 928,632 928,609"/><TextEquiv index="1"><Unicode></Unicode></TextEquiv></TextLine><TextLine id="r0_l021"><Coords points="116,676 169,675 178,670 288,667 321,667 330,672 364,672 413,670 552,669 598,666 761,665 769,666 776,670 782,670 782,629 633,629 625,631 524,632 458,635 347,635 175,639 96,639 67,638 56,637 52,635 52,681 112,681"/><TextEquiv index="1"><Unicode>Quàm bene defenſat primum hic, qui ſuſtinet ag-</Unicode></TextEquiv></TextLine><TextLine id="r0_l022"><Coords points="224,676 224,700 306,700 306,676"/><TextEquiv index="1"><Unicode>ger.</Unicode></TextEquiv></TextLine><TextLine id="r0_l023"><Coords points="480,725 585,725 610,723 669,723 669,694 329,694 323,698 313,700 283,700 198,704 183,704 173,700 169,696 137,694 58,694 52,701 52,721 60,727 70,729 300,730"/><TextEquiv index="1"><Unicode>Tum quæ me cingit non inamœna palus.</Unicode></TextEquiv></TextLine><TextLine id="r0_l024"><Coords points="86,765 135,765 226,762 297,762 375,759 604,755 711,755 719,759 784,759 784,717 694,718 688,722 680,724 610,724 585,726 480,726 157,734 102,733 87,730 70,730 60,728 51,722 51,768 57,768"/><TextEquiv index="1"><Unicode>ta quidem omigenos mih commoda ſeruit in vſus,</Unicode></TextEquiv></TextLine><TextLine id="r0_l025"><Coords points="911,728 911,752 944,752 944,728"/><TextEquiv index="1"><Unicode></Unicode></TextEquiv></TextLine><TextLine id="r0_l026"><Coords points="460,789 661,787 661,757 538,757 432,760 375,760 297,763 226,763 135,766 86,766 52,769 52,795 216,795"/><TextEquiv index="1"><Unicode>At ſubito infuſis, quum volo ſtagnt, aquis.</Unicode></TextEquiv></TextLine><TextLine id="r0_l027"><Coords points="276,825 353,825 367,823 580,820 616,820 624,824 649,824 649,790 460,790 172,797 52,796 52,827 213,827"/><TextEquiv index="1"><Unicode>Iam vero, t ceſſet, vigilm cuſtodia pernox,</Unicode></TextEquiv></TextLine><TextLine id="r0_l028"><Coords points="566,852 566,822 367,824 353,826 276,826 213,828 169,827 136,829 52,828 52,854 469,854"/><TextEquiv index="1"><Unicode>Stertat t aerea Lynceus in ſpecula:</Unicode></TextEquiv></TextLine><TextLine id="r0_l029"><Coords points="64,896 73,891 186,891 246,888 331,888 488,884 606,883 606,852 236,858 176,861 52,860 52,897 55,897"/><TextEquiv index="1"><Unicode>Attamen excubias Grus officioſa diurnas</Unicode></TextEquiv></TextLine><TextLine id="r0_l030"><Coords points="395,918 464,915 574,915 576,914 576,885 488,885 398,888 246,889 186,892 73,892 64,897 53,898 54,919 286,919"/><TextEquiv index="1"><Unicode>Intusmocte foris peruigil Aner agit.</Unicode></TextEquiv></TextLine><TextLine id="r0_l031"><Coords points="368,948 438,948 486,946 633,946 640,950 755,949 755,912 617,912 610,914 574,916 464,916 395,919 287,919 161,923 61,922 53,919 53,952 257,952"/><TextEquiv index="1"><Unicode>Grus neque docta, necadmonita, ſpecilantiad æ</Unicode></TextEquiv></TextLine><TextLine id="r0_l032"><Coords points="582,977 582,947 368,949 299,952 191,954 53,953 53,982 239,983"/><TextEquiv index="1"><Unicode>Reſponſans aeri cdangit in aſtra tuba.</Unicode></TextEquiv></TextLine><TextLine id="r0_l033"><Coords points="378,1011 493,1010 599,1010 608,1011 615,1015 615,977 423,980 378,982 240,983 150,986 53,983 53,1016 199,1016"/><TextEquiv index="1"><Unicode>Et procul inſidiasian præſentire videtur</Unicode></TextEquiv></TextLine><TextLine id="r0_l034"><Coords points="79,1048 174,1048 326,1044 556,1042 557,1011 378,1012 199,1017 53,1017 53,1050 65,1050"/><TextEquiv index="1"><Unicode>Fida ſono vigili prodit &amp; arcer auis.</Unicode></TextEquiv></TextLine><TextLine id="r0_l035"><Coords points="227,1077 308,1077 383,1074 529,1074 641,1071 681,1072 689,1077 718,1078 718,1040 607,1040 601,1042 556,1043 326,1045 249,1048 79,1049 53,1051 53,1079 199,1079"/><TextEquiv index="1"><Unicode>Anſer idem non doctus obit ſua munia quum fas,</Unicode></TextEquiv></TextLine><TextLine id="r0_l036"><Coords points="281,1108 343,1108 395,1106 485,1106 528,1103 630,1105 630,1073 567,1073 529,1075 383,1075 308,1078 280,1077 227,1078 199,1080 53,1080 53,1110 249,1110"/><TextEquiv index="1"><Unicode>Pabulat, &amp; nota ad ſymbola ruarſus adeſt.</Unicode></TextEquiv></TextLine><TextLine id="r0_l037"><Coords points="521,1136 607,1136 607,1106 395,1107 177,1112 78,1111 78,1138 476,1138"/><TextEquiv index="1"><Unicode>At vbi vicino ſe condidit æquore Titan,</Unicode></TextEquiv></TextLine><TextLine id="r0_l038"><Coords points="614,1137 521,1137 443,1140 341,1140 245,1143 108,1143 108,1167 614,1167"/><TextEquiv index="1"><Unicode>Milite dum denſo mœnia noſtra ſubit,</Unicode></TextEquiv></TextLine><TextLine id="r0_l039"><Coords points="706,1167 662,1167 657,1169 605,1170 343,1172 231,1176 80,1175 80,1206 281,1206 341,1203 543,1201 623,1201 631,1202 638,1206 706,1206"/><TextEquiv index="1"><Unicode>Partiturque, aliqnis mira arte locoſque, viceſque,</Unicode></TextEquiv></TextLine><TextLine id="r0_l040"><Coords points="581,1234 581,1203 341,1204 312,1206 220,1208 114,1207 114,1236 411,1236"/><TextEquiv index="1"><Unicode>Quive ætate prior ſorteve lectus erit</Unicode></TextEquiv></TextLine><TextLine id="r0_l041"><Coords points="687,1233 625,1233 598,1235 533,1236 267,1238 193,1241 88,1240 88,1263 687,1263"/><TextEquiv index="1"><Unicode>Nec cedunt ſtation ſua, dum rurſus ab vndis</Unicode></TextEquiv></TextLine><TextLine id="r0_l042"><Coords points="688,1264 688,1291 785,1291 785,1264"/><TextEquiv index="1"><Unicode>Emicet</Unicode></TextEquiv></TextLine></TextRegion></Page></PcGts>