976 1432
248 93 549 119 MISCELLANEA
688 102 779 126 269
53 125 499 167 Quas terreo contraxit è contagio
1 167 528 195 II: Iam pura purum adire poſſit æthera.
53 195 487 229 Has flagitato ſubleua precamine,
53 227 563 257 Memor, vices te mox manere mutuas.
5 258 502 293 Pendentis alto victimæ de ſtipite
51 291 599 322 Mors obſecranda eſt, obſecranda vulnera.
52 323 540 354 Hoc fonte. ſi quod efficax piaculum,
52 354 584 386 Viuiſque manat, manat hinc & mortuit.
52 384 585 419 Si posrto properas. tum precatus verbulo
51 417 686 450 Lucem & quietem perge curſum te quoque
51 450 575 489 Para ſepuchro, mox ſecuturus. Vale.
220 514 607 548 Eiuſdem querela de filio ſupeſtite.
51 568 728 610 Dictum erat ad ſaeras mihi nomen Odilia lymphas:
52 609 576 642 dque mei ſolum, iam ſupereſſe vides.
51 640 679 672 Cætera mors rapuit. cineres atque arida tautum
51 672 608 703 Terra parens gremio conſoues oſſa ſuo.
52 703 699 746 Quid tibi te dgnum niſi te Mors sæua precemur,
52 734 682 765 cndere cui cordi eſt, quæ bene iunxit amor?
53 764 773 801 Iam nihil eſt chatan à membri d ſcerpere vitam;
54 798 611 833 Quiddamttiam duli dulcius eſt anma.
54 829 625 864 Tu potes à gnato dilect m auel ere matrem
55 863 640 894 Impia:vel centum rumpere vincla potes.
52 892 664 958 a
1 917 35 946 is
53 956 640 991 Quos mores placiti & dulcis concordia vita
49 988 633 1019 Tam hene, tam multis nexibu vnierant:
53 1019 686 1057 Hos tu vt diſtcaheres. tollis ſine pignore matrem
54 1050 630 1084 Aque ita pars melior otba relicta mei eſt
53 1079 744 1116 Sed bene quod mors noſtra ſcidit, tua Chriſte reſarcit
51 1114 633 1156 Plusque boni rcddt, quam dedit iſta mali.
714 1215 771 1238 RE-
