976 1432
300 65 618 95 Mi s CELLANEA
779 75 828 100 27
292 112 633 144 Quintum Magdalenæa ſarum.
3 152 632 192 Sum Magdalenæ iunirimpium fulmen,
54 186 620 219 Meliora quando cuncta dat pius præſul.
280 233 631 266 Sextum omnibus ſanct is ſacrum.
8 273 671 316 ,Exilis mihi vox ſed quæ ferit eminus aures,
145 310 690 337 Dat mihi cœlicolum nomina tota cohors.
423 359 512 381 Aliter.
55 387 740 432 Non mihi Dodones, non æra prophana Corinthi
147 432 649 468 Certent, nam cunctis tinnio cœlitibus.
261 495 661 529 I aulicu quendam clero inſeſtum.
113 531 632 572 Vrſalus ecce Midas, ſed Lydo ſtultior illo,
145 570 613 604 Se properat quouis nobilitare modo.
110 599 666 635 Ec furit in clerum, capit hine exordia fam æ,
136 633 636 667 Eq; Mſida ſubito vertitur in Phalarim.
115 662 757 697 Sic quondam exuſto, peperit ſibi nomina, templo,
1 671 62 716 s
147 695 696 729 Credo, autor generis Græculus ille mali.
114 725 725 753 Tam ſtolidam mentem nullis aboleueris vndis:
147 761 619 799 At rabiem ſolus tollere mucro queat.
397 809 524 832 In eundem.
115 849 757 884 Tam ſtolidum credo, nee te, Mida, pectus habebat,
147 886 662 920 Malce nec in clerum tam violentus eras,
115 916 725 953 Quam quidam, non eſt ſententia dicere nomen.
152 947 625 980 Nam famam affectat qualibet ille via.
117 976 724 1011 Huic vtinam aut aliquis aſininas addat Apollo,
148 1011 677 1040 Aut ambas Petrus detat auriculas
117 1041 681 1074 Aut certe crepet ipſe magis, faciatq; paterni
152 1074 670 1111 Quod cognomenti ſyllaba prima monet.
404 1139 533 1161 In eundem
1 1181 743 1238 Bacchanti in clerum tibidixerat, Vrſale, quidam,
795 1216 826 1239 Et
228 1217 416 1247 Tomus ſecundus
