976 1432
274 111 597 136 r 0ANEA.
767 120 814 144 7
101 147 672 184 ptor enims niuei latitat ſub imagine tauri
136 180 682 216 Improbus, ac prædam per freta longa vehet.
103 213 671 241 Vt Cretam attigerit. mox taurus deſinet eſſa
136 243 562 279 Iuppiter, & virgo non erit iſta diu.
1 247 61 269 is
60 276 702 312 Quid non cœcus amor mortalia pectora cogat,
135 307 700 341 Si taurum æthereum non piget efſe Iouem?
59 339 698 375 Aut quæ formoſis ſatis eſt cautela puellis,
67 370 638 401 Hi quoq; ſtuprator ſi metuendus erat?
204 416 698 451 In fronte libeli, misi Epiſcopo Atrebatens
6 414 61 441 i
95 455 623 487 Auibus ſecundis vade charteum munus,
97 488 584 519 Exile quanquam te breuis dicat vates.
100 520 557 550 Liceat modo placere Præſuli docto,
96 550 556 584 Precio lapillos viceris & Eryihreos.
220 599 687 635 In fronte libelli de Imparatoria maieſtate.
92 640 691 674 Chriſtianum orbem tuenti qui fauetis Cæſari,
94 673 649 706 Huic fauebitis libello, qui tuetur Cæſarem.
290 718 654 753 In fronte Odarum uilielmi.
94 758 523 790 Huc ſiquidem pia, ſi pudica Muſa
95 791 525 823 Delectat, nihi hi vel inquinatum,
88 823 655 857 Vel quod melle nocens tegat venenum.
88 854 570 881 Chriſtum tota ſonat chelis Guilelmi.
275 897 608 929 In fronte libelli Buslidio mii.
59 928 669 972 Non ego uslidiæ decus adfero bibliothecæ:
58 973 651 1010 Seddecus apponit bibliotheca mihi.
342 1017 544 1045 In fronte alterius
2 1050 711 1127 ee
228 1137 644 1169 In cœcum Tragœdiarum caſtigatorem.
57 1170 631 1214 Cur adeo lector cebris offendere mendis?
57 1214 553 1248 Qui caſtigauit, lumine eaptus erat.
907 1229 972 1271 I
576 1252 789 1277 S Sus
