976 1432
310 84 619 111 MISCELLANEA.
765 94 810 115 29
104 119 559 151 Vt ſacra verba muſſitant ſacerdotes,
106 152 653 184 Ne mihi ſuauem ſtrepitus auferat ſomnum,
104 183 540 214 Repetatq; vigiles ilico ſitis fauces.
105 213 635 245 Nam ſcurrula hocce ſterto conditus ſaxo,
105 245 714 281 Quondam ille magni magni clarus Euii myſtes,
105 276 549 307 Vqui bis octo luſtra petbibi tota,
82 308 652 341 Oculis profundus, deinde ſomnus obrepſit,
102 340 686 370 Vt ir benigno membra cum madent Baccho.
102 371 579 402 Atq; ita peractis ſuauiter bonis annis
104 403 521 433 Idem bibendi finmis atq vinendi
103 434 624 465 Fuit ſed etiam me aliquis ebrium credat,
103 466 614 497 Aut ſomniare, qui iſta dormiens dicam.
106 498 526 526 Vale viator, iam ſilenter abſcede.
236 555 577 583 Encomium Seleſtadti.
58 603 679 641 Nobile Sleſtadium tua quis pomeria primu
139 642 658 673 Signans. tam dextris condidit auſpiciis?
108 673 687 705 Vnde tibi Genius tam felix, ramq; benignus?
136 705 572 734 Sidera naſcenti quæ micuere tibi?
106 736 703 768 Cum videaris enim, neq; muro inſigne capaci,
135 768 646 798 PIebe nec innumera diuitiiſque ſcarens:
106 800 715 829 Vrbibus in cunctis tamen hauad felicior vlla eſs,
138 831 635 863 Quotquot Cæſarea ſub ditione vigent.
106 864 751 895 NHon ego iam memoro quod fertilis vndiq; campus
141 895 668 926 Adiacet, & ſegetem proſperat alma Ceres.
104 926 732 958 Quodq; hinc vitiferos monteis, hinc ditia Rheni
136 958 684 990 Flumina proſpectas grata quod aura fouet.
104 989 765 1015 Commoda bella, ſed hæc tecum communia multis:
138 1021 641 1052 Dotibus hiſee ſimul vinceris, & ſuperas.
105 1052 735 1083 Ila tibi propria eſt, quod & vna & parua, tot edis
139 1084 574 1115 Virtute inſigneis ingenioq; viros.
107 1117 797 1152 Fot pariter gemmas, tot lumina fundis in orbem,
138 1148 716 1181 Quot multis aliis vix genuiſſe datum eſt.
106 1180 706 1215 Doctrinæ proceres tot habes, quot proditor ille
589 1235 656 1267 S
769 1245 815 1282 v
