<PcGts xmlns="http://schema.primaresearch.org/PAGE/gts/pagecontent/2017-07-15" xmlns:xsi="http://www.w3.org/2001/XMLSchema-instance" xsi:schemaLocation="http://schema.primaresearch.org/PAGE/gts/pagecontent/2017-07-15 http://schema.primaresearch.org/PAGE/gts/pagecontent/2017-07-15/pagecontent.xsd"><Metadata><Creator>User123</Creator><Created>2020-04-19T08:48:35</Created><LastChange>2020-04-19T08:48:35</LastChange></Metadata><Page imageFilename="0498.png" imageHeight="1432" imageWidth="976"><TextRegion id="r0" type="paragraph"><Coords points="1,1 974,1 974,1430 1,1430"/><TextLine id="r0_l001"><Coords points="914,1 914,19 958,19 958,1"/><TextEquiv index="1"><Unicode>-</Unicode></TextEquiv></TextLine><TextLine id="r0_l002"><Coords points="8,73 8,121 65,121 65,73"/><TextEquiv index="1"><Unicode></Unicode></TextEquiv></TextLine><TextLine id="r0_l003"><Coords points="304,87 304,111 606,111 606,87"/><TextEquiv index="1"><Unicode>MISCELLANEA.</Unicode></TextEquiv></TextLine><TextLine id="r0_l004"><Coords points="738,91 738,113 798,113 798,91"/><TextEquiv index="1"><Unicode>a3</Unicode></TextEquiv></TextLine><TextLine id="r0_l005"><Coords points="692,126 79,126 79,155 86,156 135,158 692,159"/><TextEquiv index="1"><Unicode>eſunt maiores, quam quas agnoſcere poſſim,</Unicode></TextEquiv></TextLine><TextLine id="r0_l006"><Coords points="676,161 430,159 81,159 81,187 676,187"/><TextEquiv index="1"><Unicode>Ni prorſus frons nullaforet: ſic rurſus eædem</Unicode></TextEquiv></TextLine><TextLine id="r0_l007"><Coords points="82,190 82,221 612,221 612,190"/><TextEquiv index="1"><Unicode>Sunt adeo doctæ, talique è pectore natæ,</Unicode></TextEquiv></TextLine><TextLine id="r0_l008"><Coords points="100,221 100,252 664,252 664,221"/><TextEquiv index="1"><Unicode>Vt minime libeat, quas das reſcribere: veras</Unicode></TextEquiv></TextLine><TextLine id="r0_l009"><Coords points="84,252 84,285 769,285 769,252"/><TextEquiv index="1"><Unicode>Eſſe perinde optans, quam ſunt lepidæ atq; venuftæ.</Unicode></TextEquiv></TextLine><TextLine id="r0_l010"><Coords points="668,286 99,285 99,316 668,316"/><TextEquiv index="1"><Unicode>His ego non ſane placeo mihi. Tu mihi Vates</Unicode></TextEquiv></TextLine><TextLine id="r0_l011"><Coords points="753,316 81,317 81,348 302,348 360,346 753,348"/><TextEquiv index="1"><Unicode>Lauro digne places. nam dumme reddere magnum</Unicode></TextEquiv></TextLine><TextLine id="r0_l012"><Coords points="664,349 303,348 98,350 98,377 115,378 664,378"/><TextEquiv index="1"><Unicode>Carmine magnifico docte conniteris; ipſum</Unicode></TextEquiv></TextLine><TextLine id="r0_l013"><Coords points="687,379 345,378 299,380 144,380 104,378 104,408 687,408"/><TextEquiv index="1"><Unicode>Te vere oſtendis magnum, ereq; ſtupendum.</Unicode></TextEquiv></TextLine><TextLine id="r0_l014"><Coords points="397,440 614,441 614,410 422,409 305,412 156,412 129,410 98,410 98,442 349,442"/><TextEquiv index="1"><Unicode>Vt qui viribus ingenii poſſis elephantum</Unicode></TextEquiv></TextLine><TextLine id="r0_l015"><Coords points="637,442 350,442 307,444 96,443 96,472 637,472"/><TextEquiv index="1"><Unicode>Reddere de muſca,nihiliq, attollere tricas.</Unicode></TextEquiv></TextLine><TextLine id="r0_l016"><Coords points="504,503 744,504 744,473 461,473 369,475 261,475 204,477 100,475 100,506 347,506"/><TextEquiv index="1"><Unicode>Sed quo iudicium minus approbo, maxime Vates,</Unicode></TextEquiv></TextLine><TextLine id="r0_l017"><Coords points="693,504 504,504 281,508 125,508 82,506 80,510 75,510 72,502 68,498 59,496 45,497 38,504 38,538 693,538"/><TextEquiv index="1"><Unicode>Hoc mage lætor amore tuo candoreq; mentis.</Unicode></TextEquiv></TextLine><TextLine id="r0_l018"><Coords points="738,594 738,562 160,562 143,564 143,597 331,597 356,595 476,594 569,594 580,597 704,597"/><TextEquiv index="1"><Unicode>Ad ndream Ammonium Lucenſem, Regis Agîo-</Unicode></TextEquiv></TextLine><TextLine id="r0_l019"><Coords points="527,595 362,596 362,627 527,627"/><TextEquiv index="1"><Unicode>um a libell.</Unicode></TextEquiv></TextLine><TextLine id="r0_l020"><Coords points="1,623 1,648 59,648 59,623"/><TextEquiv index="1"><Unicode></Unicode></TextEquiv></TextLine><TextLine id="r0_l021"><Coords points="1,655 1,689 61,689 61,655"/><TextEquiv index="1"><Unicode></Unicode></TextEquiv></TextLine><TextLine id="r0_l022"><Coords points="236,694 406,693 514,690 619,691 619,659 91,659 85,664 83,669 82,697 185,697"/><TextEquiv index="1"><Unicode>Quicunq; dotes reputet, Ammoni, tuas,</Unicode></TextEquiv></TextLine><TextLine id="r0_l023"><Coords points="317,724 582,722 582,693 407,693 236,695 185,698 134,698 129,701 102,701 102,726 252,726"/><TextEquiv index="1"><Unicode>Oculiſq; totum luſtret admotis prope</Unicode></TextEquiv></TextLine><TextLine id="r0_l024"><Coords points="65,690 1,689 1,719 48,719 55,722 65,722"/><TextEquiv index="1"><Unicode>u</Unicode></TextEquiv></TextLine><TextLine id="r0_l025"><Coords points="59,723 55,723 48,720 1,720 1,757 59,758"/><TextEquiv index="1"><Unicode>i</Unicode></TextEquiv></TextLine><TextLine id="r0_l026"><Coords points="469,754 566,754 566,724 317,725 253,726 205,729 83,729 83,756 413,756"/><TextEquiv index="1"><Unicode>Oris decus, proceritate heroicam,</Unicode></TextEquiv></TextLine><TextLine id="r0_l027"><Coords points="518,786 518,756 285,757 214,760 100,760 100,789 277,789"/><TextEquiv index="1"><Unicode>Vultuq; toto &amp; vniuerſo corpore</Unicode></TextEquiv></TextLine><TextLine id="r0_l028"><Coords points="1,766 1,790 37,790 37,766"/><TextEquiv index="1"><Unicode></Unicode></TextEquiv></TextLine><TextLine id="r0_l029"><Coords points="492,818 573,818 573,787 467,787 426,789 278,789 162,793 83,791 83,820 455,820"/><TextEquiv index="1"><Unicode>Bene temperatam dignitate gratiam,</Unicode></TextEquiv></TextLine><TextLine id="r0_l030"><Coords points="535,849 625,849 625,819 492,819 388,822 287,821 190,824 99,823 99,853 405,853"/><TextEquiv index="1"><Unicode>Nitentium blandum vigorem luminum,</Unicode></TextEquiv></TextLine><TextLine id="r0_l031"><Coords points="443,884 522,881 604,881 604,851 492,851 405,854 276,853 170,856 84,856 84,886 239,886"/><TextEquiv index="1"><Unicode>Linguæq plectrum tam ſuaue tinniens,</Unicode></TextEquiv></TextLine><TextLine id="r0_l032"><Coords points="668,881 522,882 384,886 240,886 192,888 101,888 101,911 668,911"/><TextEquiv index="1"><Unicode>Mores dehinc hioras ad omneis commodos,</Unicode></TextEquiv></TextLine><TextLine id="r0_l033"><Coords points="101,913 101,944 592,944 592,913"/><TextEquiv index="1"><Unicode>Facileis, amicos, melle melleos magis.</Unicode></TextEquiv></TextLine><TextLine id="r0_l034"><Coords points="240,980 356,980 394,978 560,976 560,946 460,946 376,949 102,951 102,981 204,982"/><TextEquiv index="1"><Unicode>Veneres, epores gratias,riſus, iocos,</Unicode></TextEquiv></TextLine><TextLine id="r0_l035"><Coords points="681,978 459,978 356,981 240,981 204,983 83,982 83,1011 439,1011 564,1007 637,1007 664,1008 670,1011 681,1011"/><TextEquiv index="1"><Unicode>Mitem indolem, mentiſq; candorem nouum,</Unicode></TextEquiv></TextLine><TextLine id="r0_l036"><Coords points="279,1043 613,1040 613,1009 513,1009 439,1012 250,1013 157,1016 83,1015 83,1045 224,1045"/><TextEquiv index="1"><Unicode>Mireq; mixtam ſimplicem prudentiam.</Unicode></TextEquiv></TextLine><TextLine id="r0_l037"><Coords points="417,1073 516,1073 560,1071 606,1071 606,1041 279,1044 159,1048 86,1047 86,1075 375,1075"/><TextEquiv index="1"><Unicode>His pectus adde ſordido auerſum lucro,</Unicode></TextEquiv></TextLine><TextLine id="r0_l038"><Coords points="389,1105 531,1105 609,1102 638,1103 638,1072 417,1074 375,1076 267,1076 165,1079 83,1078 83,1108 264,1108"/><TextEquiv index="1"><Unicode>Dextramq; quam pro ſorte largiuſculam.</Unicode></TextEquiv></TextLine><TextLine id="r0_l039"><Coords points="395,1137 580,1135 587,1134 587,1104 531,1106 389,1106 265,1108 224,1110 102,1111 102,1139 338,1139"/><TextEquiv index="1"><Unicode>Iam quam benigni vena diues ingeni?</Unicode></TextEquiv></TextLine><TextLine id="r0_l040"><Coords points="251,1171 387,1169 567,1168 567,1138 395,1138 338,1140 248,1140 181,1143 102,1143 102,1173 218,1173"/><TextEquiv index="1"><Unicode>Quot animus vnus expolitus literis?</Unicode></TextEquiv></TextLine><TextLine id="r0_l041"><Coords points="579,1200 579,1169 251,1172 218,1174 164,1174 128,1176 122,1178 89,1179 89,1202 460,1202"/><TextEquiv index="1"><Unicode>Ac rurſus his par addita eſt facundia.</Unicode></TextEquiv></TextLine><TextLine id="r0_l042"><Coords points="3,1163 3,1208 57,1208 57,1163"/><TextEquiv index="1"><Unicode></Unicode></TextEquiv></TextLine><TextLine id="r0_l043"><Coords points="561,1233 576,1232 660,1232 660,1201 546,1201 296,1205 261,1204 173,1207 81,1205 81,1235 557,1235"/><TextEquiv index="1"><Unicode>Demum vniuerſa hæc rara condit comitas,</Unicode></TextEquiv></TextLine><TextLine id="r0_l044"><Coords points="780,1235 780,1257 812,1257 812,1235"/><TextEquiv index="1"><Unicode>Et</Unicode></TextEquiv></TextLine><TextLine id="r0_l045"><Coords points="597,1236 597,1263 672,1263 672,1236"/><TextEquiv index="1"><Unicode>S</Unicode></TextEquiv></TextLine><TextLine id="r0_l046"><Coords points="56,1245 47,1245 37,1242 1,1242 1,1284 56,1284"/><TextEquiv index="1"><Unicode></Unicode></TextEquiv></TextLine><TextLine id="r0_l047"><Coords points="1,1389 1,1424 53,1424 53,1389"/><TextEquiv index="1"><Unicode></Unicode></TextEquiv></TextLine></TextRegion></Page></PcGts>