976 1432
296 74 599 97 MISCELLANEA.
765 77 809 99 E
99 114 620 145 Ludum cruenti quando noueras Martis?
98 146 612 177 Animos ferocis quando noueras Angli?
100 178 664 208 Quid quæſo in aciem, ri ide Galle, prodiſti.
98 208 601 240 Ferro minaci ſplendidas agens turmas ?
98 240 537 263 An ideo tantum veneras, vti fœdè
60 271 584 301 Fugiens ſequenti terga verterer hoſti?
96 301 630 333 Ac ſi pedum certamen eſſet haud dextræ.
98 333 610 362 Cato fœminas videre non poteſt, Gallus
61 365 603 395 Viros. ato mutare poteſt non vultum.
97 396 597 430 Gallus nequit mutare pectus ignauum.
293 438 611 463 In Iouem, Ann. M.D.
95 469 573 503 Menſes cum prope Iuppiter per octo
96 499 521 530 Vota ſurdus ad omnium pluiſſet,
93 528 596 567 Agros iam male perdidiſſet omntia,
96 564 473 597 Vexafſet ſegeteſq;, vineaſque,
95 595 512 627 Tandem deſierat, pudore credo,
76 627 488 655 Et tandem licuit videre ſolem,
95 656 553 694 Quem migraſſe polo, timebat orbis,
93 690 554 723 ternam ratus imminere noctem.
93 721 523 755 Vix dum ſeſquidiem itere paſus
93 753 474 785 Obducit nebuliſq; nubibuſq;
92 784 606 819 Fotum qua patet vndequaq; mundum;
92 817 506 847 Ac rurſum ſimilis ſui eſſe pergit.
92 850 540 881 Itoc ſi moderere pacto Olympum,
93 880 595 914 Nec quicquam es niſi nubium coactor,
93 912 585 947 Quis no officium probet Gigantum?
92 945 506 979 Et cognomina conſueta vertens,
92 975 574 1007 eſſimum vocet, infimumq; Diuum?
240 1017 652 1053 Epitaphium Philippi Cnabitæ Clu-
398 1052 499 1081 niacenſis.
201 1082 534 1116 Iſti ur lubet afipere ſaxo,
201 1114 634 1140 Cum toto Pietas choro ſororum
201 1148 599 1173 Hic noſter ia cet nicus cateruæ
167 1178 649 1215 index, ille Philippus, ille dudum
709 1214 804 1238 Cœtus
