976 1432
260 75 583 102 EAMMATA
778 79 824 104 285
108 119 765 154 uid nunc collaudem ſummum pietatis amorem,
108 152 686 183 Et menter cœlo dignam, quo iam illa ſoluta
109 183 672 216 Corporis inuolucris fruitur ſine fine brata
106 214 717 248 Quod ſupereſt : te compello, ſtudiosa iuuenrus,
105 246 717 278 Tandem pone modum lacrimis, uſtoq; dolori:
105 278 691 309 Vocis adempta tibi eſt aſianæ copia Verum
106 309 681 342 Exſtant ingenii monumenta perennia, quæ ſi
108 340 692 371 Aſſidue manibuſq; teras oculiſq; frequentes;
104 371 738 407 Spirat in his loquiturq; viri pars optima ſemper.
59 465 818 506 AL C EVPH RNI
247 518 745 549 AMSTELRODAMENSIS
412 581 506 603 Amor
2 612 32 631 u
110 639 656 675 Eſdurum nullis faculis ardeſcere amoris,
1 667 52 696 u
142 672 648 705 Et durum eſtV eneris corda calere face.
109 703 656 740 Verum præ reliquis longè duriſſima res eſt;
6 707 61 745 it
143 734 678 771 Nec mage quid iuueni triſtius eſſe poteſt:
109 765 775 807 Quam pulcram ſemper conſtanter amare puellam;
143 800 590 834 Nec tamen optati gaudia ferre tori
1 811 64 837 i
112 828 770 869 Dum nimium faciles perſtringunt pectora flammæ
1 842 61 872 o
144 863 676 900 Pro libitu & iuueni cuncta ſerena fluunt,
58 895 654 932 Turgeſcens faſtu nimio iaſtidit Amatam:
1 927 552 966 Pectora tunc illi frigidiora niue.
58 959 685 1009 At ſi dura nimis virgo contemnit amantem;
143 992 643 1028 Et ſurda cunctas combibit aure preces,
57 1022 709 1068 Longa nimis rutilas depellunt tædia flammas;
144 1056 602 1091 Et ſæpe excuſus tergora vertit amor.
3 1069 802 1135 Tu, mea lux, verum inter vtrumq; manere memento:
104 1119 669 1152 Nec mihi ſis facilis nec mihi dura nimis.
56 1148 593 1188 Cara, Ifabella, tuo da talia baſia vati,
3 1184 685 1245 i Quæ nec rapta tibi, nec data ſponte mihi.
895 1249 973 1273 I
750 1231 824 1253 Ams
