976 1432
437 80 693 97 e
180 81 798 116 POdAIE MAre ir020. s
27 125 667 165 Et mundo quæ iura dedi; repete omnia ſecla,
84 161 664 192 Annale ſque euolue Deûm, quo uppiter æuo
83 192 639 224 Diſcordem textum, ſuperi ſpatia auia cœli,
83 224 665 257 Et maſſam terræ informem digeſſit & æquor
85 256 615 287 Conficiens vndis vndas, cœloque refluxu
83 287 620 321 Telluriq; minax, per me, diſcordia rerum
84 320 605 347 Semina, concordi coierunt lite reuincta.
80 350 790 384 Nam primum æternis ſuſpenſam hanc adſpice clauſtris
73 381 728 417 Congeriem, variatam oculis rutilantibus æthram:
82 413 636 444 Sunt hic diuerſis fulgentia ſigna txaniplis,
74 445 695 481 Sideraque aduerſum contra nitentia mundum.
75 476 626 514 Hic furor Arcturi turbans hic ſæua Leonis
4 479 33 508 u
76 509 705 544 Ira tremit, plauſtro crebra hic intermicat Arctos
84 540 594 577 Inignata tegi, clarus fulgentibus armis
78 571 609 602 Hic ruit Orion cetrâ metuendus & enſe.
85 602 659 640 Sed quicquid mortale Dei. Titaniaq; aſtra
6 615 39 640 .
81 635 665 671 Deſuper adſpiciunt, deuictâin corpore formâ
1 650 56 681 u
82 666 607 699 Materies aliam in faciem mutata reducit
85 698 599 730 Occaſu arcſſensortus; ieu rebus inane
83 728 652 762 Diffuſum eſt cunctis, omnes excedere metas
1 753 48 780 a
85 760 699 799 Quod perhibent infinitum quo corpora paſſim
2 780 58 812 S
86 793 684 825 Parua natent, non in partes findenda minores;
87 825 620 859 Seu terra limphaq; creator & aëre & igne
78 857 665 892 Omnia compoſuit Deus, & compoſta ligauit,
1 879 61 909 e
82 888 683 921 Diſſocians tamen ipſa locis: nam ſi vaga motu
85 918 697 959 Corpora præcipitent atomm, concurrere ſæpe
77 950 646 984 Nexibus inter ſe validis lædique neceſſe eſt,
85 983 663 1019 Cunctarum qub naſcantur primordia rerum
4 1011 57 1039 is
87 1016 602 1050 Concilijs: ſed ſi puris conſiſtere verum
84 1045 698 1084 Principijs qnatuor naturæ opera atque labores;
87 1079 688 1117 Ecce quatergeminis affectibus omnia pugnant
1 1112 55 1135 e
90 1110 649 1144 Semina & inter ſe genitalia prælia miſcent.
86 1143 684 1174 Per me bella mouent venti, nubeſque rotantes
55 1175 732 1209 Concutiunt, rapidaſque trabes. inimicaq; iactant
54 1208 701 1241 Fulmina, & humanas motura tonitrua mentes,
736 1243 794 1266 Non
153 1243 347 1268 Tomus Secundus.
