976 1432
195 89 814 120 po A A 0 L. 29
99 134 695 170 Commoda ſeruitij tanto in diſcrimine, ſenſit.
99 170 729 202 Auſus ego agui pcdum vires, immaniaque arma
99 200 717 232 Tentare, & vaſtum primus procurrere in agmen
99 232 679 264 Odryſijs inuectus equis; dedit enſe Pelorum
97 263 794 295 Enſe meo ante omnes animam. pœ naſque merentem.
97 295 667 325 Ille ſua, adnixus, Cyntnum concuſſit ab imo
97 328 716 359 Terq; quaterq; manu, tenuitq; in miſſile telum;
97 359 671 390 Atq; etiam valida contorta phalarica dextra
1 381 62 405 cz
96 390 669 422 Læſiſſet ò uperûm muros niſi debile corpus
1 413 57 436 -
97 422 608 453 Et ſolitæ nimio profuſo ſanguine, vires
96 453 749 485 Liqui ſſent atrocem animum, manibuſque relapſa
95 486 695 517 Inſula in æquoreo natitaſſet marmore, vt olim
97 518 634 548 Ocea ni cunctis erratica Delos in vndis.
96 546 717 578 Ocecubuit cum fratre Mimas, dum Lemnia ſaxa:
1 575 60 605 i
95 580 645 611 Vulcani hopitium, medij de gurgite ponti
2 617 56 643 e
93 611 676 643 In Martem torquere parat; ſuccurrere Pallas
80 642 750 675 Tum primum mihi Cœlicolas, motumque periclo
1 678 63 712 us
92 676 675 708 Et noſtra virtute, Iouem caperc arma coëgit
93 705 731 733 Me duce, nunc etiam, diſiecta ex æthere monſtra
95 738 667 771 Sicania æternas pendunt ſubter iuga pœnas,
2 741 58 771 d
94 770 672 803 Tartareoque ſinu. Videor per tecta tonantis
93 802 703 832 Cernere adhuc multa ſuffultos rupe gigantes,
1 805 59 837 d
92 835 693 868 Expletos animis terræ omniparentis alumnos,
1 837 61 869 E-
92 865 683 901 Aduerſuſque Deos, medijſque volantia ſigna
91 897 623 926 Nubibus, & cœli concuſſas ariete portas
122 924 747 960 Hæc noſtro genere, & Mauortis digna triumphis:
91 959 669 989 Prælia. nunc, olim. Naturæ ſparſa per omnes
1 964 57 998 a
91 990 683 1025 Seceſſus, quorum ſimulacra & parua reſeruat
90 1023 777 1055 Indic a, hoc hominum genus inualidumq; feroxque,
92 1055 704 1093 Quod nune terra creat; diuini hic ſpiritus ignis
92 1086 730 1119 Quem cœlo auertit, glebas animare rometheus,
89 1119 624 1149 Imbuere & venas auſus vitalibus auris.
89 1151 748 1184 Nam poſtquam varios glebaque & flumine partes
88 1184 691 1216 Iunxit in effigiem diuûm, miratus & artem,
1 1216 741 1258 Et ſtudium, noſtris ea ſigna accendere ſlammis
484 1248 553 1273 -
695 1250 805 1276 Aſ
