<PcGts xmlns="http://schema.primaresearch.org/PAGE/gts/pagecontent/2017-07-15" xmlns:xsi="http://www.w3.org/2001/XMLSchema-instance" xsi:schemaLocation="http://schema.primaresearch.org/PAGE/gts/pagecontent/2017-07-15 http://schema.primaresearch.org/PAGE/gts/pagecontent/2017-07-15/pagecontent.xsd"><Metadata><Creator>User123</Creator><Created>2020-04-19T08:48:34</Created><LastChange>2020-04-19T08:48:34</LastChange></Metadata><Page imageFilename="0512.png" imageHeight="1432" imageWidth="976"><TextRegion id="r0" type="paragraph"><Coords points="1,1 974,1 974,1430 1,1430"/><TextLine id="r0_l001"><Coords points="909,1 909,18 961,18 961,1"/><TextEquiv index="1"><Unicode>V</Unicode></TextEquiv></TextLine><TextLine id="r0_l002"><Coords points="372,1 372,33 434,33 434,1"/><TextEquiv index="1"><Unicode></Unicode></TextEquiv></TextLine><TextLine id="r0_l003"><Coords points="1,39 1,61 55,61 55,39"/><TextEquiv index="1"><Unicode></Unicode></TextEquiv></TextLine><TextLine id="r0_l004"><Coords points="10,82 10,116 79,116 79,82"/><TextEquiv index="1"><Unicode></Unicode></TextEquiv></TextLine><TextLine id="r0_l005"><Coords points="178,90 178,142 808,142 808,90"/><TextEquiv index="1"><Unicode>Oam MRò Evis. 25</Unicode></TextEquiv></TextLine><TextLine id="r0_l006"><Coords points="599,147 548,147 498,144 450,144 422,142 82,142 82,174 283,175 370,178 599,178"/><TextEquiv index="1"><Unicode>Bellandi ſtudio, &amp; ſataliMartis amore,</Unicode></TextEquiv></TextLine><TextLine id="r0_l007"><Coords points="33,134 33,182 60,182 60,134"/><TextEquiv index="1"><Unicode></Unicode></TextEquiv></TextLine><TextLine id="r0_l008"><Coords points="623,183 531,183 504,181 413,180 283,176 86,176 86,206 291,206 368,207 437,210 623,210"/><TextEquiv index="1"><Unicode>Naturæ monitu, vicina in regna minaces</Unicode></TextEquiv></TextLine><TextLine id="r0_l009"><Coords points="5,200 5,217 46,217 46,200"/><TextEquiv index="1"><Unicode></Unicode></TextEquiv></TextLine><TextLine id="r0_l010"><Coords points="701,211 677,211 666,216 600,217 592,215 554,213 502,213 368,208 83,207 83,240 106,238 168,237 279,237 378,240 701,240"/><TextEquiv index="1"><Unicode>gne ruunt ferroque, &amp; cædibus omnia miſcent.</Unicode></TextEquiv></TextLine><TextLine id="r0_l011"><Coords points="5,228 5,251 53,251 53,228"/><TextEquiv index="1"><Unicode></Unicode></TextEquiv></TextLine><TextLine id="r0_l012"><Coords points="749,246 732,251 677,250 667,246 663,248 641,248 586,247 545,244 408,242 332,239 180,238 106,239 93,241 75,241 72,246 73,269 94,270 322,269 528,275 749,275"/><TextEquiv index="1"><Unicode>Sæpe etiam hoc noſtri ſtudium nec regna ncc orbis</Unicode></TextEquiv></TextLine><TextLine id="r0_l013"><Coords points="699,282 693,281 659,281 642,279 581,278 527,275 362,272 322,270 89,270 89,300 94,301 326,301 377,303 450,303 505,306 619,308 635,310 699,310"/><TextEquiv index="1"><Unicode>Imperim extinxiſſe poteſt; ſed nauibus quor</Unicode></TextEquiv></TextLine><TextLine id="r0_l014"><Coords points="29,301 29,338 60,338 60,301"/><TextEquiv index="1"><Unicode></Unicode></TextEquiv></TextLine><TextLine id="r0_l015"><Coords points="605,309 376,303 87,303 87,332 100,333 605,335"/><TextEquiv index="1"><Unicode>Sulcaruntaliqui, tempeſtatiſque tulere</Unicode></TextEquiv></TextLine><TextLine id="r0_l016"><Coords points="695,338 690,337 661,337 656,340 648,341 629,341 401,335 81,335 81,362 91,363 161,365 364,365 414,367 695,368"/><TextEquiv index="1"><Unicode>Ventorumq; minas, pelagiq; informia monſtra,</Unicode></TextEquiv></TextLine><TextLine id="r0_l017"><Coords points="775,372 772,371 759,371 748,376 713,376 539,368 83,365 83,394 115,394 135,396 453,396 510,399 775,399"/><TextEquiv index="1"><Unicode>Dum terræ noua ſceptra nouæ, dum quærere mundos</Unicode></TextEquiv></TextLine><TextLine id="r0_l018"><Coords points="33,395 33,423 64,423 64,395"/><TextEquiv index="1"><Unicode></Unicode></TextEquiv></TextLine><TextLine id="r0_l019"><Coords points="619,403 614,402 510,400 453,397 85,397 85,427 619,428"/><TextEquiv index="1"><Unicode>Feſtinantlios. vt tantum bella ſuperſint,</Unicode></TextEquiv></TextLine><TextLine id="r0_l020"><Coords points="30,428 30,457 64,457 64,428"/><TextEquiv index="1"><Unicode></Unicode></TextEquiv></TextLine><TextLine id="r0_l021"><Coords points="605,433 440,429 146,430 77,428 77,460 605,461"/><TextEquiv index="1"><Unicode>Extra cnni soliſq; vias, incognita noſtris</Unicode></TextEquiv></TextLine><TextLine id="r0_l022"><Coords points="35,462 35,482 63,482 63,462"/><TextEquiv index="1"><Unicode></Unicode></TextEquiv></TextLine><TextLine id="r0_l023"><Coords points="685,462 676,461 665,461 657,465 439,461 93,461 93,491 111,492 685,492"/><TextEquiv index="1"><Unicode>Sideribus qua terra iacet, ſinus vltimus orbis.</Unicode></TextEquiv></TextLine><TextLine id="r0_l024"><Coords points="85,493 85,525 638,525 638,493"/><TextEquiv index="1"><Unicode>Hinc memori laudes àpoſteritate reportat</Unicode></TextEquiv></TextLine><TextLine id="r0_l025"><Coords points="35,528 41,528 41,499 1,498 1,532 28,532"/><TextEquiv index="1"><Unicode></Unicode></TextEquiv></TextLine><TextLine id="r0_l026"><Coords points="84,525 84,556 635,556 635,525"/><TextEquiv index="1"><Unicode>Alcmenâ genetrice ſatus, fuit ille tonantis</Unicode></TextEquiv></TextLine><TextLine id="r0_l027"><Coords points="29,530 29,546 64,546 64,530"/><TextEquiv index="1"><Unicode></Unicode></TextEquiv></TextLine><TextLine id="r0_l028"><Coords points="85,556 85,586 639,586 639,556"/><TextEquiv index="1"><Unicode>Filius t dignus credi poſt funera Numen,</Unicode></TextEquiv></TextLine><TextLine id="r0_l029"><Coords points="27,594 27,613 61,613 61,594"/><TextEquiv index="1"><Unicode></Unicode></TextEquiv></TextLine><TextLine id="r0_l030"><Coords points="86,587 86,618 636,618 636,587"/><TextEquiv index="1"><Unicode>Facta de genitore fide, cum exercita virtus</Unicode></TextEquiv></TextLine><TextLine id="r0_l031"><Coords points="782,618 696,618 691,621 685,622 477,619 235,619 161,621 82,619 82,653 157,652 188,650 410,649 598,651 670,654 782,654"/><TextEquiv index="1"><Unicode>Degeneremq; rogum ſemiuſtaq; membra relinquens,</Unicode></TextEquiv></TextLine><TextLine id="r0_l032"><Coords points="639,653 360,650 90,653 90,681 639,681"/><TextEquiv index="1"><Unicode>Adſcendit, belli per tot diſcrimina, cœlum.</Unicode></TextEquiv></TextLine><TextLine id="r0_l033"><Coords points="1,651 1,685 63,685 63,651"/><TextEquiv index="1"><Unicode>u</Unicode></TextEquiv></TextLine><TextLine id="r0_l034"><Coords points="641,685 635,684 551,684 479,682 217,682 200,684 139,685 82,682 82,714 190,714 213,712 641,714"/><TextEquiv index="1"><Unicode>Hinc non Hemonius regali ſplendidus aula</Unicode></TextEquiv></TextLine><TextLine id="r0_l035"><Coords points="13,712 39,713 39,689 1,689 1,717 5,717"/><TextEquiv index="1"><Unicode></Unicode></TextEquiv></TextLine><TextLine id="r0_l036"><Coords points="61,713 13,713 6,717 6,738 12,745 61,746"/><TextEquiv index="1"><Unicode></Unicode></TextEquiv></TextLine><TextLine id="r0_l037"><Coords points="654,717 649,716 378,713 213,713 175,716 86,715 86,745 323,743 654,745"/><TextEquiv index="1"><Unicode>Viuere ſiſtinuit iuuenis, ſed puppe ſuperbus</Unicode></TextEquiv></TextLine><TextLine id="r0_l038"><Coords points="671,748 529,745 204,745 178,747 95,747 82,749 82,776 145,778 235,776 512,776 671,778"/><TextEquiv index="1"><Unicode>Aiquora fatidica nunquam tentata cucurrit,</Unicode></TextEquiv></TextLine><TextLine id="r0_l039"><Coords points="1,754 1,784 62,784 62,754"/><TextEquiv index="1"><Unicode></Unicode></TextEquiv></TextLine><TextLine id="r0_l040"><Coords points="685,781 680,780 512,777 235,777 180,779 80,777 80,808 685,808"/><TextEquiv index="1"><Unicode>Et Scythicum aurato ſpoliauit vellere Phaſin:</Unicode></TextEquiv></TextLine><TextLine id="r0_l041"><Coords points="1,790 1,817 62,817 62,790"/><TextEquiv index="1"><Unicode></Unicode></TextEquiv></TextLine><TextLine id="r0_l042"><Coords points="641,812 484,809 213,809 166,811 155,810 128,811 105,809 82,810 82,840 501,840 568,843 641,843"/><TextEquiv index="1"><Unicode>Miſcenſq ignotas, temerato littore, gentes,</Unicode></TextEquiv></TextLine><TextLine id="r0_l043"><Coords points="3,831 3,849 62,849 62,831"/><TextEquiv index="1"><Unicode>l</Unicode></TextEquiv></TextLine><TextLine id="r0_l044"><Coords points="643,844 568,844 501,841 88,841 88,872 643,872"/><TextEquiv index="1"><Unicode>FIuctibus in medijs bellorum ſemina iecit.</Unicode></TextEquiv></TextLine><TextLine id="r0_l045"><Coords points="2,867 2,886 62,886 62,867"/><TextEquiv index="1"><Unicode>n.</Unicode></TextEquiv></TextLine><TextLine id="r0_l046"><Coords points="665,876 568,874 80,874 80,902 90,903 665,904"/><TextEquiv index="1"><Unicode>Vellus erat pretium tantorum vile laborum,</Unicode></TextEquiv></TextLine><TextLine id="r0_l047"><Coords points="3,894 3,917 62,917 62,894"/><TextEquiv index="1"><Unicode></Unicode></TextEquiv></TextLine><TextLine id="r0_l048"><Coords points="651,907 608,905 517,904 112,905 87,903 87,935 651,935"/><TextEquiv index="1"><Unicode>Ni mens, bellatorq; animus difundere facto</Unicode></TextEquiv></TextLine><TextLine id="r0_l049"><Coords points="664,938 588,938 536,936 197,936 155,938 82,937 82,968 171,969 284,967 536,967 664,969"/><TextEquiv index="1"><Unicode>Speraſſet ſeros memorabilenomen inannos.</Unicode></TextEquiv></TextLine><TextLine id="r0_l050"><Coords points="64,963 58,963 50,968 33,968 33,995 48,998 64,998"/><TextEquiv index="1"><Unicode></Unicode></TextEquiv></TextLine><TextLine id="r0_l051"><Coords points="656,970 536,968 284,968 171,970 82,969 82,999 89,1000 656,1000"/><TextEquiv index="1"><Unicode>Mœnia fraterna madure recentia cæde</Unicode></TextEquiv></TextLine><TextLine id="r0_l052"><Coords points="62,999 38,998 33,996 27,989 5,989 5,1020 33,1021 42,1028 62,1031"/><TextEquiv index="1"><Unicode></Unicode></TextEquiv></TextLine><TextLine id="r0_l053"><Coords points="687,1000 251,1000 177,1002 117,1002 83,1000 83,1031 687,1031"/><TextEquiv index="1"><Unicode>Romulidum, fuluo nondum laqueatametallo</Unicode></TextEquiv></TextLine><TextLine id="r0_l054"><Coords points="60,1032 45,1030 38,1027 35,1024 3,1024 3,1054 60,1054"/><TextEquiv index="1"><Unicode>e</Unicode></TextEquiv></TextLine><TextLine id="r0_l055"><Coords points="610,1034 449,1031 275,1031 206,1033 79,1032 79,1063 610,1063"/><TextEquiv index="1"><Unicode>Montibus aut late Graijs effuſa nitebant</Unicode></TextEquiv></TextLine><TextLine id="r0_l056"><Coords points="63,1066 56,1066 50,1062 42,1061 37,1056 1,1056 1,1087 28,1088 40,1092 63,1094"/><TextEquiv index="1"><Unicode></Unicode></TextEquiv></TextLine><TextLine id="r0_l057"><Coords points="80,1064 80,1095 699,1095 699,1064"/><TextEquiv index="1"><Unicode>Atria, non gemmis erat as committere vinum,</Unicode></TextEquiv></TextLine><TextLine id="r0_l058"><Coords points="63,1095 40,1093 28,1089 1,1089 1,1125 26,1125 30,1123 34,1125 63,1125"/><TextEquiv index="1"><Unicode>u</Unicode></TextEquiv></TextLine><TextLine id="r0_l059"><Coords points="86,1095 86,1122 640,1122 640,1095"/><TextEquiv index="1"><Unicode>Non aurum temerare cibis, natura ſecundi</Unicode></TextEquiv></TextLine><TextLine id="r0_l060"><Coords points="662,1131 653,1130 474,1127 206,1127 86,1129 86,1158 91,1159 140,1160 206,1158 405,1158 522,1159 557,1161 662,1161"/><TextEquiv index="1"><Unicode>Impatiens, ſocijſq; comes diſcordia regni</Unicode></TextEquiv></TextLine><TextLine id="r0_l061"><Coords points="640,1162 557,1162 522,1160 405,1159 206,1159 127,1161 86,1159 86,1191 373,1190 485,1192 640,1192"/><TextEquiv index="1"><Unicode>Fratribus inuidiam depaupere fecit aſylo:</Unicode></TextEquiv></TextLine><TextLine id="r0_l062"><Coords points="62,1177 27,1177 28,1189 33,1192 62,1193"/><TextEquiv index="1"><Unicode></Unicode></TextEquiv></TextLine><TextLine id="r0_l063"><Coords points="669,1194 548,1194 373,1191 81,1192 81,1221 669,1221"/><TextEquiv index="1"><Unicode>Quin etiam pueri, nulla ambitione, feruntur</Unicode></TextEquiv></TextLine><TextLine id="r0_l064"><Coords points="59,1224 59,1194 41,1195 22,1189 1,1189 2,1223 9,1225 55,1225"/><TextEquiv index="1"><Unicode></Unicode></TextEquiv></TextLine><TextLine id="r0_l065"><Coords points="59,1225 9,1226 1,1224 1,1254 27,1254 30,1257 59,1257"/><TextEquiv index="1"><Unicode></Unicode></TextEquiv></TextLine><TextLine id="r0_l066"><Coords points="81,1222 81,1255 590,1255 590,1222"/><TextEquiv index="1"><Unicode>Affectaſſe lupæ nutrici regna ſub aluo.</Unicode></TextEquiv></TextLine><TextLine id="r0_l067"><Coords points="493,1259 493,1287 582,1287 582,1259"/><TextEquiv index="1"><Unicode>T4</Unicode></TextEquiv></TextLine><TextLine id="r0_l068"><Coords points="34,1285 58,1286 58,1261 1,1261 1,1287 14,1287"/><TextEquiv index="1"><Unicode></Unicode></TextEquiv></TextLine><TextLine id="r0_l069"><Coords points="703,1262 703,1289 802,1289 802,1262"/><TextEquiv index="1"><Unicode>Tantus</Unicode></TextEquiv></TextLine><TextLine id="r0_l070"><Coords points="77,1287 35,1286 30,1287 30,1302 77,1302"/><TextEquiv index="1"><Unicode></Unicode></TextEquiv></TextLine><TextLine id="r0_l071"><Coords points="57,1303 57,1326 85,1326 85,1303"/><TextEquiv index="1"><Unicode></Unicode></TextEquiv></TextLine></TextRegion></Page></PcGts>