<PcGts xmlns="http://schema.primaresearch.org/PAGE/gts/pagecontent/2017-07-15" xmlns:xsi="http://www.w3.org/2001/XMLSchema-instance" xsi:schemaLocation="http://schema.primaresearch.org/PAGE/gts/pagecontent/2017-07-15 http://schema.primaresearch.org/PAGE/gts/pagecontent/2017-07-15/pagecontent.xsd"><Metadata><Creator>User123</Creator><Created>2020-04-19T08:48:36</Created><LastChange>2020-04-19T08:48:36</LastChange></Metadata><Page imageFilename="0516.png" imageHeight="1432" imageWidth="976"><TextRegion id="r0" type="paragraph"><Coords points="1,1 974,1 974,1430 1,1430"/><TextLine id="r0_l001"><Coords points="385,9 385,35 460,35 460,9"/><TextEquiv index="1"><Unicode></Unicode></TextEquiv></TextLine><TextLine id="r0_l002"><Coords points="918,1 918,33 974,33 974,1"/><TextEquiv index="1"><Unicode></Unicode></TextEquiv></TextLine><TextLine id="r0_l003"><Coords points="154,13 154,38 184,38 184,13"/><TextEquiv index="1"><Unicode></Unicode></TextEquiv></TextLine><TextLine id="r0_l004"><Coords points="1,35 1,58 56,58 56,35"/><TextEquiv index="1"><Unicode></Unicode></TextEquiv></TextLine><TextLine id="r0_l005"><Coords points="968,55 934,55 934,92 968,92"/><TextEquiv index="1"><Unicode></Unicode></TextEquiv></TextLine><TextLine id="r0_l006"><Coords points="695,69 440,69 440,84 445,86 544,85 576,87 695,87"/><TextEquiv index="1"><Unicode>r77</Unicode></TextEquiv></TextLine><TextLine id="r0_l007"><Coords points="813,74 730,74 725,76 720,85 713,88 576,88 544,86 445,87 439,84 439,71 198,71 198,107 813,107"/><TextEquiv index="1"><Unicode>pOAÆ M o 0. 29</Unicode></TextEquiv></TextLine><TextLine id="r0_l008"><Coords points="707,121 101,121 101,153 470,153 582,155 707,155"/><TextEquiv index="1"><Unicode>AGontemtum ſolumq; mori, qui viuere ſemper</Unicode></TextEquiv></TextLine><TextLine id="r0_l009"><Coords points="69,147 48,144 43,142 39,138 21,138 15,142 14,163 17,167 21,169 42,169 43,178 47,184 53,187 69,187"/><TextEquiv index="1"><Unicode></Unicode></TextEquiv></TextLine><TextLine id="r0_l010"><Coords points="933,148 933,181 967,181 967,148"/><TextEquiv index="1"><Unicode></Unicode></TextEquiv></TextLine><TextLine id="r0_l011"><Coords points="652,157 470,154 105,154 105,184 380,184 652,186"/><TextEquiv index="1"><Unicode>Optet; &amp; ingeniis inſpargi ſemina magnis,</Unicode></TextEquiv></TextLine><TextLine id="r0_l012"><Coords points="933,181 933,230 966,230 966,181"/><TextEquiv index="1"><Unicode></Unicode></TextEquiv></TextLine><TextLine id="r0_l013"><Coords points="680,189 665,188 380,185 111,185 111,215 680,216"/><TextEquiv index="1"><Unicode>Seruitium fugiſſe manu:quid iniqua tyranni</Unicode></TextEquiv></TextLine><TextLine id="r0_l014"><Coords points="3,200 3,233 62,233 62,200"/><TextEquiv index="1"><Unicode></Unicode></TextEquiv></TextLine><TextLine id="r0_l015"><Coords points="664,220 490,216 115,216 115,247 664,248"/><TextEquiv index="1"><Unicode>Munitis ferro regna, extortoſq; triumphos</Unicode></TextEquiv></TextLine><TextLine id="r0_l016"><Coords points="7,233 7,256 62,256 62,233"/><TextEquiv index="1"><Unicode></Unicode></TextEquiv></TextLine><TextLine id="r0_l017"><Coords points="936,230 936,273 966,273 966,230"/><TextEquiv index="1"><Unicode></Unicode></TextEquiv></TextLine><TextLine id="r0_l018"><Coords points="657,280 657,251 509,248 113,248 113,279 194,280 242,278 502,278 582,281 654,281"/><TextEquiv index="1"><Unicode>Ouidlibertatem mendacibus vritis armis:</Unicode></TextEquiv></TextLine><TextLine id="r0_l019"><Coords points="670,282 659,281 582,282 502,279 242,279 194,281 113,280 113,311 670,311"/><TextEquiv index="1"><Unicode>Otendi Mundo, ne quiſquam ſeruiat, enſes.</Unicode></TextEquiv></TextLine><TextLine id="r0_l020"><Coords points="966,288 938,289 938,314 966,314"/><TextEquiv index="1"><Unicode></Unicode></TextEquiv></TextLine><TextLine id="r0_l021"><Coords points="23,294 23,329 66,329 66,294"/><TextEquiv index="1"><Unicode></Unicode></TextEquiv></TextLine><TextLine id="r0_l022"><Coords points="965,315 940,315 940,342 965,342"/><TextEquiv index="1"><Unicode>I</Unicode></TextEquiv></TextLine><TextLine id="r0_l023"><Coords points="753,312 751,311 717,311 711,314 567,313 515,311 277,311 208,313 112,312 112,344 578,342 660,345 753,345"/><TextEquiv index="1"><Unicode>Nec vita eſt, trahefre ignotum ſine nomine corpus,</Unicode></TextEquiv></TextLine><TextLine id="r0_l024"><Coords points="1,330 1,384 65,384 65,330"/><TextEquiv index="1"><Unicode></Unicode></TextEquiv></TextLine><TextLine id="r0_l025"><Coords points="113,342 113,374 660,374 660,342"/><TextEquiv index="1"><Unicode>At vnum verumq; mori eſt in ſede morari</Unicode></TextEquiv></TextLine><TextLine id="r0_l026"><Coords points="750,403 751,401 751,380 747,374 714,374 707,376 697,374 239,374 212,376 157,376 114,374 114,406 744,406"/><TextEquiv index="1"><Unicode>Tranquillum patria, &amp; ſi, quis ſis neſciat vlla</Unicode></TextEquiv></TextLine><TextLine id="r0_l027"><Coords points="1,396 1,432 70,432 70,396"/><TextEquiv index="1"><Unicode></Unicode></TextEquiv></TextLine><TextLine id="r0_l028"><Coords points="816,406 745,406 738,408 633,406 415,406 115,408 115,436 816,436"/><TextEquiv index="1"><Unicode>Gens hominum: peius quoq; morte eſt, cernere lethum</Unicode></TextEquiv></TextLine><TextLine id="r0_l029"><Coords points="9,432 9,487 64,487 64,432"/><TextEquiv index="1"><Unicode></Unicode></TextEquiv></TextLine><TextLine id="r0_l030"><Coords points="512,468 675,470 675,439 533,437 317,438 213,440 108,439 108,471 298,471"/><TextEquiv index="1"><Unicode>Et patris, &amp; patriæ fœdatum funere vultum,</Unicode></TextEquiv></TextLine><TextLine id="r0_l031"><Coords points="636,500 636,470 512,469 169,473 115,472 115,502 384,502"/><TextEquiv index="1"><Unicode>Et deflere ſuo merſos in ſanguine natos:</Unicode></TextEquiv></TextLine><TextLine id="r0_l032"><Coords points="42,525 61,525 61,499 59,497 2,497 2,527 39,527"/><TextEquiv index="1"><Unicode></Unicode></TextEquiv></TextLine><TextLine id="r0_l033"><Coords points="699,501 528,501 115,505 115,531 699,531"/><TextEquiv index="1"><Unicode>Mortuus &amp; miſer et, cui laus, cui gloria ceſſit</Unicode></TextEquiv></TextLine><TextLine id="r0_l034"><Coords points="35,526 35,563 65,563 65,526"/><TextEquiv index="1"><Unicode></Unicode></TextEquiv></TextLine><TextLine id="r0_l035"><Coords points="938,525 938,577 965,577 965,525"/><TextEquiv index="1"><Unicode></Unicode></TextEquiv></TextLine><TextLine id="r0_l036"><Coords points="692,534 447,533 312,534 253,536 165,536 148,534 115,534 115,564 692,564"/><TextEquiv index="1"><Unicode>Pulſa metu, mutas agitat qui vmbratilis artes.</Unicode></TextEquiv></TextLine><TextLine id="r0_l037"><Coords points="766,564 481,564 421,566 283,566 116,569 116,595 766,595"/><TextEquiv index="1"><Unicode>Nam damnanda magis ſint morte. ſilentia vitæ</Unicode></TextEquiv></TextLine><TextLine id="r0_l038"><Coords points="4,563 4,603 62,603 62,563"/><TextEquiv index="1"><Unicode></Unicode></TextEquiv></TextLine><TextLine id="r0_l039"><Coords points="112,597 112,627 633,627 633,597"/><TextEquiv index="1"><Unicode>Vt vacet à ſerro. Mars expellatur &amp; vltra</Unicode></TextEquiv></TextLine><TextLine id="r0_l040"><Coords points="736,628 276,628 261,630 228,631 142,631 114,629 114,659 736,659"/><TextEquiv index="1"><Unicode>Sauromatas, Thulentq;, &amp; ponti extrema gelati,</Unicode></TextEquiv></TextLine><TextLine id="r0_l041"><Coords points="1,632 1,663 64,663 64,632"/><TextEquiv index="1"><Unicode>i</Unicode></TextEquiv></TextLine><TextLine id="r0_l042"><Coords points="314,692 365,693 452,690 668,690 668,660 457,659 426,661 312,661 210,663 110,662 110,694 217,694"/><TextEquiv index="1"><Unicode>Vt reptet mortale genus per luſtra ferarum,</Unicode></TextEquiv></TextLine><TextLine id="r0_l043"><Coords points="59,696 59,664 5,664 5,697 45,697"/><TextEquiv index="1"><Unicode>le</Unicode></TextEquiv></TextLine><TextLine id="r0_l044"><Coords points="251,724 383,724 461,721 637,721 637,691 452,691 365,694 316,693 218,694 183,696 113,695 113,726 182,726"/><TextEquiv index="1"><Unicode>Ignauâ ſub pace iacens; mots vna futuros</Unicode></TextEquiv></TextLine><TextLine id="r0_l045"><Coords points="62,730 62,697 46,697 34,699 1,699 1,731 43,731"/><TextEquiv index="1"><Unicode>i</Unicode></TextEquiv></TextLine><TextLine id="r0_l046"><Coords points="678,723 433,723 383,725 107,727 107,751 678,751"/><TextEquiv index="1"><Unicode>Obruet, &amp; cunctos, vrnam. Minoe mouente,</Unicode></TextEquiv></TextLine><TextLine id="r0_l047"><Coords points="61,731 2,733 2,766 61,766"/><TextEquiv index="1"><Unicode>s</Unicode></TextEquiv></TextLine><TextLine id="r0_l048"><Coords points="116,755 116,788 588,788 588,755"/><TextEquiv index="1"><Unicode>Serius aut, citius ſors exitura reducet</Unicode></TextEquiv></TextLine><TextLine id="r0_l049"><Coords points="4,767 4,795 62,795 62,767"/><TextEquiv index="1"><Unicode></Unicode></TextEquiv></TextLine><TextLine id="r0_l050"><Coords points="830,787 421,787 376,789 115,791 115,817 830,817"/><TextEquiv index="1"><Unicode>Communem tandem ad metam, quæ terminus æui eſt</Unicode></TextEquiv></TextLine><TextLine id="r0_l051"><Coords points="751,819 613,818 435,819 398,821 238,821 172,824 115,824 115,850 751,850"/><TextEquiv index="1"><Unicode>Aut nihileſt animis. poſt funera ſumma ſuperſtes,</Unicode></TextEquiv></TextLine><TextLine id="r0_l052"><Coords points="502,881 680,881 680,851 488,850 406,853 287,853 116,856 116,883 433,883"/><TextEquiv index="1"><Unicode>Aut mors ipſa nihil ſi non eſt ſenſs ademtis</Unicode></TextEquiv></TextLine><TextLine id="r0_l053"><Coords points="79,867 1,867 1,899 33,899 36,901 51,901 57,907 57,914 62,921 66,923 79,923"/><TextEquiv index="1"><Unicode></Unicode></TextEquiv></TextLine><TextLine id="r0_l054"><Coords points="633,882 502,882 381,885 111,885 111,912 633,912"/><TextEquiv index="1"><Unicode>Evitâ Hectoridâ nil diſtat ab Aſtyaracte</Unicode></TextEquiv></TextLine><TextLine id="r0_l055"><Coords points="261,946 601,944 601,913 493,913 450,915 290,916 231,915 174,918 117,918 117,948 220,948"/><TextEquiv index="1"><Unicode>Fxpleuit ſerie qui tertia ſæcula longâ.</Unicode></TextEquiv></TextLine><TextLine id="r0_l056"><Coords points="764,950 738,949 735,945 261,947 220,949 112,950 112,980 170,981 205,979 284,979 351,977 627,976 648,977 657,980 701,980 707,982 764,982"/><TextEquiv index="1"><Unicode>At ſi quid ſupereſt à morte vt credere dignum,</Unicode></TextEquiv></TextLine><TextLine id="r0_l057"><Coords points="648,978 351,978 284,980 205,980 170,982 112,981 112,1005 649,1005"/><TextEquiv index="1"><Unicode>Non eſt mors anim melior mutatio vita;</Unicode></TextEquiv></TextLine><TextLine id="r0_l058"><Coords points="260,1042 396,1042 445,1040 643,1040 643,1010 299,1010 208,1013 107,1013 107,1044 208,1044"/><TextEquiv index="1"><Unicode>Hec peior bello hbreuioris temporis ætas.</Unicode></TextEquiv></TextLine><TextLine id="r0_l059"><Coords points="244,1074 661,1072 661,1041 445,1041 396,1043 260,1043 157,1046 122,1044 114,1045 114,1076 174,1076"/><TextEquiv index="1"><Unicode>Eq mundi vindex, mediâ florenteiuue ntâ.</Unicode></TextEquiv></TextLine><TextLine id="r0_l060"><Coords points="490,1106 570,1104 699,1105 699,1073 488,1073 430,1075 244,1075 111,1077 111,1107 324,1107"/><TextEquiv index="1"><Unicode>Mrtali tulerat quodcunq; ab imagine mattis</Unicode></TextEquiv></TextLine><TextLine id="r0_l061"><Coords points="243,1139 534,1138 645,1136 645,1105 199,1109 107,1108 107,1141 198,1141"/><TextEquiv index="1"><Unicode>Ipoſuit flamis, radiantibus intulitaſtris</Unicode></TextEquiv></TextLine><TextLine id="r0_l062"><Coords points="528,1169 706,1169 706,1138 366,1139 243,1140 198,1142 107,1142 107,1171 432,1171"/><TextEquiv index="1"><Unicode>Omnipotens quicquid fuerat ſe patre creatum</Unicode></TextEquiv></TextLine><TextLine id="r0_l063"><Coords points="728,1171 433,1171 210,1174 113,1173 113,1199 728,1199"/><TextEquiv index="1"><Unicode>Diræ immune necis; ſenior de rupe Prometheus</Unicode></TextEquiv></TextLine><TextLine id="r0_l064"><Coords points="701,1233 750,1232 750,1203 508,1202 311,1205 127,1204 127,1215 121,1219 113,1219 113,1237 695,1237"/><TextEquiv index="1"><Unicode>riſte pependit onus Scythicâ?tibi longius æuum</Unicode></TextEquiv></TextLine><TextLine id="r0_l065"><Coords points="751,1238 751,1269 852,1269 852,1238"/><TextEquiv index="1"><Unicode>Tas-</Unicode></TextEquiv></TextLine><TextLine id="r0_l066"><Coords points="2,1277 2,1327 61,1327 61,1277"/><TextEquiv index="1"><Unicode>c</Unicode></TextEquiv></TextLine></TextRegion></Page></PcGts>