<PcGts xmlns="http://schema.primaresearch.org/PAGE/gts/pagecontent/2017-07-15" xmlns:xsi="http://www.w3.org/2001/XMLSchema-instance" xsi:schemaLocation="http://schema.primaresearch.org/PAGE/gts/pagecontent/2017-07-15 http://schema.primaresearch.org/PAGE/gts/pagecontent/2017-07-15/pagecontent.xsd"><Metadata><Creator>User123</Creator><Created>2020-04-19T08:48:26</Created><LastChange>2020-04-19T08:48:26</LastChange></Metadata><Page imageFilename="0518.png" imageHeight="1432" imageWidth="976"><TextRegion id="r0" type="paragraph"><Coords points="1,1 974,1 974,1430 1,1430"/><TextLine id="r0_l001"><Coords points="917,13 917,41 964,41 964,13"/><TextEquiv index="1"><Unicode></Unicode></TextEquiv></TextLine><TextLine id="r0_l002"><Coords points="1,36 1,57 59,57 59,36"/><TextEquiv index="1"><Unicode></Unicode></TextEquiv></TextLine><TextLine id="r0_l003"><Coords points="817,73 739,74 728,78 722,86 711,89 562,89 538,87 517,88 512,86 445,85 438,83 432,77 421,85 319,85 314,82 314,69 203,69 203,106 817,107"/><TextEquiv index="1"><Unicode>TPO OA 0 Lo-O</Unicode></TextEquiv></TextLine><TextLine id="r0_l004"><Coords points="423,83 425,81 425,69 315,69 315,82 319,84 403,85"/><TextEquiv index="1"><Unicode></Unicode></TextEquiv></TextLine><TextLine id="r0_l005"><Coords points="686,72 438,72 438,82 456,85 512,85 517,87 538,86 562,88 686,88"/><TextEquiv index="1"><Unicode>ITY</Unicode></TextEquiv></TextLine><TextLine id="r0_l006"><Coords points="55,128 63,128 63,107 24,107 24,132 50,132"/><TextEquiv index="1"><Unicode></Unicode></TextEquiv></TextLine><TextLine id="r0_l007"><Coords points="618,115 104,114 104,146 283,145 437,147 489,150 618,150"/><TextEquiv index="1"><Unicode>Ex illo fluere, &amp; retro ſpes prona referri</Unicode></TextEquiv></TextLine><TextLine id="r0_l008"><Coords points="633,152 489,151 437,148 283,146 109,147 109,175 633,175"/><TextEquiv index="1"><Unicode>Auſoniæ, fractæ vires, auerſa dem mens.</Unicode></TextEquiv></TextLine><TextLine id="r0_l009"><Coords points="618,183 522,183 388,180 358,178 108,178 108,208 618,209"/><TextEquiv index="1"><Unicode>Nam victi a victis &amp; ſemiuiro comitatu</Unicode></TextEquiv></TextLine><TextLine id="r0_l010"><Coords points="603,215 313,209 112,209 112,238 200,240 603,240"/><TextEquiv index="1"><Unicode>Appenninicolæ veſſes geſta re decoras</Unicode></TextEquiv></TextLine><TextLine id="r0_l011"><Coords points="693,242 669,242 662,246 656,247 614,247 538,246 520,244 413,244 317,240 108,240 108,271 347,272 525,276 693,276"/><TextEquiv index="1"><Unicode>Vix nuribus pictaſq; croco, illuſaſque veneno</Unicode></TextEquiv></TextLine><TextLine id="r0_l012"><Coords points="641,279 347,273 112,272 112,303 359,304 407,306 641,306"/><TextEquiv index="1"><Unicode>Aſſyrio ſumſere viri:peregre intulit orbis</Unicode></TextEquiv></TextLine><TextLine id="r0_l013"><Coords points="704,306 696,310 674,311 564,308 407,307 359,305 112,305 112,335 118,336 338,336 413,338 704,339"/><TextEquiv index="1"><Unicode>Dona, manu hoſtili. queis ſe cecidiſſe putabat.</Unicode></TextEquiv></TextLine><TextLine id="r0_l014"><Coords points="703,343 611,342 551,339 413,339 338,337 114,337 114,366 131,365 148,367 349,367 574,370 703,370"/><TextEquiv index="1"><Unicode>Pr dolorlexuuias quas vos ex hoſte, Quirites,</Unicode></TextEquiv></TextLine><TextLine id="r0_l015"><Coords points="629,373 614,372 573,370 475,369 112,368 112,399 629,399"/><TextEquiv index="1"><Unicode>Biſq; triumphatas ex omni littore terras</Unicode></TextEquiv></TextLine><TextLine id="r0_l016"><Coords points="111,401 111,431 687,431 687,401"/><TextEquiv index="1"><Unicode>Ducentes. Diuis, votum immortale, ſacraſtis,</Unicode></TextEquiv></TextLine><TextLine id="r0_l017"><Coords points="113,433 113,458 669,458 669,433"/><TextEquiv index="1"><Unicode>Perminxit tandem lautus latrtor Anubis:</Unicode></TextEquiv></TextLine><TextLine id="r0_l018"><Coords points="113,463 113,496 679,496 679,463"/><TextEquiv index="1"><Unicode>Atque adflixit humi tinnitu effœta Cybelle</Unicode></TextEquiv></TextLine><TextLine id="r0_l019"><Coords points="682,498 112,496 112,527 682,528"/><TextEquiv index="1"><Unicode>Indecores, belloque Afiam defendit inermi.</Unicode></TextEquiv></TextLine><TextLine id="r0_l020"><Coords points="753,528 730,528 724,530 113,528 114,558 753,559"/><TextEquiv index="1"><Unicode>Senſi orbi poſt deeſſe caput, furtimque per omnes</Unicode></TextEquiv></TextLine><TextLine id="r0_l021"><Coords points="2,529 2,554 41,554 41,529"/><TextEquiv index="1"><Unicode>Ie</Unicode></TextEquiv></TextLine><TextLine id="r0_l022"><Coords points="111,560 111,591 655,591 655,560"/><TextEquiv index="1"><Unicode>Currere mortis iter partes decliue ſenectâ.</Unicode></TextEquiv></TextLine><TextLine id="r0_l023"><Coords points="112,592 112,623 709,623 709,592"/><TextEquiv index="1"><Unicode>Multa tamen tanto de corpore Vandalus ignis</Unicode></TextEquiv></TextLine><TextLine id="r0_l024"><Coords points="109,623 109,649 686,649 686,623"/><TextEquiv index="1"><Unicode>Et Gothicus furor, &amp; ferrum tranſiuit Alani:</Unicode></TextEquiv></TextLine><TextLine id="r0_l025"><Coords points="110,655 110,687 658,687 658,655"/><TextEquiv index="1"><Unicode>Ipſas relliquias tulit ævuum mœnia cippis</Unicode></TextEquiv></TextLine><TextLine id="r0_l026"><Coords points="247,717 637,718 637,687 206,687 133,689 113,688 113,719 196,719"/><TextEquiv index="1"><Unicode>Semirutis pendent, lapſis ingentia muris</Unicode></TextEquiv></TextLine><TextLine id="r0_l027"><Coords points="59,726 59,699 2,699 2,727 54,727"/><TextEquiv index="1"><Unicode>s</Unicode></TextEquiv></TextLine><TextLine id="r0_l028"><Coords points="634,719 247,718 196,720 115,719 111,720 111,748 634,748"/><TextEquiv index="1"><Unicode>Saxa iacent, &amp; ſi tectis fors putris inaltis</Unicode></TextEquiv></TextLine><TextLine id="r0_l029"><Coords points="59,727 1,728 1,760 59,760"/><TextEquiv index="1"><Unicode>b</Unicode></TextEquiv></TextLine><TextLine id="r0_l030"><Coords points="721,749 220,750 163,752 112,751 112,782 357,780 721,782"/><TextEquiv index="1"><Unicode>Stet ruitura domus, non eſt vrbs moribus atque</Unicode></TextEquiv></TextLine><TextLine id="r0_l031"><Coords points="1,761 1,792 60,792 60,761"/><TextEquiv index="1"><Unicode></Unicode></TextEquiv></TextLine><TextLine id="r0_l032"><Coords points="674,813 674,783 359,781 111,783 111,813 589,814"/><TextEquiv index="1"><Unicode>Ciibus antiquis, ſed mundi congrege nota.</Unicode></TextEquiv></TextLine><TextLine id="r0_l033"><Coords points="1,800 1,828 66,828 66,800"/><TextEquiv index="1"><Unicode>eus</Unicode></TextEquiv></TextLine><TextLine id="r0_l034"><Coords points="722,815 111,814 112,845 722,845"/><TextEquiv index="1"><Unicode>Vt vix vmbra ſui atque ſui ſit Roma ſepulcrum,</Unicode></TextEquiv></TextLine><TextLine id="r0_l035"><Coords points="1,829 1,860 66,860 66,829"/><TextEquiv index="1"><Unicode>it</Unicode></TextEquiv></TextLine><TextLine id="r0_l036"><Coords points="810,846 780,846 776,848 684,848 597,846 107,846 107,876 138,878 502,878 533,876 602,878 810,878"/><TextEquiv index="1"><Unicode>Non tantum bello, cecidit quoque tempor, magnum</Unicode></TextEquiv></TextLine><TextLine id="r0_l037"><Coords points="1,860 1,887 59,887 59,860"/><TextEquiv index="1"><Unicode>u</Unicode></TextEquiv></TextLine><TextLine id="r0_l038"><Coords points="617,879 601,878 533,877 502,879 228,878 138,879 108,877 108,908 617,908"/><TextEquiv index="1"><Unicode>Ilion, exuſtæ ſuperabant mœnia Troiæ,</Unicode></TextEquiv></TextLine><TextLine id="r0_l039"><Coords points="110,909 110,941 655,941 655,909"/><TextEquiv index="1"><Unicode>Troiæ infœlicis; nil tantâè mole relictum,</Unicode></TextEquiv></TextLine><TextLine id="r0_l040"><Coords points="642,942 394,941 214,943 110,941 110,971 161,973 642,973"/><TextEquiv index="1"><Unicode>Nullaq; Apollinei ſunt iam veſtigia muri,</Unicode></TextEquiv></TextLine><TextLine id="r0_l041"><Coords points="57,951 1,951 1,992 44,992 51,1000 57,1000"/><TextEquiv index="1"><Unicode>e</Unicode></TextEquiv></TextLine><TextLine id="r0_l042"><Coords points="723,972 699,972 695,974 376,973 227,975 172,975 160,973 108,972 108,1005 723,1005"/><TextEquiv index="1"><Unicode>d lolium, &amp; ſiluæ ſteriles, hederæque ſequaces</Unicode></TextEquiv></TextLine><TextLine id="r0_l043"><Coords points="56,1002 51,1001 47,997 1,997 1,1016 56,1016"/><TextEquiv index="1"><Unicode>s</Unicode></TextEquiv></TextLine><TextLine id="r0_l044"><Coords points="611,1006 363,1005 237,1007 109,1006 109,1036 611,1036"/><TextEquiv index="1"><Unicode>Aſſaraci preſere lares, delubra deorum</Unicode></TextEquiv></TextLine><TextLine id="r0_l045"><Coords points="107,1037 107,1069 649,1069 649,1037"/><TextEquiv index="1"><Unicode>Diffindit caprificus iners, ac tota teguntur</Unicode></TextEquiv></TextLine><TextLine id="r0_l046"><Coords points="1,1050 1,1095 58,1095 58,1050"/><TextEquiv index="1"><Unicode></Unicode></TextEquiv></TextLine><TextLine id="r0_l047"><Coords points="107,1070 107,1100 605,1100 605,1070"/><TextEquiv index="1"><Unicode>Pergama carectis, etiam periëre ruinæ.</Unicode></TextEquiv></TextLine><TextLine id="r0_l048"><Coords points="58,1099 50,1097 19,1097 19,1119 58,1120"/><TextEquiv index="1"><Unicode></Unicode></TextEquiv></TextLine><TextLine id="r0_l049"><Coords points="107,1100 107,1131 628,1131 628,1100"/><TextEquiv index="1"><Unicode>Obſidio ſecura ſuo poſt Hectora raptum,</Unicode></TextEquiv></TextLine><TextLine id="r0_l050"><Coords points="58,1123 53,1121 26,1121 18,1119 7,1119 7,1157 37,1157 38,1162 59,1162"/><TextEquiv index="1"><Unicode></Unicode></TextEquiv></TextLine><TextLine id="r0_l051"><Coords points="104,1131 104,1165 729,1165 729,1131"/><TextEquiv index="1"><Unicode>Poſt duo luſtra, tamen Troia inſuperabilis armis</Unicode></TextEquiv></TextLine><TextLine id="r0_l052"><Coords points="684,1168 673,1167 573,1165 248,1165 105,1167 105,1196 117,1197 195,1198 239,1196 585,1196 635,1198 642,1200 659,1201 684,1201"/><TextEquiv index="1"><Unicode>Argolicis fuerat, quin tot per damna neceſq;</Unicode></TextEquiv></TextLine><TextLine id="r0_l053"><Coords points="2,1164 2,1216 56,1216 56,1164"/><TextEquiv index="1"><Unicode></Unicode></TextEquiv></TextLine><TextLine id="r0_l054"><Coords points="600,1198 585,1197 239,1197 195,1199 149,1199 105,1197 105,1229 600,1229"/><TextEquiv index="1"><Unicode>Nobilior, venit fictæ ſub imagine pacis</Unicode></TextEquiv></TextLine><TextLine id="r0_l055"><Coords points="56,1228 49,1222 1,1222 1,1254 56,1254"/><TextEquiv index="1"><Unicode></Unicode></TextEquiv></TextLine><TextLine id="r0_l056"><Coords points="712,1235 712,1258 810,1258 810,1235"/><TextEquiv index="1"><Unicode>Summa</Unicode></TextEquiv></TextLine><TextLine id="r0_l057"><Coords points="1,1262 1,1299 56,1299 56,1262"/><TextEquiv index="1"><Unicode></Unicode></TextEquiv></TextLine><TextLine id="r0_l058"><Coords points="939,1255 939,1309 974,1309 974,1255"/><TextEquiv index="1"><Unicode></Unicode></TextEquiv></TextLine></TextRegion></Page></PcGts>