976 1432
217 70 833 114 PO 1 MA20 1o.5O;
319 64 400 85 T
585 76 711 91 1
115 113 752 157 Et ictis laudem, &. victoribus addo triumphum.
150 148 756 186 Non ego contemtor diuûm, Deus ipſe, nec aras
114 177 700 220 Exſcindo, oſtraſq ue domos, latronibus illud
113 209 768 252 Opprobrium, quius iram & inexſatiabile pectus
116 241 732 282 Cœlicolûm metus, aut pietas non mitigat vlla.
115 273 679 312 Sed, quoties vel non curarehumana putauit
1 272 73 302 c
113 304 676 345 Vel non eſſe Deos populus, ſæuoſq; nec ipſi
114 336 678 374 Terri ficant animos iaclati nubibus ignes;
114 367 709 403 Oſtendi ſimul ac mea ſigna, atque ære canoro
111 398 682 438 Inſonuëre tubæ & gemuere ſab arietemuri,
111 432 739 471 Dantur thura focis, templo indicuntur honores,,
112 464 635 501 Noxi feros ritus, infectaq; temporalongâ
1 468 73 501 i
109 495 597 531 Deſidiâ, mo reſq; feros, oblitaque veri
108 529 653 563 Sæ cula, & inſanas pacis contagine gentes
109 560 650 595 Concilio Superis: per me deperdit apace
2 568 61 594 e
106 591 656 621 Imperiis ſua forma redit; me vindice sæuo.
106 623 662 659 Carcere productæ, ius audent dicere leges
104 654 633 691 Iuſtitiæ noſtris maieſtas pendet ab armis.
104 686 643 720 Illuſtres virtus proceres, atq; eusehit ordo
102 718 618 754 Militiæ quos pace pares inuoluit iniqua
103 749 663 780 Nube quies; mea vos inſtanti dextera letho
101 782 663 816 Eripit atqein tuta locat. formdineveſtrâ
101 815 660 845 Iam captæ gentes, oſtrâ virture redemtæ.
100 846 670 883 Marti terga datis? timidos ille eligit in quos
1 866 71 897 i
100 878 670 911 Incidat, & certas fugientibus ingerit haſtas.,
98 909 659 946 Otia, deſidiam, & pa cem laudate ſedentes,
94 941 682 973 Forſitan arma mouent alij meloribus auſis,
96 973 748 1010 Qui tacitas, dudum intenti, ſpeculantur Amyclass.
94 1004 673 1041 Tela feram m ecum mea, quæ ſe pectora digna
91 1037 710 1069 Inuenient, meritaſque manus; intacta iuuentus
91 1067 634 1098 Vſque mihi ſuperat bellis, & uiuida virtus.
89 1099 742 1135 Flumina, in interitum pelagi ſic cuncta minentur.
87 1132 620 1169 Viaces longo amfractu diuertere fontes,
85 1163 621 1198 Derit terra fugæ ſed ſi ſubducere poſſint,
85 1196 752 1241 Non minus, hocdamno, per itora ſuicret æquor.
705 1245 795 1276 Qam
