976 1432
332 99 542 132 DVE.
792 123 839 149 307
130 133 664 182 Muneribus geminis decernit diua Virago
131 167 727 211 Eximiumque ſagi columen patriæq; columna
133 198 703 239 Cognite, cum miſeris viduauit ciuibus vrbes
124 228 785 281 Maurus atrox, Albâ duce cum miſeranda per agros
129 260 704 305 Iuit Cattigenûm tempeſtas. magnaque bellis
1 278 67 311 .
128 293 674 330 Perpetuis quaſſa, minata eſt vertice toto
124 324 718 366 Belgica, dirupt procerûm Compage, ruinam.
126 356 634 391 Vnde tibi dolor, & tacitæ mortalia curæ
1 349 69 378 ii
122 386 705 427 Pectora pertentant infauſtoque humida fletu
120 418 753 461 Lumina rore tument, quurnon diuina canentûm
120 450 651 486 Inde etiam pietas, poterit deiecta mouere
119 482 752 524 Corda tibi, & funeſtam oculis abſtergere limſam?
1 506 69 537 l
119 515 692 552 Hoc potius decuit nec enim fugientia rerum
119 546 670 586 Semina flebilibuſq; notis caſsaque querelâ
116 577 708 613 Terrigenis reparare datum; nec cura renaſcens
116 608 629 645 Ex vſu curarum, & amoris perpetis æſtu,
111 640 663 674 Funeris invidiam producere debet honeſti.
146 674 686 708 Tuque malis olim fatiſq; excercite, diuûm
111 705 694 745 Imperio vir magne, Deæ inconſtantis iniquin
111 734 634 773 Conſtantis leuitate ſuà, defuncte periclis
1 744 64 770 lis
109 767 626 799 Fortunæ; cui fortunas famularier omnes
1 780 64 803 re
106 799 680 834 Fata volunt noſtras:quam tu. ſeu læta refuli
1 816 64 844 ts
109 830 707 867 Seu tranſuerſa ruit, doctus ſuperare ferendo es:
100 863 703 900 Magne Heros, licet innumeras in pectore curas
104 894 674 932 Iammatura ſerant iuenis tibi funera, perfer
102 924 638 960 Hos caſus animo, quo deploranda tuorum
104 957 718 994 Excidia, i mperiumque tuum, quo nominis vſum
100 989 583 1027 Induperatoris pateris caligine mergi.
101 1021 716 1056 Nam ſic fata volunt:quæ nunc te numine dextr
100 1053 639 1091 His poſuere locis. abſentem Francia luget,
98 1086 673 1123 Et pater Adriacas Atheſis animoſus in vndas
97 1116 755 1153 Rex fluuiorum Atheſis quondam ci ſubdere colls
96 1147 697 1186 Debuit ridanus, quo tempore sangninis autor
96 1180 620 1220 Scaligeri Brennus depreſſa mapalia ſuleo
93 1213 643 1249 Et muroherboſo in ripa concluſit vtrâque:
566 1250 800 1284 V2 Mee
