976 1432
322 76 534 105 DVE Æ.
781 91 834 114 23os
113 112 687 155 Interrupta velimus, & inuideamus opimâ
126 144 729 183 Te veſci ambroſiâ, menſiſq; accumbere uûm;
125 175 704 214 Poſtquam læta dies tibi, lapſo tamporis orbe,
125 206 675 241 Exemit labem concretam, & ſedibus ilum
116 237 622 277 Reſtituit patriis aurai ſimplicis ignem.
124 272 787 308 Non tua, quæ nulla eſſe queunt incommoda, noſtra
124 302 693 337 Sed deploramus, quis tantum oſtendere fata
122 334 645 373 Te voluere, haud poſſe frui: veſtigia veſtra
112 365 722 403 Pone ſequi aut certe in votis erat omnibus ire
120 398 684 436 Nunc velut excuſſo nauis deprenſa magiſtro
118 429 683 464 Fluctuat, & fruſtra rectum ſurgentibus vndis
120 462 694 497 Tendere itet molitur;at ipſe eſfuſus in æquor
111 494 747 530 Rector quem tenuit clauum de puppe renulſu
118 525 739 559 Præ cipitans traxit ſecum, sſubque æquore merſit:
121 556 663 588 Sic nos excidimus curſu, ſic protinus arma
109 588 733 619 Colligimus, teque è tranſtris, dum ſidera ſeruas,
118 620 635 651 Turbato, cunctæ caligant carbaſa claſſis.
150 651 705 685 Ergo ades huc in vota mihi, ſeu lora tenere
1 661 44 692 e
117 682 738 713 Debita. flammiferos Phœbi conſcendere currus,
108 714 725 750 Telluremq; nihil ſibi, te Phaëthonte, timentem
116 746 722 781 Luce nouâ irradiare paras; ſeu blanda Diones
1 767 60 794 u
109 777 772 809 Regna tenes, Paphioque micas decus aditus aſt.
1 794 56 829 g
115 809 644 841 Tu qocunque poli ſedemtibi legeris orbe
1 830 67 856 bi
115 842 666 876 Incola gratus eris, nos reſpiceeſuper inde,
116 873 629 906 Et menti præſens, externatoq; nefa ndâ
1 895 60 922 u
116 904 690 935 Clade animo inſolitas paulatim ſufsice vires.
108 936 689 968 Da tantum proferre dolorem:aſſueſce vocaci
107 969 707 1000 Voti, iam numen, chelynin tua funera tendas
116 1000 716 1034 Tu mihi, dum cineri ingrato ſuprema ferentes,
115 1032 752 1068 Solamen nobis, nec quicquam dicimus vmbris.
149 1064 799 1099 Dum memor eſt igitur, dumq; eſt in vulnere prims
117 1096 701 1126 Pulla domus,gemitu vox intercluſa meatum
116 1128 612 1160 Inuenias, & vos obſtantia pectoris arcti
109 1160 754 1198 Denſatæ in cuneum perrumpite clauſtra querelæ:
110 1192 668 1228 Nec lacrimæ deſint; eſt quid pietatis in illis,
547 1233 611 1258 53
733 1232 825 1265 Eger-
