976 1432
363 78 566 100 DVI .
757 85 801 104 3
88 118 687 145 n nihilum via: ſtat cunctis hic terminus æui,
94 151 755 181 Extremumque diem primus tulit pa polorum
98 181 651 212 It conuea volans conſtanti machina lapſu
100 211 633 244 Intidet in ſenium: terræ firmiſſima moles
93 244 645 276 Ibit in indomits, ruptâ cmpage fauillas:
92 276 757 308 Quiq nos ſperemus miſeri, quibus eſt proprium nil?
93 308 591 340 Sed veluti cœli facies, & lucidus æther
94 339 651 370 Materiâque ſua, formæque & molis honore
101 369 634 402 Exſuperat longe fæces terræqe mariſque:
101 402 651 434 Sic mortale decus, quibus & fortuna petitis
79 433 641 466 Conſumat vireſque ſuas & mu nera dando,
101 464 704 494 Conccdunt domus alta tibi, ſuprema Tonantis
92 496 703 530 Regia. lupra orbes ſtellarum euecta, ſupremum
1 531 34 549 E
91 526 741 561 Corpus habens, tantoque polis ſublimior exſtans,
90 557 681 594 Quanto mens cauſas excedit prima ſe cundas.
101 587 759 627 Quicquid id eſt. neque finitum, neque dicere poſſis
98 621 724 653 Im menſum, ſed lucis opus, quod cuncta coërcens
99 655 572 690 Circuitu ſtabili, nil ſeſe deſerit extra.
99 685 654 722 Diuitias hic nempe ſuas, ſeſeque videndum
92 716 675 751 Exhibet ipſe Deus, claraque in luce triformis
94 747 674 789 Explicat æternos vultus atque omnia ſecum.
101 779 689 816 Illo habuit quicquid deductum fomite tellus,
4 793 37 815 i
100 811 707 847 Rurſus abit ſpernitque humilis faſtidia mundi,
7 822 73 855 u
92 844 610 880 Temporis exacto curſu: ſi redditur ipſi
1 855 48 881 et
94 874 665 911 Principio mens noſtra ſuo, vereque quieſcit
102 906 619 940 Auctori coniuncta Deo, qui diuite fuſam
1 922 45 946 -
95 939 694 972 Fonte, ſinu rurſus recipit: velut omnia magno
93 971 695 1009 Gurgite per cunctas diffundens fluminaterras
1 984 57 1019 e
94 1003 648 1038 Oceanus, magno redeuntia ſuſcipit alueo.
1 1017 59 1049 î
101 1032 776 1071 Tantum hic quiſque tenet, quantum virtute parauit.
95 1067 650 1103 Exemplum tu ſolus eris, laus cuius ab ortu
102 1097 656 1132 Didita ad occaſum magnis includitur aſtris
100 1130 691 1162 Duiades, Dis, doctarum te præmia frondium
1 1144 57 1179 5
101 1164 661 1199 Miſcebant ſuperis; naturæ arcana, potentes
92 1195 645 1230 Menſuras, numeros, & cœli noſcere curſus
521 1232 594 1263 V5
699 1223 816 1252 Conces-
