976 1432
916 1 966 27 V
215 85 645 109 LEEVVIODICTVM.
754 91 805 113 aI7
47 125 598 160 Optatum ſtatuit votis imponere finem.
46 158 535 191 Ergo rubens albeſcenti Matuta diei
50 189 671 225 Subdidit vt primum biiugos, Deus incidit alis
60 221 802 252 Maternum in thalamhlc quondam ſpectacula Diuis
60 252 597 281 Mulciber exhibuit toto notiiima cœlo
59 283 693 316 Et matri ante oculos his ſe cum vocibus offert:
59 316 790 349 Omnipotens genetrix, genetrix quæ in pectore flam-
60 347 597 382 Spinoſas ſeris, & viuaces incutis ignes:
726 349 802 377 mas
59 375 791 415 Quorſum arcus telumquemihi quod miſſile libro
60 410 626 448 Si Martis rabiem, ſi tela Typhoea temno,
46 440 612 478 Si potui caput hoc alternis ignibus vrens
1 470 680 508 eTerras, igne meo, & maioribus vrere flammis:
61 502 660 545 Cur æego non teneræ poſſim penetrare puellæ
1 535 585 577 sCor iaculis, quæ tu ſenſiſti ſæpius ipſa?
1 565 671 604 Et nuncille meis qui vulnera ſenſit ab armis,
61 595 802 632 Cur non ſentit opem? Telepho hoc conceſſit Achilles;;
1 630 684 676 us Concedamus idem, ne ſimus Achilleminores.
1 661 645 704 . Vidi ipſe hunc longis ſingultibus ora rigare
1 692 595 737 sPallida, & ex imo ſuſpiria ducere corde,
1 725 750 774 Me quoque cum gemitu crudelem voce vocantem.
62 755 771 795 Vidi atque indolui: & miſerum miſeratus amantem,
30 788 625 828 Fleribilem magnis intendi viribus arcum,
86 819 665 852 Viſcera conatus terebrare intacta, puellam
88 850 688 885 Sed leni tantum, præter ſpem, vulnere ſtrinxi.
85 884 625 918 Ex illo magis at iuuenis fomenta calori
1 910 67 944 i
87 912 752 954 Quod dederit radians dominæ ignipotentis ocellus
86 946 612 984 Teſtis ego: ton ſic occultis vitibus Indus
88 976 701 1016 Se lapis Auſtralem magnes conuertit ad Arcton:
86 1008 729 1047 Non Clytie intento ſequitur ſic lumine Phœbum
88 1038 772 1074 Cuius amore mori nondu, quoque mortua, ceſſat;
87 1072 721 1111 Vt mens, atque animo iuents concepta voluptas
3 1075 64 1111 a
87 1106 632 1143 Attonitique vna ſant fixi in virgine vultus.
86 1138 661 1176 Ni te, quæ nullos decet inclementia diuos,
88 1170 639 1205 Tranſuerſum genitrix egit te ſua tuorum
1 1175 63 1201 uil
38 1202 696 1243 Supplicia, &, ſi non ſuccurris, funera tangnt
1 1202 64 1238 n
738 1232 806 1257 Hoe
