976 1432
222 74 681 102 MERCVRIVS.
779 81 820 101 32r
99 118 586 149 Non vlli non ipſa ſibi, fuit auſa fater
94 149 663 181 Serpentes blandâ vi circum pectus amores.
93 180 768 213 Sed non hæc Venerem, licet omnes, flamma fefellit;
100 213 768 246 Nam quis amans Venerem fallat? coniungit olores
1 225 62 250 ni
100 244 673 270 Floribus. & niueas fuluo temone columbas:
103 277 661 308 Sic Dea cum puero, cœlo delapſa profundo
102 309 615 340 Attulit aureolas in tecti limina plantas.
93 340 609 369 Affudit violas, & purpureos hyacinthos
102 371 682 405 Collectos Paphiæ prato, myrtoque reuinctus
104 402 686 436 Sparſit s mor pharetris argentea lilia plenis:
102 432 784 469 Hic Sponſam capit, illa virum, dextraſque præhenſas
103 465 692 500 Coniungens, vltro his ſanxit connubia dictis:
135 497 661 528 Viuite felices animæ, atque accedite letæ
1 499 69 519 :
3 529 64 563 i
105 529 663 571 Quo promiſſa fides, & quo iam nubilis ætas
106 559 751 598 Quo bona vota vocant; ſic vos ſccunda iuuenta
105 593 660 630 Reſpiciat, faciatque optata prole parentes.
3 599 65 626 e
107 620 813 663 Quamque tibi, o Iuuenis, dominam dedit ipſa voluntas
2 627 56 659 b
106 655 655 688 Parentem imperio ſexus, complectere tota
1 659 56 685 it
107 687 676 718 Mente, nec vlla dies tantos diuellat amores.
106 717 706 757 At tu, quam dominam dixit, nunc omnia pone
1 727 66 751 t
106 748 707 788 Imperia, & tolerare iugum cum coniuge diſce;
1 759 66 790 ets
109 781 676 818 Coniuge eris iuuenis felix & coniuge virgo.
110 812 709 846 Sic animos coniunget amor, ſic vincula nectet
1 822 66 854 e
109 845 701 881 Arctius, obſequio totidem per vincula nexus.
109 876 664 915 Tempus erit venietque dies, ſi non ego veri
107 906 684 941 Vana feror, cùm firmabit communis amoris
108 941 734 977 Vincla puer, referens & vultu & nomine patrem.
141 970 660 1004 Dixerat: extemplo ſeſe ſuper ardua cœli
109 1003 615 1043 Extulit, & nocti diua intermiſcuit atræ.
1 1010 72 1056 u
106 1033 692 1069 Indè fauet thalamis, & ſanctis fœdera firmat
114 1066 709 1107 Ignibus, inde hominum curas, & dulcia furta
114 1097 722 1136 Conſpicit, & gratas inducit amantibus vmbras.
353 1139 548 1171 Mercurij querela.
921 1144 966 1175 I
54 1180 648 1223 Ille ego, qui magni natalia tecta tonantis
744 1219 824 1249 Rega-
182 1218 367 1243 Tom Secundius.
