976 1432
372 86 663 109 EYNDI
180 99 225 121 34
185 126 770 161 Saltem, quorum alter diuos conuiua diurnus
6 140 63 170 Ii
184 159 771 192 Dum repetit, Stygijs alter ſubmergitur vndis
177 191 787 225 Sed mihi nequicquam requies alterna rogatur.
188 223 788 257 Corniger hic genio indulget Semeleius vſque
185 255 747 289 Liber, pampineâ redimitus tempora vitta.
187 286 741 322 Tum qui te iactas alcmena matre creatum
189 319 765 350 Crateras ſta tuis magnos, & plurima ludens,
173 351 728 384 Membra deo victus pleno te proluis auro.
935 351 973 384 m
188 381 791 417 Aſt ego cui genitrix ſata Pleione, lucida partu
914 384 973 418 e
190 415 813 450 Quca M aia eſt enixa Ioui, Cereremque caniſtris
914 418 973 448 u
188 445 802 481 Epedio Diuis, manibus doque ordine limphas
914 446 972 479 u
187 478 728 509 Vt famulus. tonſiſque fero mantilia villis.
188 510 755 545 Et quoties illis lubitum ſuper aëra & vndas
913 512 973 541 ii
190 540 831 576 Me mittunt, ſtridentem alis, ventoſque ſecantem.
190 572 773 603 Vt modo; cùm feſſus yriâ Sidone venirem,
912 575 973 606 on
189 604 722 638 Et reſponſa oui Creſſa de pellice ferrem,
912 607 974 639 C
192 638 767 672 Corporis haud mihi curandi data copia feſſi,
912 639 972 672 pu
191 669 767 700 Nec victu inualidas potuque reſumere vires
194 701 777 731 Fas fuit; aut matrem ſolita impartire ſalute.
194 732 701 764 Sed me, ne requiem præberent vlla diëi
914 765 974 800 a
192 763 820 797 Tempora, iam lnachium rurſus dimiſit ad Argos;
192 797 763 829 Vt viſum quid agat Danae, circumdata aëno
912 800 974 831 I
192 828 802 861 Muro, quam grauidam fœcundo reddidit auro.
912 831 972 859 uoes
192 860 747 891 Indè &, Hyantæos vbi perluſtraueris agros,
192 892 792 925 Inquit, ad Antiopen Nycteida dirige greſum,
192 923 776 955 Vt valet, vt meminit noſtri, fidicenne ſuperſit
192 954 711 986 Filius Amphion, rogita, veſcatur an aura
913 962 974 993 i
193 987 836 1019 Lethus; abi, Lephyros cape nate & labere pennis.
912 994 974 1024 u
193 1019 843 1051 At mihi, dum loquitur, ſoluuntur frigore membra,
1 1040 57 1061 l
192 1051 778 1083 Ingemo &è digitis cadit aurea virga remiſſis.
1 1061 57 1083 ll
192 1083 818 1114 Et nunc pergo tamen curſu, quo mittor, anhelo:
192 1114 800 1148 Ne quoque, ſi tardus fuerim, ſub vulnere malæ
192 1147 836 1179 Mox crepitent, erretque aures & tempora circùm
191 1176 957 1214 Crebra manus Patris, aut furcam per compita portem,
188 1211 789 1245 Bubula ve incurrant in noſtrum tergora tergus
914 1215 973 1244 u
785 1244 916 1278 Namque
