976 1432
287 94 585 124 AVNVS.
734 109 793 135 3
53 132 682 174 Rarus in Hippolito decor oris, & inelita formæ
70 169 633 200 Gloria, quaque etiam victa nouerca, fuit.
72 199 543 230 Ille, pudicia felix & flore iuuentæ,
62 231 613 267 Si tantum pelagi non adamaſſet aquas.
72 261 659 297 Littoris extremi nam fluctus fortè legentem
62 294 596 324 Excuſſit proprijs Phoca marina rotis.
71 326 710 357 Sæuior in veſtrum eſt harum inclementia ſexum
116 357 624 388 Experta eſt miros, inguina, Scylla canes.
68 388 647 418 Cum mare ſub tauri ſpecie fulcaret adulter,
60 419 551 452 Amiſſum flebat regia virgo pecus.
69 452 622 483 Flebat at irrifu flentem excepre cauernis
115 484 585 515 Cete, Dictæis quæ ſtabulantur aquis.
70 515 644 546 Acceptam mouiſſe fidem tu parce. vetuſtæs
114 546 603 577 Pro magno ſemper teſte probata fuit
72 578 634 605 Mox aliud flebis, clamarunt; littore in iſto
57 609 625 639 Perditus Europæ eſt virginitatis honor.
1 629 46 651 e
71 640 615 672 Viſcera ſperabant & paſcere corda relictæ
2 660 57 697 i
113 671 614 705 Virginis, & tenero membra fouere ſinu.
69 702 596 737 Iuppiter increpuit, ſeſe confeſſus ; illi
116 733 635 766 Profuit in gremio tunc tenuiſſe Iouem.
84 764 801 803 Quid loquar Andromedam pendentem rupe parabat
107 798 505 830 Ex ipſo piſtrix dilaniare freto.
72 830 634 859 Non illiauxilium mœſti præbere parentes,
115 861 570 894 Vix poterant lacrimis aſſociare ſuis.
73 893 692 926 Reſpiciens tunc antra procul, Cepheaque rura,
112 923 602 958 Optanit patrium poſſe ſubire nemus.
76 955 693 991 quora damnauit, timuit quoque littora ſero;
119 986 693 1022 Quodque ferum aut atrox illa el illa creant.
79 1017 756 1055 Quam tulit vt Perſeus, cauſſam, pretiumque laboris,
117 1050 734 1084 Exoſum, quoque nunc, littus & æquor habet.
78 1082 762 1118 Quipe polo fuigens, monitus non ſpernit amantis-
118 1113 662 1148 Eſtmea, quæ Perſe cura. relinque fretum.
86 1146 651 1176 Tu toties, etiam nunc, auerſata monentem,
118 1178 632 1210 Das mea verba tuis in mare ferre Notis.
87 1210 645 1248 Nec quod fuſca fuit, cedat tibi filia Cephei,
760 1250 805 1271 Ne
535 1246 585 1272 4
