976 1432
385 81 681 110 EYNDII
158 89 200 112 32S
193 128 727 154 Ne tumeas, lactis candida nomen habens.
161 159 787 191 ic Veneris decor eſt, Veneris ſi numina temnis,
940 160 974 184 s
194 192 716 222 Nec Veneris, nec tu digna decore tuo es.
161 222 783 254 Dum ſpernit Paphiam, dum ſpes affectat eaſdem
192 255 757 287 Cum Triuia, quondam candida Perſephone;
163 287 719 318 Rapta Ioui Stygio poſtquam ieiunia ſoluit,
192 318 716 351 Nunc habitat fuſcas, fuſcior ipſa, domos.
164 351 732 381 Omina ſint a te procul hæc, notiſſima ponto
195 382 720 409 Numina in his mecum tu venerare caſis.
163 413 973 446 Hic vmbram dat fronde nemus, dantarbuta ſiluæ, h
199 445 713 476 Credere quis poſſis Numen ineſſe locis.
910 447 974 479 t
165 476 707 507 Diſſidij ignaros, extremo in limite mundi,
198 509 656 534 Et curæ vacuos hæc habet ora deos.
939 516 974 541 S
165 539 748 571 His agimus ſolis obſcurum montibus æuum,
198 571 604 604 Otiaque Elyſijs inuidioſa locis.
937 583 974 608 Ei
168 602 669 631 Sic alij: mihi ne deſint ex omnibus vni
195 635 694 669 Omnia in hac vitæ proſperitate, Veni.
911 674 974 697 .
424 695 604 726 Phaon Sappho.
942 709 974 738 Si
168 734 794 767 Quam tibi non poſſum præſens, ignoſce, ſalutem
200 767 700 799 Ferre, feret appho littera noſtra tibi.
943 775 974 796 Iu
166 798 836 831 Hinc p recor illa ferat: nam præſens vultus amore
198 831 715 864 Teque meo ſolitus perdere, mque tuo.
165 860 736 893 Sic benè diſinnctis. maris interualla, caloris,
197 893 717 928 Optima sſuntque tui ſepta, meique mali.
165 924 790 958 Nullus amor tantus, quem non abolere locorum
193 954 693 993 Diſſidia aut ſaltem diminuiſſe queant.
165 986 769 1022 Nullus amor tantus, quem non iterata nouare
1 986 42 1025 I
198 1019 746 1058 Colloquia, aut ſaltem continuaſſe queant.
941 1029 974 1053 I
166 1051 779 1089 Cernes concuſſam, è ſcintilla exurgere in ignes
196 1082 721 1113 Sæpe facem, at nullo concutiente mori.
937 1095 974 1116 ut
165 1113 767 1154 Hinc ego tam dudum veſtris reſponſa querelis
195 1145 686 1179 Differo, reſponſis ne renouetur amor.
165 1176 686 1218 Sed veſtris ideo reddo reſponſa querelis,
909 1187 972 1219 lu
1 1179 32 1213 I
193 1211 742 1252 Vt præſtem meiius nunc tibi lentus opem.
910 1220 973 1254 u
770 1253 869 1280 Rectius
4 1366 47 1381 l
917 1378 968 1398 -
