976 1432
321 87 568 119 PHAON
762 91 804 111 29
94 125 709 157 Rectius aggrediar nunc; cum tua vulnera tangi
130 158 591 182 Permittit, ſolitus triſtia ferre, dolor.
99 189 696 221 Cumque & amore tuos animos expleris & ira,
131 220 609 244 Forſan eris verbis emoderanda meis.
1 222 51 248 le
101 251 698 285 Obliquas ſecat, aduerſum qui traijcit amnem,
133 283 624 314 Non ſolet oppoſitas ire natator aquas.
101 315 683 347 Exemplo didici ipſe meo, quis credere poſſit
135 347 636 376 In Veneris diſci puluere Martis opus?
104 376 701 413 Quod primos benè qui ludit cedendo furores
112 408 627 439 Hoſtis, cedendo victor ab hoſte redit.
102 439 673 475 Ecce fugax Parthus, Veneris vir præſidet illi,
138 471 592 501 Auſonio ſola tutus ab enſe fuga eſt.
106 502 734 540 Sic ego, dum fortes properabam rumpere nodos,
140 535 664 575 Quis mihi cor veſter vinxerat antelepos:
106 564 705 603 Et quia confeſtim, & quia vi me ſoluere niſus;
5 563 62 587 r
139 597 665 627 Dum nitor, ſtrinxi vincula corque magis
110 627 692 664 Sed cum ſponte ſua, & paullatim laxa reliqui
144 658 688 691 Hæc fluere, ex illo lenius vſque malum eſt.
3 660 63 694 I
112 688 785 731 Si quid adhuc ſupereſt, minuet diſiunctio amantûm.
144 723 651 756 Hei miſer indicio prodor ab ipſe meo.
100 754 663 792 Parce precor faſſo, ſolidè te ſemper amaui,
1 757 63 796 ei
144 787 708 824 Et quoque nunc, ſed non impatienter, amo.
1 796 57 829 i
116 817 711 857 Qui tibi cauſſa fui nunc ſim medicina doloris;
1 829 63 858 u-
148 852 725 888 Quique dedi vulnus, nunc dare conor opem.
1 866 65 894 u
114 880 737 921 Ergo ego quod didici, quoque te patiare doceri,
3 894 61 927 oii
147 915 585 950 i xemplo vt fias cautior inde meo.
117 944 758 980 Sit tantum tibi propoſitum non tangere flammas,
1 959 50 985 -
149 978 636 1013 Iam nunc in cineres ignis it iſte ſuos.
116 1008 674 1043 Nullus amat niſi ſponte ſua, prætexere noli
148 1041 670 1072 Aut fatum, aut ſtudijs mollia corda tuis.
1 1057 63 1087 s
115 1072 748 1109 Carcer apertus amor; nemo tamen effugit inde:
148 1105 649 1137 Nos vincti, ſine vi dedita turoa ſumus.
116 1135 746 1175 Mrobus amor; morbo eſſe cupit qui liber ab illo,
1 1157 64 1192 -
106 1169 691 1204 Hoc verè cupiat; dum cupit, eſſe poteſt.
117 1202 658 1239 Sicuncti incipiant ſeruire affectibus ægri
761 1232 828 1257 Iudi-
543 1238 605 1262 X5
