976 1432
1 34 63 56 p
363 81 636 109 EYDII
140 82 241 102 90
175 121 693 160 Iudiciumqu animi debilis omne ſequi;
141 155 788 188 Ars tua nil Chiron, nil herbæ aut pocla iuuabunt
183 186 714 220 Quos iuuat in mortes currere ſponte ſuas.
139 217 734 251 Hinc me, polliceor, poſt Sappho, nulla tenebit
934 242 973 271 a
180 249 635 283 Sicelis aut, teſtis ſis rycina, tenet.
943 272 974 301 5is
124 279 714 315 Poſt te, nulls meos poterit peruertere ſenſus,
933 305 973 337 ne
163 311 658 349 Ipſa licet deaſit cui ſacer iſte locus:
88 341 725 378 Atque iterùm mihi cum naro ſeſe offerat illa,
177 377 677 405 Vt mihicum nato ſe obtulit illa ſemel.
928 376 974 402 op
142 408 814 447 Paruus eram, memini, paruam trans flumen ageba,
930 442 972 465 C
178 440 635 472 Vel ſtipis exiguæ portitor ære, ra tem
131 471 676 508 Stabat in aduerſa cum nato, fœmina ripâ;
173 504 673 537 Stabat, & exhibuit ſtantis imago deam.
130 535 752 571 Sublataque manu, precor huc appelle, vocauit,
172 568 643 595 Et nos trans flumen littore ſiſte tuo.
1 590 766 632 ll Dixit, atipſe putrem conto pueriliter alnum
170 632 695 665 Impuli in oppoſita margine prona ſtetit.
130 662 798 702 Et tacitè admirans habitum vultuſque loquentûm,
915 666 974 694 o
173 692 673 730 Poſcere pro naulo non tulit æra pudor.
130 725 733 761 Pulcra videbatur dea; ſed mihi pulcrior ille,
916 726 974 760 i;
171 758 651 794 Nempe mihi puero gratior, eſſe puer
895 761 974 792 M
128 788 715 828 Vnda deos norat fragilis ſub pondere cymba
169 822 632 859 Mugijt & laxâ crate recepit aquam.
915 822 974 858 s
127 851 668 889 Extimui, potuiq; deos tunc noſſe, timoris
168 883 670 915 Sed fuit anſa mei, non ben noſſe deos.
914 888 973 926 M
123 912 732 955 Riſit Amor, riſitque Parens, & pyxida tradens,
166 946 626 981 Hoctibi pro naulo puſio, dixit erit.
131 978 699 1020 Accipe: ſi ſemel ex illa tua corporainungas,
915 985 974 1009 M
166 1010 657 1043 Nulla erit à formâ forma ſecunda tua.
121 1041 727 1085 Me miſeruml tam multarum tormenta recepi
162 1074 664 1109 Et mea in hac vna pyxide damna ſimul.
128 1104 760 1146 Virginibus namque innumeris adamatus, amaui
164 1139 634 1175 lnnumeras. illis & mihi auſſa mali.
932 1150 974 1178 u
119 1168 742 1213 Dum, quod multarum fuerat, tibi contigit vni,
942 1182 972 1204 B
162 1203 676 1243 Teque ,idens, dixi Tu mibi ſola places.
912 1214 973 1238 li
777 1251 834 1276 Dixi
