976 1432
312 74 569 98 HAON.
759 80 808 101 33
89 116 680 149 Dii equidem fateor, pepigi ſed fœdera nulla,
127 149 614 180 Perfidus hinc carta non legqr eſe tua.
65 179 698 214 Sed fuga noſtra tibi dabit vltia fata, minaris;
131 211 679 242 Ne det, nunc etiam, teque dooſque precor.
2 229 726 276 tViue,memor Superos homini dare munera vitæ,
135 274 617 306 Ne fingas, Superos te monuiſſe, mori.
95 305 715 340 Non deus eſſe poteſt, multo minus eſſe Cupido,
139 337 513 371 Qui ſuaſit ſaxo deſiluiſſe tibi.
1 365 753 401 tliNon puer hic hominum propellit funera, quamuis
136 400 601 427 Viiricus humana cæde cruentus eat.
65 430 774 475 Cumque ſit ipſe puer.nihil huic, niſi ludere curæ eſt
2 428 118 458 at.l
139 462 667 498 Cumque Deus, nulli ſponte nocere ſolet.
64 493 712 531 Ergo fuge Ambraciam; ne vel tibi cauſa furoris
141 527 556 555 Dicar, vel falſo funeris eſ Deus.
1 554 660 602 t Arguis, & verſus & carmina veſtra probaſſe,
140 587 695 626 Ingenium quoque me ſemper amaſſe tuum.
65 619 717 668 Dignus amor meus eſl veniâ, non corpus amaui,
142 650 643 683 Communis, liceat dicere, forma tua eſt.
2 682 694 729 ieHoc, quod me cepit, facie eſt præſtantius omni
133 716 670 753 Ingenium, id formæ dat decus omne tuæ.
2 737 47 762 I
1 744 811 792 Auguror hinc; tibi vel nunc pectus amore ſolutum eſt,
144 778 621 810 vel, tibi ſoluetur pectus amore breui.
1 808 750 863 Namque mihi facies, quam te inlammaſſe ſateris,
142 841 669 879 Iam perit, aut certe iam peritura mihi eſt.
104 873 782 912 Auguror at contra, quod caſtum pectore amorem,
144 906 569 944 Quo te dilexi non feret vlla dies,
1 935 849 991 eNamq; tibi ingenium, quodadhuc amo, non feret ætas,
140 968 734 1008 Hoc, quoque poſt obitus, quippe perennis eris.
193 1012 694 1048 HROPRICN
1 1025 65 1055 s
388 1056 536 1077 LIBEP.
373 1096 547 1125 dectorem.
1 1130 707 1193 Hæc pauca illevi cartis epigrammata, dum me
144 1164 584 1200 Delius àlituis ſeuocat atque tubis:
62 1194 694 1234 Et tenui adſueſcit paullatim abducete cantu,
735 1227 814 1251 Belli-
1 1222 66 1260 i
