976 1432
1 35 60 58 -
148 88 768 127 32EYNDIIYAPOPIN
182 140 683 171 Bellicrepi raucos Martis ab aure ſonos:
149 173 736 203 Luctantemque docet conari flectere mentem
183 203 677 235 Ad ſacra Piëridum munia, pacis opus.
149 236 793 267 Sed nec Caſtalio, nec equino fonte putandum eſt,
179 267 687 299 Mars pater, igniculos poſſe latere tuos.
916 294 974 325 pu
149 299 710 328 Delius hoc ſciuit comitem ſe iunxit Amori,
182 331 633 364 Cuius ſenſerunt omnia nata faces
149 363 720 394 Sic coniurati, mihi quos poſt prælia & æſtus
181 395 622 427 Armorum, fontes Delius e:xhibuit
148 427 676 459 Eſſe puer gratos fecit Cytheræus, vt ignis
179 459 629 483 Perculit inſolito vulnere corda ſui.
150 491 772 522 Carmina materiam ſumunr. rem, lumen ab illis,
180 524 791 556 Dum motus animi quodque pigramma docet.
148 555 827 589 Mars raucos numeros ſed Amor ſibi vendicat ignes,
182 585 825 620 Phœbus aquas, noſtri hic nil reliquum inuidiæ eſt.
383 631 636 664 Ad fintes luſarum.
149 671 687 706 Non ego Pegaſeo tinxi mea labra liquore,
182 704 665 729 Non hauſi fontes Caſtalis vnda tuos:
46 721 707 764 Si tamen hoc merui, veſtris infontibus, illa
184 767 722 800 Quæ mihi nunc vrit pectora, flamma fuit.
432 815 568 843 Ad eoſdem.
149 852 736 886 Vos ego crediderim vicino ex æquore natos,
917 858 974 897 M
181 884 754 916 Per quod, dona Paris dum ſequitur Veneris,
147 914 785 948 Attulit in Phrygiam Græcorum incendia ſecum,
181 946 750 981 Atque in ſe flammas Tyndari Nympha tuas.
916 959 974 987 M
149 977 780 1015 Sic miſer Oebalios dum per freta quæritat ignes,
915 999 974 1026 I
179 1009 647 1044 Eſt duplex illi flamma reperta mari.
916 1027 974 1060 l
439 1073 569 1100 Ad eoſdem.
146 1113 755 1145 Vel vos, vel veſtris ortas de fontibus vndas
177 1146 606 1177 Leriopes natum detinuiſſe reor.
149 1177 736 1219 Queis æ ſtum miſer vt voluit ſedare itimque,
176 1210 643 1247 Illi æſtus fuit atque altera nata ſitis.
736 1252 850 1285 D denm.
