976 1432
356 86 597 112 LIBER.
796 92 833 112 333
402 130 514 157 Da illem.
118 170 627 200 Bellorum feſſus curis, ſecurus amorum,
157 201 644 235 Vmbras captaam Pinde ſonore tnas.
60 233 837 266 Cumque ſitim reſtinguere aqua manante pararem
156 265 587 298 Fontibus Aoniis Caſtalioq. lacu,
30 296 641 360 s
407 371 519 395 De Luciâ.
65 414 707 447 Sumeret à cœlo cum primum Lucia formam,
157 446 790 474 Hinc niue, & hinc flamâ membra notauit Amor.
66 478 717 509 Hinc niue candidulaſq; manus & lactea colla,
156 509 589 540 Et cor candidius frigidiuſq; niue.
66 540 700 572 Hinc flama roſeaſq; genas, atque ignea labra,
159 574 618 606 Et qui dec liis fulgua dant oculos.
3 605 620 637 Eſt his cognati concors diſcordia cœli,
158 637 608 671 Et genus, vt vires tempetie; poli.
408 677 522 700 De edem.
126 717 683 754 Lucia dans rutilos ventis diffundere crines,
160 752 678 785 Criſpantes, flamæ ſunt ſimulacra comæ.
130 784 683 818 Sed quoties niueam deteit Lucia frontem,
158 815 601 841 Intactam iures eminus eſſe niuem.
128 847 709 879 Nec tamen hic audent, communi pace ligatæ,
160 879 736 917 Lædere nix flamam, aut lædere flama niuem.
1 890 37 920 ne
425 921 569 943 Ad eandem.
73 951 663 979 Tevidere oculi, exarſit cor; corde calente,
160 982 662 1014 Edita ſunt geminis flumina luminibus.
1 986 37 1011 3
2 1008 791 1049 ic Luminum aquis iterum ſed cordis flama renata eſt
161 1046 801 1080 In me aqua iterum ſic ignem gignit, & ignis aqua.
128 1078 660 1114 Igne & aquâ periiſe iuuat; ſic tota peribit
164 1110 685 1142 Hæc mundi ſeries igne, periuit aquâ.
315 1158 637 1191 Nauigaturus ad Boream.
132 1197 690 1237 Quid tu de cunctis immanſuetiſſime ventis
730 1228 836 1254 Aduerso
913 1314 974 1330 E
