976 1432
177 80 796 113 EYNDII APoHYPI
212 131 674 164 Aduerſo noſtrum turbine ſiſtis iter?
159 164 708 193 Ih me deſæuis. Borea, non aſpet in vndas;
212 193 800 227 Heilmihi non ſcopulis æquoribuſque noces.
178 225 776 258 Non mihi, ſed facibus ſaltem concede Diones,
207 259 670 289 Cuius in hoc imo pectore ſacra fero.
176 290 791 322 Frigide adhuc dubitas? raptæ memor Orithyiæ,
206 322 693 355 His quoque te slamis incaluiſſe ſcies.
938 351 974 373 us
454 369 595 391 Ad Lciam.
175 411 782 444 Nunc color eſt ignis Lunæ. nunc pallida ſuirgit
943 415 973 447 n
208 444 774 475 Dum perit ad adſpiciens Endymiona ſuum.
179 476 744 508 Dat gelidos etiam tanquam ſuſpiria, flatus.
944 480 974 501 ls
206 508 796 540 Signaque ſic quamuis frigida amantis habet,
174 538 775 571 Ignea ſic modo tu modo pallida, Lucia, ſurgis;
202 571 705 595 Mane ſalutatum cum venio ante fores.
2 589 52 612 u
178 604 775 635 Qamvis ergo meas temnas tu frigida flamas,
913 603 972 638 s
199 635 681 666 Illa tui ſignum frigora amoris erunt.
912 662 973 706 u
369 679 663 704 Ad eandem, de iactu niuis.
167 721 792 754 Cum niu me peteres, ſummi de culmine tecti,
201 752 714 785 Lucia, nec ſurgeres quin mihi vi ſa fores;
170 785 800 821 Candida nix imbre & pluniis conſtricta pruinis
944 790 974 812 ei
200 818 655 844 In me candentis fulminis inſtar iit.
168 848 735 880 Velatas niue dum faculas ſic, Lucia, mittis,
947 853 974 876 l
197 880 688 913 Accenſas mittis dumq; niues faculis;
162 910 720 945 Das vno hoc iactu gratas in frigore flamas,
912 913 973 952 u
196 942 687 977 Et das in flammis frigora grata mihi.
912 980 974 1011 i
338 1004 707 1031 Ad eandem, de eodem iactu niuis.
912 1011 974 1034 n
916 1044 974 1066 Cu
166 1044 787 1079 Tela faces Veneris ſunt fulmina tela Mineruæ,
899 1076 974 1107 C
194 1078 682 1107 Quæ mittas in me ſunt tibi tela niues.
162 1108 736 1142 Tela, tuos animi nimium referentia mores,
194 1141 642 1176 Tela, tui quæ ſint corporis effigies.
927 1163 972 1188 is
161 1171 778 1207 Gandida cum ſit nix, cum candida, Lucia, ſis tu,
910 1197 974 1228 l
192 1206 721 1242 Tempore decreſcit candor vttiq; tamen.
787 1247 873 1270 Cum:
