976 1432
375 65 616 96 LIBER.
770 84 847 117 3
131 101 748 146 Cumque tibi candor, candorque periuerit illi,
171 135 612 173 Erepta.ambabus cauſa rgoris erit.
135 165 722 207 Frigida cum ſit nix, cum frigida, Lucia, ſis tu,
169 196 637 236 Vritis ex tanto frigore vtræq; tamen.
76 227 672 268 Sed tibi cum ſrigus friguſq; eriuerit illi,
147 260 621 295 Forte erepta mihi cauſa calorit erit.
406 311 561 335 Ad Venerem.
133 342 727 385 Cum ſis nata Venus ſpumoſis æquoris vndis,
165 374 653 415 Filia maternum multa refers pelagus.
82 399 719 451 Oranti ſurdum eſt pelagus, tu ſurda precaenti
148 439 680 481 Qui netiam æquoreis durior es ſcopulis.
71 470 736 506 Inm re nunc veniunt venti, nunc ſuda erena
160 504 654 540 acem in amore tuo bellaq; ſæua geris.
128 533 714 571 Cumſis nata Venus ſpumoſis æquoris vndis,
2 545 71 576 di
160 564 628 602 Filia maternum nnlla refers pelagus.
1 583 29 607 u
76 587 671 635 da necat flamam, tu viuos ingeris ignes
1 607 70 642 i
159 631 725 667 Quos nec terra poteſt ferre. nec vnda poteſt.
123 658 763 699 Si tamen hæ flamæ, quëis nos conſtringis, & uris;:
156 692 685 730 Has potius falſas eſſeputamus aquas.
3 735 72 772 t
402 742 564 764 Ad Lciam.
2 773 740 815 u Heu quoties luſtrans oculis tua pectora noſtris
145 807 597 845 Inſidiosa nimis pectora luminibus;
1 807 58 838 up
64 839 641 877 Miratus dixi mecum.Sunt pectora certe
143 873 616 904 Hæc mage Sithoniâ candidiora niue.
1 875 72 899 iu
62 902 763 944 Sternuit omen Amor. nam poſt hæc pectora ſenſi,
139 935 538 969 Lucia, Sithoniâ frigidiora niue.
1 943 63 977 r
65 965 752 1007 Tu quoque, nam memini candentia pectora dixti
1 978 62 1001 l
86 998 573 1032 Sint tibi, ſi verâ poſcis amare fide.
58 1018 709 1070 Cætera ne dubites; candentia pectora ſunt mi,
133 1062 617 1101 Quin etiam accenſis feruidiora rogis.
378 1110 528 1145 De amore uo.
1 1137 698 1192 Elama fouet flamam, geminato reſcit ab igne
124 1182 597 1215 Ignis, in immenſos & ſolet ire focos.
735 1233 808 1256 Hæc
927 1325 974 1342 v
