976 1432
279 138 566 172 In ineptum pictorem.
41 162 676 215 Vnda Deucalion, Phaethon tuus igne perire
79 209 610 245 Munere vel meruit pictor inepte tuo.
355 256 485 279 De Helenâ.
61 280 744 324 HancParis vt rapuit potuit ſe, & Pergama abigne
72 319 581 352 Seruare Argolico, ſiperiiſſet aquis.
2 320 70 356 n.
391 364 507 386 De Aneâ
29 384 760 431 Hæc diuûm eſt pietas;quos tu Danaûm eripis igne,
63 426 640 465 nea, hic Siculo te eripiunt pelago.
384 471 526 500 Dearciſo.
23 488 803 539 Hunc arſit quondam Dryadum pulcherrima, Nymphæ
76 532 642 568 Frigidus ad flamas, fontis aqu incaluit.
377 578 521 600 Ad amicam.
27 611 661 658 Ocur non lacrimis iſtis hoc igne meum cor
74 651 568 681 Mœrorum longo ſoluitur obſidio?
27 674 753 717 Plus hæc quam Muti flama eſt, quam Coclitis vnda,
61 715 630 755 Hac tamen atque illâ Roma ſoluta fuit.-
369 759 508 783 Ad eandem.
1 804 595 841 isIndicium duxi magni noſtrique calors,
71 838 570 872 Cum fuit attactu nix liquefacta tuo
1 866 740 902 Sed miſer haut noram quod quo nix frigore adurit
1 898 575 942 iIllud te innumeris vrere frigoribus.
3 931 57 965 .
323 939 514 965 Adeandem.
1 976 660 1026 Erigida vel non ſum, vel ſi ſim frigida, curme
66 1016 624 1049 Luxmea dicebas, vrere conquereris,
65 1048 648 1081 Vrentem frigore facis; quos iniicerem in te,
1 1080 559 1119 eInme debebant igniculi eſſe prius.
6 1111 654 1149 Lux mea dicebas. Sed ſit tibi te vrere ſignum
63 1144 591 1178 Quod vel tacta tuis nix fluat à digitis.
2 1176 695 1214 Sc tamen vrentem ſignum eſt frigere; quod ore,
1 1210 547 1246 as Quod tremulos foueas in gremio.
183 1243 386 1269 Tams ecundu
3 1258 63 1276 S
