976 1432
321 72 558 110 LIBER
781 97 820 121 5
367 122 500 154 Idem fuſius.
100 155 691 199 tnæum geſto candentem fulmine montem
140 191 657 228 Pectore, candentem tu niue Caucaſeum.
106 221 700 268 Pectora diuerſi, vultum nec habemus eundem;
137 253 631 290 Mi pallor, tibi ſtat ſemper in ore rubor.
102 287 688 325 Hoc tantum ſimiles, quod diſſimilis color or
136 318 633 357 Eſt meus aque meo corde, tuoque tuus.
97 350 684 391 Nam mihi cum caleat cor, ora rigere putares;
133 382 621 419 Cum rigeat tibi cor, ora calere putem.
93 413 624 450 Fallimur ignari fatorum, fallimur ambo,
134 446 590 478 His alia oſtendit ſigna ſubeſſe Deus.
95 477 677 511 Si ſimili ſi mile eſt gratum, & ſimilis tua cordi
131 512 600 542 Forma meo, cordi forma tuo mea ſit;
89 541 677 578 Vt tua forma meo eſt in pectore, Lucia, grata,
133 574 698 606 Sic mea grata etiam pectore fcorma tuo eſt.
1 597 42 623 .
89 605 721 642 Fallor?an iſte amoreſt maius qui præcinit omen
134 637 586 673 Et dare qui nobis mutua fata vetat?
91 668 627 706 Eſt Amor:à tanto ne temea vita magiſtro
131 700 601 733 Cœleſtem igeat diſcere temperiem.
88 731 674 769 Frigidula accedant calidis ora orbus, inquit,
126 764 629 798 Frigidulis calida & pectora pectoribus.
330 811 529 843 De picturâ Luciæa.
1 817 65 846 v
84 850 654 888 Inter mille neces, totq; ignea tela, minaſque
125 883 656 918 Tot pelagi, eſt Domimæ mi comes effigies.
1 883 39 911 ee
84 915 747 953 Qnam quoties collo pendentem ſpecto, nec æquor,
125 947 627 977 Nec me tormentûm fulgura terrificant.
1 949 42 977 e
85 978 769 1016 Næc mecum in flamas, hæc mecum intrauit in vndas
121 1009 660 1042 In ſummâ; Euadne, & Seſtias, illa mihi eſt.
332 1058 494 1088 Fuga tempori.
1 1072 62 1105 i
74 1097 647 1131 Raptoris per aquas præceps violentia Neſſi,
121 1130 666 1168 Perque ignes, patrios qui male rexit equos.
68 1161 725 1200 Fulmineos bombarda globos leue iactat & Ætna,
3 1193 617 1240 iEt BRhodanus celer, & vector Arionius.
549 1235 798 1264 Y2 Naui-
