976 1432
1 53 68 89 iſ
166 99 776 141 s0 ENDIIYAPOIPIRN
167 149 728 184 Nauifragæ velox Scyllæ furor, & Iouis ignis,
201 180 791 210 Et ciſa flamma furens,& cita grando cadens.
168 212 872 250 æc, præceps, leue, & hæc celere, hæc veloxque, citîq;,
200 245 768 283 Tempore quod vincat ſingula, Tempus erit.
483 289 595 313 DeLuciâ.
125 333 748 367 Lucia dum flamas noſtras, ſua ftigora, cernit,
206 366 706 404 Quæ mihi ſunt lethi frigora cauſa, cani
10 396 44 410 i
171 395 795 432 Non flamis opus eſt inquit mihi, frigora proſint:
894 413 973 453 vs
201 431 695 463 Suſtineat flamas non domus vna duas
441 494 583 518 De Leandre.
915 520 974 554 C
171 546 814 585 Dum freta cœca natat ſerus ſub nocte Leander
915 554 974 584 u
205 580 754 613 Huic face de ſpeculâ monſtrat amica viam.
172 612 766 643 Fato Helles infame fretum videt ire, doletque
205 644 698 680 Ipſe Amor, allucet ſed tamen igne ſuo.
173 676 785 707 Illa oculis lucem, cordi hæc fax præbuit ignem,
207 709 739 741 In noctis tenebras, inque hiemem pelagi.
172 741 795 773 Illam oculis rapuit noxhanc in corde ſed æquo
917 735 974 777 u
206 773 729 805 Cætera cum merſit, mergere non potut.
917 777 974 809 i
430 821 577 845 Ad Luciam.
915 840 973 874 i
174 865 693 895 Vt cum Sole nouo campos irrorat Eous,
914 875 973 907 lut
206 895 697 930 Rore ſuogratus, gratus & igne ſuo eſt:
176 927 761 959 Sic amor illû xſti mihi primus, ucia; miſcens
206 961 623 995 Igniferis oculis oſcula frigidula.
913 975 974 995 Cu
175 991 750 1022 Sed velusri medio cum Sol altiſſimus axe eſt,
208 1025 687 1058 Et grauis, arentes æſtus hiulcat agros:
914 1038 974 1061 d
175 1057 780 1087 Sic mihi ſæuus amor nunc figis in oſibus ignes
207 1089 649 1116 Ex oculis & das oſcula nulla mihi.
174 1121 784 1155 O vtinaml rapidas velut excipit humida flamas.
210 1155 699 1187 Solis & vmbroſo nox tegit in gremio;
174 1184 787 1218 Eximere has olim poſſit mihi, Lucia flamas
207 1219 672 1259 Q mors æterno frigore me feriet.
914 1229 974 1253 u
837 1262 881 1287 Ad
926 1385 964 1416 L
