976 1432
765 101 812 125 4I
341 92 570 116 B R.
373 136 509 164 Ad eandem.
40 176 728 207 Omnigenas mea corda ſolent admittere formas,
134 207 582 241 Argiila vt flecti molliter vda poteſt.
41 232 657 271 Tempore at ex illo, quo pennatus Puer illic
136 271 565 304 Impreſſit vultus effigiemq; tuam;
102 304 672 336 Durius argillâ mihi cor quæ Sole recocta eſt,
135 336 595 367 Nec locus hic alis reſtat imagnibus.
387 380 522 401 Ad eandem.
100 418 753 453 Fulmineâ toties caput hoc quod mo petitum eſt,
136 453 648 485 Quod vis non læſit grandinis ignivmæ:
100 485 705 517 Languidulum vario quaſſatum turbine corpus
137 516 709 548 Quod, quoque nunc, motu nauſeat æquoreo.
102 547 692 579 Hæc ad te refero vt properes ſubmergere fletu
1 562 52 601 lui
135 580 672 611 Ila meo, atque tno cominus igne cremes.
1 605 71 639 c
102 610 643 639 Sed tibi ſubueniat noſtri miſereſcere, ni ſis
1 636 49 661 ue
133 643 524 676 Hoſtili flama ſæuior & pelago.
377 690 513 713 Adeandem.
102 732 691 768 Contrahit oppoſito à Phœbo Iunonia denſam
1 758 62 794 i
133 767 591 801 Iris aquam, quam, vis ignea, in aereâ
103 799 607 834 Suſpendit regione poli, ludibria ventis;
135 832 618 861 Si calor abſcedat, ſoluitur in pluuiam.
102 862 660 895 Accedas; Phœbum tua lumina, Lucia, ocelli
135 895 594 931 Irim, & mi referunt aëra corda mea.
102 924 673 961 Hic etenim variæ ſuſpendit imagnis vmbras
138 958 595 993 Cura tui, luctû gaudia mixta ferens.
101 990 622 1022 Diſcutiunt molli mox hæc ſuſpiria flatu:
136 1022 625 1053 Sed ſi abeas; totus differor in lacrimas.
387 1071 523 1094 Ad eandem.
60 1112 671 1148 Tumodo vel gelidas fingis te vincere limfas
136 1148 632 1181 Frigore, mox flamas ſed ſuperare meas.
43 1180 658 1213 Eſt vtrimq; tamen dolushic eſt dicere vere,
2 1214 633 1260 Vna manus flamas, alera portat aquas.
582 1247 811 1278 Y Nai-
