<PcGts xmlns="http://schema.primaresearch.org/PAGE/gts/pagecontent/2017-07-15" xmlns:xsi="http://www.w3.org/2001/XMLSchema-instance" xsi:schemaLocation="http://schema.primaresearch.org/PAGE/gts/pagecontent/2017-07-15 http://schema.primaresearch.org/PAGE/gts/pagecontent/2017-07-15/pagecontent.xsd"><Metadata><Creator>User123</Creator><Created>2020-04-19T08:48:34</Created><LastChange>2020-04-19T08:48:34</LastChange></Metadata><Page imageFilename="0560.png" imageHeight="1432" imageWidth="976"><TextRegion id="r0" type="paragraph"><Coords points="1,1 974,1 974,1430 1,1430"/><TextLine id="r0_l001"><Coords points="904,1 904,33 960,33 960,1"/><TextEquiv index="1"><Unicode>V</Unicode></TextEquiv></TextLine><TextLine id="r0_l002"><Coords points="364,10 364,37 428,37 428,10"/><TextEquiv index="1"><Unicode></Unicode></TextEquiv></TextLine><TextLine id="r0_l003"><Coords points="333,78 333,103 563,103 563,78"/><TextEquiv index="1"><Unicode>EIBE.</Unicode></TextEquiv></TextLine><TextLine id="r0_l004"><Coords points="770,82 770,103 813,103 813,82"/><TextEquiv index="1"><Unicode>4</Unicode></TextEquiv></TextLine><TextLine id="r0_l005"><Coords points="59,92 1,92 1,108 16,107 33,108 37,110 59,110"/><TextEquiv index="1"><Unicode>I5q</Unicode></TextEquiv></TextLine><TextLine id="r0_l006"><Coords points="57,110 37,111 33,109 16,108 1,109 1,121 58,121"/><TextEquiv index="1"><Unicode>A</Unicode></TextEquiv></TextLine><TextLine id="r0_l007"><Coords points="697,126 677,126 671,119 67,119 62,123 56,123 56,160 73,160 82,153 157,153 212,151 616,154 621,156 625,160 697,160"/><TextEquiv index="1"><Unicode>ic pereo æternâ traiectus pectora damm,</Unicode></TextEquiv></TextLine><TextLine id="r0_l008"><Coords points="574,155 405,154 334,152 212,152 131,154 131,185 143,186 182,183 229,182 574,186"/><TextEquiv index="1"><Unicode>Qualis Iuno tibi vel tibi Veſta fuit.</Unicode></TextEquiv></TextLine><TextLine id="r0_l009"><Coords points="746,182 622,182 620,184 610,187 496,187 394,184 237,183 182,184 143,187 96,185 83,182 1,182 1,221 108,221 124,219 157,219 174,214 195,214 215,212 301,214 423,214 518,217 656,217 696,215 703,218 706,221 746,221"/><TextEquiv index="1"><Unicode>Quid ſperem i ſi me iuter aquas, interque Dearum</Unicode></TextEquiv></TextLine><TextLine id="r0_l010"><Coords points="650,218 643,217 518,218 423,215 301,215 215,213 195,215 174,215 157,220 130,220 130,244 650,244"/><TextEquiv index="1"><Unicode>Aras Theſpiadum mactet Amor facibus?</Unicode></TextEquiv></TextLine><TextLine id="r0_l011"><Coords points="84,277 379,277 598,280 637,279 637,249 582,250 506,248 417,248 371,246 156,248 141,247 135,245 48,245 42,245 41,249 1,249 1,282 77,282"/><TextEquiv index="1"><Unicode>Eſſe meus ibleo, uſarum ſacra ab Amoris</Unicode></TextEquiv></TextLine><TextLine id="r0_l012"><Coords points="131,278 131,305 664,305 664,278"/><TextEquiv index="1"><Unicode>Tuta foco, &amp; flammas obruere vnda ſolet.</Unicode></TextEquiv></TextLine><TextLine id="r0_l013"><Coords points="65,350 71,344 76,342 541,341 595,343 697,343 706,348 746,348 746,310 616,312 543,312 497,310 307,310 151,312 51,310 50,314 42,315 1,314 1,356 65,356"/><TextEquiv index="1"><Unicode>M Heu lquæ ſlamma tua eſt, vt poſſit, parue Cupido,</Unicode></TextEquiv></TextLine><TextLine id="r0_l014"><Coords points="647,344 541,342 129,343 129,372 647,372"/><TextEquiv index="1"><Unicode>Me mihi, ſacra Deis,frigus aquæ eripere?</Unicode></TextEquiv></TextLine><TextLine id="r0_l015"><Coords points="373,399 373,422 514,422 514,399"/><TextEquiv index="1"><Unicode>Ad uciam.</Unicode></TextEquiv></TextLine><TextLine id="r0_l016"><Coords points="70,494 73,483 80,478 86,477 117,478 284,475 626,473 632,472 632,441 65,441 63,452 23,455 14,460 1,461 1,496 54,496"/><TextEquiv index="1"><Unicode>Frigidius nihilet ſilice, &amp; nildurius, illa</Unicode></TextEquiv></TextLine><TextLine id="r0_l017"><Coords points="685,472 560,475 130,478 130,500 685,500"/><TextEquiv index="1"><Unicode>Semina flammarum ſic tamen intus habet.</Unicode></TextEquiv></TextLine><TextLine id="r0_l018"><Coords points="77,543 79,541 372,539 425,537 624,537 633,542 694,541 720,539 772,539 772,502 716,502 699,504 663,505 571,505 404,508 215,508 194,510 107,509 96,507 84,507 74,502 51,502 47,507 47,516 41,522 3,522 3,549 76,549"/><TextEquiv index="1"><Unicode>Frigidula &amp; dura es, tamen hine mih, Lucia, ſpes eſt,</Unicode></TextEquiv></TextLine><TextLine id="r0_l019"><Coords points="583,538 425,538 372,540 133,542 133,570 583,570"/><TextEquiv index="1"><Unicode>Scintillas aliquot corde latere tuo.</Unicode></TextEquiv></TextLine><TextLine id="r0_l020"><Coords points="377,594 377,616 516,616 516,594"/><TextEquiv index="1"><Unicode>Ad eandem.</Unicode></TextEquiv></TextLine><TextLine id="r0_l021"><Coords points="67,687 77,677 101,676 110,670 196,670 229,668 387,666 515,666 532,664 604,663 629,664 646,668 661,668 666,670 725,671 725,629 337,630 227,631 168,634 114,631 78,631 71,637 69,645 1,645 1,688 62,688"/><TextEquiv index="1"><Unicode>Deſine velle meas lactando extinguere flammas,</Unicode></TextEquiv></TextLine><TextLine id="r0_l022"><Coords points="364,698 610,696 610,665 130,671 130,700 304,700"/><TextEquiv index="1"><Unicode>Dicere &amp;, has curam nullius eſſe Dei;</Unicode></TextEquiv></TextLine><TextLine id="r0_l023"><Coords points="1,689 1,714 59,714 59,689"/><TextEquiv index="1"><Unicode></Unicode></TextEquiv></TextLine><TextLine id="r0_l024"><Coords points="81,736 89,736 96,734 188,734 262,731 397,730 449,728 651,727 651,698 549,697 470,699 364,699 160,704 80,703 67,699 64,702 64,708 52,717 4,717 4,742 77,742"/><TextEquiv index="1"><Unicode>c Sis mihi crudelis, ne ſis tamen impia, vt iras</Unicode></TextEquiv></TextLine><TextLine id="r0_l025"><Coords points="307,762 478,761 630,758 655,759 655,728 449,729 397,731 262,732 188,735 132,735 132,765 214,765"/><TextEquiv index="1"><Unicode>Atque animos animis eſſe neges Superis.</Unicode></TextEquiv></TextLine><TextLine id="r0_l026"><Coords points="1,754 1,777 33,777 33,754"/><TextEquiv index="1"><Unicode>es</Unicode></TextEquiv></TextLine><TextLine id="r0_l027"><Coords points="81,797 325,795 386,792 441,793 530,791 640,791 640,759 478,762 307,763 168,767 86,766 82,768 82,774 75,780 58,781 58,804 72,804"/><TextEquiv index="1"><Unicode>Danaidum te fata docent has omnibus eſſe</Unicode></TextEquiv></TextLine><TextLine id="r0_l028"><Coords points="627,823 630,822 630,792 530,792 441,794 386,793 325,796 132,798 132,827 390,827"/><TextEquiv index="1"><Unicode>Dis Superis curæ, Dis Stygiiſque faces.</Unicode></TextEquiv></TextLine><TextLine id="r0_l029"><Coords points="77,862 88,861 216,861 520,856 673,856 680,860 725,860 725,824 573,824 460,827 269,828 201,830 137,829 85,830 80,829 72,824 62,824 55,830 53,834 4,835 4,865 74,865"/><TextEquiv index="1"><Unicode>Ob flammmas thalami violatas, quippe feruntur</Unicode></TextEquiv></TextLine><TextLine id="r0_l030"><Coords points="105,858 105,894 632,894 632,858"/><TextEquiv index="1"><Unicode>Nil profecturas fundere ſemper aquas</Unicode></TextEquiv></TextLine><TextLine id="r0_l031"><Coords points="1,909 1,940 59,940 59,909"/><TextEquiv index="1"><Unicode>es</Unicode></TextEquiv></TextLine><TextLine id="r0_l032"><Coords points="330,919 330,945 576,945 576,919"/><TextEquiv index="1"><Unicode>Ad Touem, de Amore.</Unicode></TextEquiv></TextLine><TextLine id="r0_l033"><Coords points="1,940 1,967 41,967 41,940"/><TextEquiv index="1"><Unicode>t</Unicode></TextEquiv></TextLine><TextLine id="r0_l034"><Coords points="249,1008 443,1005 506,1002 605,1000 683,1000 692,1005 701,1005 701,968 384,968 309,971 250,971 173,975 103,975 83,972 64,974 1,973 1,1004 50,1005 56,1009 71,1010 73,1012 149,1012"/><TextEquiv index="1"><Unicode>gnibus, ad tempus, manifeſto errore, paternis</Unicode></TextEquiv></TextLine><TextLine id="r0_l035"><Coords points="641,1032 641,1002 550,1002 443,1006 249,1009 137,1013 137,1037 461,1037"/><TextEquiv index="1"><Unicode>Combuſſit terræ progeniem Phaëthon.</Unicode></TextEquiv></TextLine><TextLine id="r0_l036"><Coords points="1,1010 1,1039 58,1039 58,1010"/><TextEquiv index="1"><Unicode>hs</Unicode></TextEquiv></TextLine><TextLine id="r0_l037"><Coords points="370,1069 437,1069 463,1067 604,1065 621,1065 630,1070 703,1069 703,1033 609,1033 515,1037 298,1040 177,1044 89,1043 84,1042 76,1037 62,1039 1,1039 1,1069 44,1069 47,1072 288,1072"/><TextEquiv index="1"><Unicode>i Non impune tamen: nam tactum fulminis alis</Unicode></TextEquiv></TextLine><TextLine id="r0_l038"><Coords points="582,1097 583,1068 463,1068 437,1070 370,1070 288,1073 233,1073 205,1075 181,1074 135,1075 135,1103 322,1103"/><TextEquiv index="1"><Unicode>Miſit ludibrium Iuppiter Eridano.</Unicode></TextEquiv></TextLine><TextLine id="r0_l039"><Coords points="1,1079 1,1101 59,1101 59,1079"/><TextEquiv index="1"><Unicode></Unicode></TextEquiv></TextLine><TextLine id="r0_l040"><Coords points="117,1139 223,1138 327,1134 431,1133 466,1131 650,1129 650,1099 516,1099 469,1101 274,1104 172,1108 98,1108 82,1106 73,1099 63,1103 54,1101 1,1101 1,1138 47,1138 55,1141 89,1141"/><TextEquiv index="1"><Unicode>asiIgnibus, aſſiduo, maternis, fraude latente,</Unicode></TextEquiv></TextLine><TextLine id="r0_l041"><Coords points="479,1163 687,1161 687,1130 571,1130 431,1134 327,1135 223,1139 135,1140 135,1165 446,1165"/><TextEquiv index="1"><Unicode>Vrit Amor, terræ, atque ætheris indigenas.</Unicode></TextEquiv></TextLine><TextLine id="r0_l042"><Coords points="57,1142 47,1139 1,1139 1,1168 57,1168"/><TextEquiv index="1"><Unicode>-</Unicode></TextEquiv></TextLine><TextLine id="r0_l043"><Coords points="82,1204 93,1203 208,1203 255,1200 297,1200 334,1198 420,1198 591,1194 718,1193 718,1165 713,1165 708,1162 614,1162 479,1164 393,1167 325,1167 196,1172 143,1172 92,1169 84,1166 81,1163 74,1167 56,1169 56,1209 75,1209"/><TextEquiv index="1"><Unicode>Flumina non deſunt: tua ceſſat flamma triſulca,</Unicode></TextEquiv></TextLine><TextLine id="r0_l044"><Coords points="693,1195 591,1195 420,1199 334,1199 297,1201 255,1201 208,1204 137,1204 137,1229 693,1229"/><TextEquiv index="1"><Unicode>Summe Deûm, Veneris præcipitare genus?</Unicode></TextEquiv></TextLine><TextLine id="r0_l045"><Coords points="549,1243 549,1278 613,1278 613,1243"/><TextEquiv index="1"><Unicode>4</Unicode></TextEquiv></TextLine><TextLine id="r0_l046"><Coords points="722,1242 722,1273 817,1273 817,1242"/><TextEquiv index="1"><Unicode>Ad</Unicode></TextEquiv></TextLine><TextLine id="r0_l047"><Coords points="1,1261 1,1304 57,1304 57,1261"/><TextEquiv index="1"><Unicode></Unicode></TextEquiv></TextLine><TextLine id="r0_l048"><Coords points="933,1315 933,1329 974,1329 974,1315"/><TextEquiv index="1"><Unicode></Unicode></TextEquiv></TextLine></TextRegion></Page></PcGts>