976 1432
140 74 789 127 34EYNDIIYAOYPI
377 120 685 151 Ad Luciam, deipſius oculis.
122 163 821 196 Viuere non poſſim abſquetuis, mea Lucia, ocellis,
211 194 721 228 Sed nec tu longm vixeris abſque meis.
176 227 796 262 Quippe tui, luctus & amanti nubila mentis
171 259 618 293 Diſcuſſere milii lumine ſidereo.
171 291 712 326 Aſt ipſo intuitu ſenſi mihi ſponte liquore,
208 322 788 357 Nec lachrymæ illud erant, immaduiſſe genas.
175 357 729 389 Siue quod æthereos acies mortalis ad ignes
911 354 973 385 i
205 387 592 419 Deficiat; viſus fulgure ſiue tui
176 419 783 453 Illachrymet; paſcaſque oculos humoribus illis;
909 419 971 459 ues
202 452 731 484 Sidera cum ſoleant paſcere ſemper aquæ.
447 498 590 520 Ad eandem.
173 541 781 573 Heunihil eſt, quod te noſtri miſereſcere dicas
1 555 40 580 l
209 574 772 607 Quin quoque te noſtris illachrymaſſe malis.
57 605 825 645 Hæ lachrymæ, fomenta meæ ſunt maxima flammæ;
940 620 974 641 F
210 639 666 670 Vtſi Palladius ſtillet in igne liquor.
172 670 847 709 Flamma opus immenſa eſt, hos qua reſtinxeris ignes,
939 683 974 706 S
200 703 684 733 Maiori obruitur ignis ab ignë minor.
407 760 624 796 Adeandem faciem.
936 803 974 825 u
174 803 804 835 Non ſecus, ac gelidum cum perculit aëra bruma,
206 835 661 862 In ſe collecto robore, flamma furit.
173 867 725 904 Aſt æſtas naturalem moderata calorem,
204 897 632 929 Diſpargit vires ignis, & attenuat.
160 928 716 962 Sic me, ſi pariter flagres, moderatius vris:
200 961 638 996 At me, ſi friges, ſævior ardoragit.
445 1008 592 1032 Ad Luciam.
171 1047 746 1081 Quid toties arrham noſtri tibi poſcis amoris?
199 1079 732 1112 Ipſe mei præſto eſt ſponſor amoris Amor.
168 1112 694 1146 At non per Superos, ſed per ſuſpiria iuro,
199 1144 827 1182 Per flammamque meam, per lachrymaſque meas.
166 1176 697 1211 Fallere relligio mihi ſit: Babylonius olim
198 1210 728 1249 uratus Deus eſt Ignis, & Vnda Magis.
830 1248 871 1272 Hic
