<PcGts xmlns="http://schema.primaresearch.org/PAGE/gts/pagecontent/2017-07-15" xmlns:xsi="http://www.w3.org/2001/XMLSchema-instance" xsi:schemaLocation="http://schema.primaresearch.org/PAGE/gts/pagecontent/2017-07-15 http://schema.primaresearch.org/PAGE/gts/pagecontent/2017-07-15/pagecontent.xsd"><Metadata><Creator>User123</Creator><Created>2020-04-19T08:48:32</Created><LastChange>2020-04-19T08:48:32</LastChange></Metadata><Page imageFilename="0562.png" imageHeight="1432" imageWidth="976"><TextRegion id="r0" type="paragraph"><Coords points="1,1 974,1 974,1430 1,1430"/><TextLine id="r0_l001"><Coords points="358,1 358,35 432,35 432,1"/><TextEquiv index="1"><Unicode></Unicode></TextEquiv></TextLine><TextLine id="r0_l002"><Coords points="971,35 971,15 939,14 935,12 915,10 897,10 890,7 890,37 962,37"/><TextEquiv index="1"><Unicode></Unicode></TextEquiv></TextLine><TextLine id="r0_l003"><Coords points="962,1 889,1 889,6 897,9 929,10 939,13 962,14"/><TextEquiv index="1"><Unicode></Unicode></TextEquiv></TextLine><TextLine id="r0_l004"><Coords points="131,18 131,41 205,41 205,18"/><TextEquiv index="1"><Unicode></Unicode></TextEquiv></TextLine><TextLine id="r0_l005"><Coords points="63,72 1,72 1,105 33,104 37,108 63,108"/><TextEquiv index="1"><Unicode>i</Unicode></TextEquiv></TextLine><TextLine id="r0_l006"><Coords points="338,84 338,109 572,109 572,84"/><TextEquiv index="1"><Unicode>LIBER.</Unicode></TextEquiv></TextLine><TextLine id="r0_l007"><Coords points="766,96 766,116 814,116 814,96"/><TextEquiv index="1"><Unicode>345</Unicode></TextEquiv></TextLine><TextLine id="r0_l008"><Coords points="935,96 935,135 970,135 970,96"/><TextEquiv index="1"><Unicode></Unicode></TextEquiv></TextLine><TextLine id="r0_l009"><Coords points="69,123 68,109 55,109 44,111 37,109 33,105 7,106 7,124 65,124"/><TextEquiv index="1"><Unicode>5</Unicode></TextEquiv></TextLine><TextLine id="r0_l010"><Coords points="711,125 527,123 439,120 82,120 65,125 59,125 59,160 70,160 74,156 79,154 136,156 391,155 477,157 504,159 712,160"/><TextEquiv index="1"><Unicode>Hic ſacer eſt ignis. ſacra eſt hæc vnda. tibi quam</Unicode></TextEquiv></TextLine><TextLine id="r0_l011"><Coords points="650,162 579,160 504,160 477,158 391,156 133,156 133,185 650,185"/><TextEquiv index="1"><Unicode>Iuro, Deus hic eſt ſponſor, &amp; arrhia Deus.</Unicode></TextEquiv></TextLine><TextLine id="r0_l012"><Coords points="335,200 335,224 542,224 542,200"/><TextEquiv index="1"><Unicode>Ad hortum L uciæ.</Unicode></TextEquiv></TextLine><TextLine id="r0_l013"><Coords points="37,235 37,268 676,268 676,235"/><TextEquiv index="1"><Unicode>Salue, viſe mihi primum nunc hortule felix,</Unicode></TextEquiv></TextLine><TextLine id="r0_l014"><Coords points="577,270 562,269 81,268 76,272 76,292 79,295 86,298 577,298"/><TextEquiv index="1"><Unicode>Deliciæ Dominæ deliciæque meæ</Unicode></TextEquiv></TextLine><TextLine id="r0_l015"><Coords points="692,299 632,298 620,302 407,299 100,301 86,299 80,296 62,296 62,339 78,338 83,335 91,335 99,332 245,332 286,330 528,331 602,333 613,335 636,336 641,339 692,339"/><TextEquiv index="1"><Unicode>In tenon Hyades non naſcens impetus Hœdi,</Unicode></TextEquiv></TextLine><TextLine id="r0_l016"><Coords points="588,334 573,333 287,331 245,333 199,332 137,333 137,355 588,355"/><TextEquiv index="1"><Unicode>Arcturive cadens ius habeat rabies.</Unicode></TextEquiv></TextLine><TextLine id="r0_l017"><Coords points="614,364 551,364 491,362 251,363 208,365 146,365 91,363 81,360 74,354 35,354 24,354 16,360 14,364 14,377 18,383 24,385 40,385 44,389 614,389"/><TextEquiv index="1"><Unicode>Non latus enſiferi videas nimis Orionis,</Unicode></TextEquiv></TextLine><TextLine id="r0_l018"><Coords points="1,386 1,410 42,410 42,386"/><TextEquiv index="1"><Unicode></Unicode></TextEquiv></TextLine><TextLine id="r0_l019"><Coords points="638,397 533,394 287,394 234,396 136,396 136,426 638,426"/><TextEquiv index="1"><Unicode>Vrna tibi blandas Troica fundat aquas.</Unicode></TextEquiv></TextLine><TextLine id="r0_l020"><Coords points="736,425 692,425 685,428 617,428 561,426 381,426 124,428 89,426 78,422 44,422 38,430 38,456 45,465 80,465 87,459 103,458 221,460 264,458 370,457 615,458 708,461 715,465 736,465"/><TextEquiv index="1"><Unicode>Non Boreæ, tunc cum ſyluis populatur honorem,</Unicode></TextEquiv></TextLine><TextLine id="r0_l021"><Coords points="663,461 647,460 560,458 372,458 264,459 221,461 190,460 180,461 155,459 135,460 135,491 458,489 598,489 663,491"/><TextEquiv index="1"><Unicode>Te quoque mordaci frigore lædat hyems.</Unicode></TextEquiv></TextLine><TextLine id="r0_l022"><Coords points="82,523 108,523 116,528 138,528 147,523 237,524 385,521 543,521 610,523 681,523 688,526 691,529 725,530 725,488 717,488 710,492 704,493 664,493 598,490 460,490 112,493 91,491 84,488 80,484 1,484 1,518 36,518 39,524 48,531 72,531"/><TextEquiv index="1"><Unicode>iNon Phœbæa etiam Nemeæum ſlamma Leonem</Unicode></TextEquiv></TextLine><TextLine id="r0_l023"><Coords points="135,523 135,552 634,552 634,523"/><TextEquiv index="1"><Unicode>Cum tranſit, veſtros æſtus adurat agros.</Unicode></TextEquiv></TextLine><TextLine id="r0_l024"><Coords points="78,599 81,591 85,587 105,586 171,588 274,585 415,584 653,585 653,554 331,553 164,557 108,556 82,553 62,553 60,557 60,562 50,567 1,568 1,608 69,608"/><TextEquiv index="1"><Unicode>Nam tibi vitales Lephyros ſuſpitia mittent</Unicode></TextEquiv></TextLine><TextLine id="r0_l025"><Coords points="411,616 681,617 681,586 415,585 274,586 171,589 133,588 133,618 359,618"/><TextEquiv index="1"><Unicode>Expreſſa arbuſto hoc pectoris atque animi.</Unicode></TextEquiv></TextLine><TextLine id="r0_l026"><Coords points="908,591 908,660 974,660 974,591"/><TextEquiv index="1"><Unicode>I</Unicode></TextEquiv></TextLine><TextLine id="r0_l027"><Coords points="783,615 735,614 728,618 722,619 619,617 411,617 359,619 227,619 197,621 127,621 84,619 75,615 71,611 2,611 2,640 51,640 57,646 73,646 76,649 783,649"/><TextEquiv index="1"><Unicode>Fœcundoſque bibes lachrymarum. imbris vice, rores:</Unicode></TextEquiv></TextLine><TextLine id="r0_l028"><Coords points="57,647 51,641 1,641 1,664 57,664"/><TextEquiv index="1"><Unicode>i</Unicode></TextEquiv></TextLine><TextLine id="r0_l029"><Coords points="770,652 701,652 600,649 389,649 130,653 130,687 136,688 179,688 185,686 188,683 216,682 431,680 707,682 714,685 717,688 770,688"/><TextEquiv index="1"><Unicode>Que mque fero, omniparens te igne fouebit Amor.</Unicode></TextEquiv></TextLine><TextLine id="r0_l030"><Coords points="50,705 55,703 61,697 61,684 1,684 1,705 28,706"/><TextEquiv index="1"><Unicode>I</Unicode></TextEquiv></TextLine><TextLine id="r0_l031"><Coords points="67,730 76,722 112,721 119,716 129,715 213,715 255,712 655,712 655,683 259,682 188,684 185,687 179,689 136,689 116,688 99,685 81,685 77,686 74,691 67,691 55,704 50,706 1,706 1,735 66,735"/><TextEquiv index="1"><Unicode>Sic tibi nec Solis. nec aquæ, nec copia venti</Unicode></TextEquiv></TextLine><TextLine id="r0_l032"><Coords points="682,713 255,713 213,716 131,716 131,743 682,743"/><TextEquiv index="1"><Unicode>Deërit, &amp; iſta dabunt ſingula temperiem.</Unicode></TextEquiv></TextLine><TextLine id="r0_l033"><Coords points="2,742 2,767 66,767 66,742"/><TextEquiv index="1"><Unicode>o</Unicode></TextEquiv></TextLine><TextLine id="r0_l034"><Coords points="363,756 363,788 537,788 537,756"/><TextEquiv index="1"><Unicode>Ad upidinem.</Unicode></TextEquiv></TextLine><TextLine id="r0_l035"><Coords points="927,777 927,805 974,805 974,777"/><TextEquiv index="1"><Unicode></Unicode></TextEquiv></TextLine><TextLine id="r0_l036"><Coords points="671,800 61,800 61,832 671,832"/><TextEquiv index="1"><Unicode>Curarum oppreſſus ſluitantum vortice ſæuo</Unicode></TextEquiv></TextLine><TextLine id="r0_l037"><Coords points="925,805 925,843 972,843 972,805"/><TextEquiv index="1"><Unicode></Unicode></TextEquiv></TextLine><TextLine id="r0_l038"><Coords points="61,869 68,864 150,866 576,864 576,834 364,833 59,836 45,835 39,832 12,832 7,838 1,838 1,870 54,870"/><TextEquiv index="1"><Unicode>lMœrc rum toto merſus in Oceano:</Unicode></TextEquiv></TextLine><TextLine id="r0_l039"><Coords points="471,896 671,897 671,865 286,867 150,867 68,865 60,870 60,898 317,898"/><TextEquiv index="1"><Unicode>Triſtis aquæ riuos foui: qui, intercute curſu,</Unicode></TextEquiv></TextLine><TextLine id="r0_l040"><Coords points="707,898 471,897 317,899 135,899 135,928 707,928"/><TextEquiv index="1"><Unicode>Ora mihi, atque ipſam perdiderant animam.</Unicode></TextEquiv></TextLine><TextLine id="r0_l041"><Coords points="292,962 345,960 636,960 636,929 423,928 361,930 121,931 82,929 75,926 72,923 68,923 66,917 1,917 1,950 39,950 40,959 42,963 152,963"/><TextEquiv index="1"><Unicode>Quo veſtris igitur rapuiſti fomite flammis</Unicode></TextEquiv></TextLine><TextLine id="r0_l042"><Coords points="661,962 153,963 148,967 131,969 131,992 661,992"/><TextEquiv index="1"><Unicode>Nutrimenta, Puer, queis mea corda petis?</Unicode></TextEquiv></TextLine><TextLine id="r0_l043"><Coords points="1,976 1,1009 65,1009 65,976"/><TextEquiv index="1"><Unicode></Unicode></TextEquiv></TextLine><TextLine id="r0_l044"><Coords points="559,1006 343,1006 343,1029 413,1028 420,1035 559,1035"/><TextEquiv index="1"><Unicode>eionſio Cupidini.</Unicode></TextEquiv></TextLine><TextLine id="r0_l045"><Coords points="212,1084 634,1081 634,1051 58,1051 58,1088 77,1088"/><TextEquiv index="1"><Unicode>Cynthius vt cœli fert ad conuexa vapores</Unicode></TextEquiv></TextLine><TextLine id="r0_l046"><Coords points="348,1115 454,1116 499,1114 681,1115 681,1082 393,1083 133,1087 133,1117 238,1117"/><TextEquiv index="1"><Unicode>Aëraque in nubem cogit, aquamque bibit;</Unicode></TextEquiv></TextLine><TextLine id="r0_l047"><Coords points="1,1093 1,1129 59,1129 59,1093"/><TextEquiv index="1"><Unicode></Unicode></TextEquiv></TextLine><TextLine id="r0_l048"><Coords points="62,1155 70,1154 76,1151 123,1150 176,1151 395,1147 730,1148 730,1117 661,1115 499,1115 454,1117 348,1116 155,1119 83,1117 73,1115 66,1126 60,1129 42,1132 1,1132 1,1160 57,1160"/><TextEquiv index="1"><Unicode>Qua fingat rutilaſque trabes, diroſque Cometas,</Unicode></TextEquiv></TextLine><TextLine id="r0_l049"><Coords points="357,1180 702,1180 702,1149 395,1148 176,1152 123,1151 76,1152 70,1155 62,1156 57,1161 57,1181 64,1182 260,1182"/><TextEquiv index="1"><Unicode>Quæque animos tonitru fulmina terrificant.</Unicode></TextEquiv></TextLine><TextLine id="r0_l050"><Coords points="78,1234 81,1232 98,1230 114,1216 119,1214 628,1212 675,1213 684,1218 689,1218 689,1181 357,1181 260,1183 72,1182 64,1183 57,1182 54,1180 47,1180 41,1188 40,1195 3,1195 3,1232 63,1235"/><TextEquiv index="1"><Unicode>Sic lachrymas ego, ſic ſuſpiria cordis in arcem</Unicode></TextEquiv></TextLine><TextLine id="r0_l051"><Coords points="108,1255 111,1253 374,1251 499,1252 535,1251 544,1244 628,1243 628,1214 119,1215 114,1217 98,1231 81,1233 78,1235 54,1236 19,1233 1,1233 1,1263 103,1263"/><TextEquiv index="1"><Unicode>Denſa traho, facibus pabula grata meis.</Unicode></TextEquiv></TextLine><TextLine id="r0_l052"><Coords points="596,1249 596,1272 651,1272 651,1249"/><TextEquiv index="1"><Unicode>5</Unicode></TextEquiv></TextLine><TextLine id="r0_l053"><Coords points="765,1248 765,1271 810,1271 810,1248"/><TextEquiv index="1"><Unicode>Ad</Unicode></TextEquiv></TextLine></TextRegion></Page></PcGts>