976 1432
755 101 812 123 347
329 93 562 114 BE R.
90 130 655 160 lle idem Priami vultu commotus, & hoſtis
88 162 629 194 Idoluit la crymis, nec fic o lumine vidit,
1 179 45 199 :
90 194 657 225 Tunc à cæde recens etiam, lamenta iacentis.
89 226 584 257 Exigit à vobis luctus hoc funus amicos
88 259 645 286 Communi mœrore datos, communia belli
90 289 705 320 Teſtantes ſtudia & communia damna dolentes
69 321 608 353 Bellatoris equi: ne nobis ferula fletur
89 353 734 384 Ductori opprobrium, meretrix vel dedecus armis;
89 385 737 416 Aſt equus; ad cunctos rerum qui commodus vſus.
90 416 686 448 Ille oneri, ſellæque bonus, natuſque ſub armis
89 448 637 478 Inſultare ſolo, & modo preſſo ſiſtere curſus
1 452 55 478 i
89 480 600 510 Effuſos, modo laxato protendere fræno.
69 511 572 543 Illeiugo docilis leni ſuccedere ſuetus
90 543 690 575 Imperio, & curuo proſcindere vomere terram.
91 575 712 606 Nonne vides quantis animis generoſa trimphos
91 607 731 638 Concipiat mens ante tabas, quantoque coronam
90 638 605 670 In ſeptem circi ſpatiis conamine poſcat?
76 670 621 701 Nonne vides quanto victor ſublimia faſtu
91 701 700 732 Colla gerat, vulgique madens ſe venditet auræ
1 703 55 733 ut
1 732 56 759 si
92 733 704 767 Quod ſi bella vocent, motus clangore tubarum,
92 765 689 799 Spumantes vexat frenos, micat auribus, ardent
90 797 645 828 Lumina, ſaxa ſonant alterno diſſona pulſu.
89 829 727 862 Hinc ego crediderim ſortem officioſus in omnem
91 860 759 894 Nempe qud eſt homini, veteres dictaſſe Camœnas
90 894 703 923 Humanis membris corpus coaleſere equinum,
88 925 640 959 Inque Pelethroniis Centauros ſaltibus edi.
123 957 734 989 Nec pecoris durum eſt funus lugere, quod olim,
1 965 55 993 d
90 989 576 1023 Si qua fides dictis eſt allatura vetuſtas,
89 1021 596 1048 Difficiles obitus, & Iuli funus acerbum
89 1053 690 1085 AdR ubiconis aquas lacrymis deleuit obortis.
88 1085 645 1117 Affectus animi nec mirum pectorein iſto
2 1098 57 1124 e
88 1117 671 1148 Humani, æthereoque satæ de ſemine mentes;
87 1150 676 1182 Eſt etiam pietas: pietas non diſſona equorum
88 1182 753 1214 Senſibus. vſque adeo per ſecula cuncta animantûm
85 1215 603 1246 Virtutis natura parens ſua ſemina fudit
733 1253 807 1283 Ergo.
