976 1432
262 65 596 96 IBER.
764 74 810 95 35E
69 106 607 139 Ee licet, æquoreâ percuſſis cuſpide ſaxis
91 139 674 170 Scvphius exiliens, diuûmin certamine, nutu
74 171 595 201 Theſſalicos, Petræe tuo, vexare lupatos
89 200 682 232 Doctus apud Lapithas, bellis feralibus omen,
92 232 630 264 Oribati decus eximium ſit origine prima
93 266 769 297 Qua ſerie inter auos Neptunum atauoſque recenſet,
91 296 670 330 Tndaridis tamen hic à fratribus eſſet auitis
89 328 619 359 Prælatus meritis, illum ſi priſca tuliſſent
92 358 602 388 Sæcula; contemtis ceſſiſſet Pegaſus alis,
1 382 57 408 l
91 390 701 424 Bellerephontæis tanquam non dignus habenis.
90 424 634 457 Progenies diuûm, non te potuere parentes
87 455 650 483 Exemiſſe neci, non triſte extendere unus?
91 486 722 522 At poterant tumulo ſaltem nos claudere eodem.
89 518 729 552 Non ego quod metuam, neſit poſt buſta ſuperſtes
92 549 737 581 Noſter amor flamasque rogi, aut ne pectore vultus
1 554 57 582 E
91 580 616 613 IIlic diluerit tranquillæ marcida Iethes
89 611 691 647 Vnda meos, tibi durat adhuc in priſtina fenſus.
92 645 647 680 Id doleo, quod, cùm faciam totvota perire
87 676 691 714 Teque ſequi, ſemper producant ſtamina Parcæ
85 707 716 745 Diſpenſentque mihi hoc æuum, quo triſtior ipsa
94 739 676 771 Sit mihi vita mora Iethi, memorabile nomen.
89 770 691 811 Egregiamque refers deme rors inuida laudem
2 784 51 819 E
85 804 648 836 Si mihi continuo producis funere mortem.
92 835 653 869 An veritus Dis ipſe pater. voluentibus annis
93 866 682 903 Ne Styga Tartareæ ſtagna intemeratapaludis,
92 898 767 936 Cocytum, & craſſo ſquallentem Acheronta veneno,
91 929 727 962 Traiicerem? nauloque ſenem, qui Portitor amnis
1 954 37 980 is
89 960 750 996 Iura tenet, cymbâque animas in Tartara transfert,
91 993 643 1033 Ipſe tuo, Oribates. poſem fraudare natatu?
1 1016 48 1050 i
89 1024 724 1062 An tibi, quod mage credibile eſt. inuidit equorum
83 1057 662 1091 Palmam, Nereidum ſtabulis nutritus Arioni
90 1087 647 1122 An tibi Tithoni præcurſor conugis Æthon
92 1120 680 1153 Struxerit inſidias ? tacitum ſe, & tardius æquo
88 1152 620 1185 ollicitus ſtellis, mercede hac funeris ire:
90 1183 728 1219 Nam ſolet ante diem, nondum ſtatione ſolutà
704 1217 799 1249 Sidera,
1 1249 56 1278 ie
