976 1432
315 81 541 97 DD
771 86 809 111 353
92 111 675 149 Et cari canis exequijs; tamen intima planctu
97 143 712 183 Pectora concutere, atq; in luctum ducere voces,
98 176 712 212 Et lacrimare iuuat: qualis philomela ſub vmbra
96 205 722 246 Multa gemens ſedet arborea, mœſtoq; requirens
97 238 633 268 Amiſſos cantu fœtus, miſerable murmur
75 270 758 310 Integrat, atq; implet noctem, quam longa, querelis.
97 301 651 334 Vel qualis reſidens in ſummi culmine tecti
97 333 588 357 Dira ſoror deflet ſcelerati furta mariti
96 365 696 397 Bi ſtonis, innocuo quoq; nunc, reſparſa cruore.
80 398 673 429 Sed quæro, nec digna meo lamenta dolore
78 429 680 461 Inuenio; non, blanda velit ſi præfica cygnus,
77 461 630 491 Eridani ad ripas, extremum dicere lesſum
96 492 583 525 Funeris ipſe ſui; non, ſi Ceyca quieto
97 525 696 557 Alcyone pelago, planctumq; iuuantibus vndis,
95 556 651 588 Lugeat. infidis nunc audens credere ventis,
98 588 777 622 His poſſint præbere modum: tamen edere quiddam
98 619 696 652 Eſt animus quod conſtipatum pectore luctum
1 641 71 683 a
98 651 659 684 Exigat, inſanumq; dolorum degerat agmen.
2 673 67 698 ue
134 683 806 716 Heu valeas, nunquàm, mihi care. vidende, Leonteis
99 716 647 748 Nec poſthac viſure diem; te perpetuo nox
1 737 72 770 )
99 746 741 780 Vna ptemet, poſtquàm ſemeloccidit vna tibi lux.
1 772 66 811 s
101 778 723 808 Nos vitam trahimus, nos veſcimur ætheris aura,
81 810 774 844 Dum Di quippe ſinunt; veniet ſed tempus, & inſtat,
105 842 661 876 Quo tecum viſenda palus, vbi Portitor errat
1 868 43 903 e
103 874 729 906 Tartareus, cymbaq;ue animas iam lumine caſſas,
103 906 637 932 Iam dulcis vitæ exſortes in amœna vireta
5 906 44 937 a
102 935 700 971 Fortunatorum nemorum. Elyſiumq; remittat.
102 968 656 997 Tu comes hic animis felicibus additus ibis
105 1000 677 1032 Maior; at, in thalamo ceſſit cuſtodia pernox
3 1006 75 1041 s
105 1032 684 1064 Si tibi Perſiphones, iterum violenta timentis
105 1064 683 1095 Herculis imperia, & cuſtodis vincla trifaucis;
105 1095 606 1127 Excubias, placidus regalis ianitor aulæ,
106 1127 653 1160 In ſtatione tua peragas; ille horridus alter,
107 1159 672 1192 Tergemina hirſutis attollens colla colubris,
105 1192 608 1219 Latratu miſeras æterno terreat vmbras.
170 1225 364 1257 Tomus Secundus.
688 1231 811 1263 Intereâ, si
