976 1432
770 66 814 87 355
98 94 657 129 Cura venit, roſtroque auras captare recurſu
99 129 757 163 Innumero, inuentamque ſuper conſiſtere prædam,
99 161 585 190 Et tacirè cun ca teſtari gaudia ca uda.
136 192 710 226 ed non vna ca num laus eſt, audacia præceps,
100 223 698 256 Venandique ſagax prudentia viſque ſequendi;
101 254 731 287 Obiectent pro vita hominum quod corpora telis,
100 287 812 320 Pro dominiſque petant pulcram per vulnera mortem,
99 318 610 348 In fidei exemplum Lycij ſit taſonis ille
99 350 615 382 Funere nobilitatus & alter funere Regis
98 380 656 413 Lyſimachi canis aut Volcati cauſſa ſalutis.
98 412 809 447 Eſt quoque qui domini ad buſtum, flammaſque rogales
100 445 651 471 Hæret, & ad cineres ſenſim tabeſcit hriles.
101 477 657 508 Cſtra alij Martiſque vices obiere tubarum
100 509 681 541 Exciti ſonitu vigilſque acieſque locârunt:
100 538 752 573 Hos Colophon ſocios belli, hos gens aſpia lumit,
100 572 700 603 Et prædæ, tumulique æquos largitur honores.
1 602 46 627 t
101 603 734 634 Plurima, digna tamen credi, & iam fama vagatur
1 635 50 658 i
102 635 605 664 Exilio reuocaſſe canes, duxiſſe penates
100 667 794 700 Ad patrios regem Garamantum, atque agmine denſo
100 698 649 731 Victores, hinc inde acie ſtipaſſe frequenti.
101 729 705 760 Non ſemper mendax, ouis incunabula, Crete
4 738 64 766 ei
103 761 587 795 Si poſſit feciſſe fidem cuſtodibus illis
101 792 705 823 Auratam ſeruat diuûm à prædonibus, dem.
101 826 708 859 Hique Tyanæi ſtupefacti ad verba, loquentem
3 832 64 859 di
101 858 628 891 Agnouëre, da tum nam res diuinitus ollis
102 890 622 922 Noſcere præſentes, & præſagire futuras,
100 920 723 955 Nempe canes dominos nouere & plurima noſtri
102 952 655 987 Si quis ritè notet ſeruant veſtigia ſenſus:
102 983 784 1018 Sed quoque ſponte ſua, vel non ſine numine diuûm,
1 997 61 1031 d
102 1016 610 1046 Oblatos temerè, per ſe, ratione latente,
100 1043 727 1080 Diſtinguunt, interque viros diſcrimina ponunt.
93 1079 648 1112 Soli nempe canes omni commercia vitant
96 1110 734 1144 Cum pecore, humanæque colunt coſortia vitæ,
1 1134 60 1163 t
101 1143 715 1176 His & præteritum manet alta merte repoſtum:
4 1163 65 1186 u
100 1176 667 1202 Annos Troia decem tenuit Laërte creatum
1 1197 62 1227 ci
531 1211 600 1233 2
699 1211 816 1238 Exiliu
