976 1432
299 94 531 117 BE R.
756 100 794 121 357
82 132 658 167 Nec quæ cauſa aris imponere ſuaſit honores
83 167 731 198 Parua fuit, nam prima dedit documenta vomend,
84 198 641 232 Quaq; via, ſi quando epulæ nocuëre repſtæ
83 230 636 262 Corporibus, vel Mœonij carcheſia Bacchi,
82 262 604 293 Effundi poſſit ſentina & inutile pondus.
82 294 576 327 At quæ Pellæo gens eſt vicina Canopo
84 327 664 354 Omnis, in hac ſola certam iacit arte ſalutem.
79 357 729 389 Non meliora etiam poſſint medicamina membris
85 389 729 420 Aut Chiron adhibere Amythaoniuſve Melampus,
61 420 653 454 Pocula ſi quando ſæuæ per carmien & herbas
61 454 649 484 Infecere, ſcyphiſq; dedere aconita nouercæ;
85 484 684 517 Quam cane mactato, mactati & ſanguine poto:
85 517 731 548 Sanguis enim ille canis membris aget atra venena.
85 547 667 581 Pelle etiam manibus velamina ſumta canino
85 579 658 611 Nodoſam lenire valent medicina chiragram.
85 610 692 642 Non nunc purpureis eſſet lana æmula flammis,
85 642 647 674 Ni canis in ponti fregi ſſet littore concham.
87 674 673 708 Quiq; color regum diuumq exornat amictus,
86 706 686 734 Eſt canis inuentum: maior reuerentia ſceptris
1 716 37 740 g
67 737 654 770 Maieſtaſq; venit ſolijs hoc munere, ſummis.
87 769 634 804 Nec merces merito perijt, nec gratia facto.
86 802 672 834 Eſt roſa, quæ Paphiæ vix diſtat flore, colorem
68 833 681 868 Nam ſimilem folijs, & formam ſeruat eandem,
67 865 655 892 Rarior hæc ſi non nomen Silueſtris haberet,
87 898 560 929 Illa Deæ a ſpinis eſſet ſignata cruore:
89 927 606 962 HHanc Superi vouere Cani votiq; dedere
88 957 732 992 Nomen in auſpicio, lætiſque Cynorrhodos hortis
88 990 777 1025 Addita, ſparſa leui, inuentoque nitentior oſtro eſt.
88 1023 651 1058 At regalis honos, mortalibus altior exſtans,
89 1055 686 1088 Non illi grates quoque ſoluere turpe putauit;
90 1086 582 1118 Nec voluit ſeris ignota nepotibus eſſe
90 1118 733 1146 Fidorum benefacta canum: monumenta fatentur
89 1150 655 1183 Marmoreis inſculpta notis, affixa ſepulcris.
88 1184 571 1217 Aq; etiam Parijs exciſæ rupibus alto
1 1216 702 1271 Culmine, quas tumulis grati poſure, columnæ.
729 1251 800 1272 Nue
390 1250 560 1291 2
