976 1432
908 10 954 38 V
305 93 542 117 BER.
762 105 810 124 35
86 135 618 169 Efodiens vncis veſtigia corpus in orbem
94 167 678 197 Corripere, erectaſque adpreſſis naribus aures
94 200 803 231 Tollere in attonitum. defunctaque monſtra timentem.
88 230 758 267 Vocibusat piebs cuncta bonis, plauſuque frequenti
85 261 651 293 Lætitiam teſtata ſuam, mirataque membris
95 294 738 328 Corpora trunca uis, monumentum nobile pugnæ
94 325 616 357 Et rerum ſeriem geſtarum incidit in ære.
130 357 694 388 Viribus vſque adeo rerum prudentia maior,
88 388 615 420 Et vaſtum ingenij ſuperat ſolertia robur.
97 421 679 452 Sic quam mole, parens natura potentior arte,
90 451 693 484 Huic dederat patulis ſpirantes morſibus ignes;
96 484 707 514 Fuderat & calidum circum præ cordia ſanguen:
96 515 668 546 Quo validis latum ſurgebat pectus ab armis,
92 546 694 579 Quod motus capere eximios, ſicciſque lacertis
100 578 658 608 Eufficeret ſolidos præſtare in prælia calces:
90 609 755 641 Cauda breuis, longumque latus, neglectaque colle
90 641 664 673 Cæſaries, oculique truces, ſed lumine quali
100 673 676 704 Suſtinet igniferos Solis, Iouis armiger, axes.
97 704 599 737 Illi pellis erat rubicundo fulgida villo,
98 736 555 768 Viuaces quali ceruos natura colore
92 767 661 794 Pinxit:& addiderat villoſas frontibusaures,
91 800 677 832 Candidaq; adſtricto ſuccinxerat ilia ventre.
98 832 618 858 Talis Alexandro, diuerſi a finibus orbis,
96 864 647 895 Muneris eximij certamen, pignus amoris,
99 895 675 925 Miſſus erat catulus, nonille dama lepuſve
101 925 684 958 Præda fuit, rapidis concurrere morſibus hoſti
101 958 648 990 Imbelli, tauro quoque dedignatus & vrſo,
104 989 680 1021 Seruabat tantum generoſa in vulnera dentes:
97 1022 579 1054 Obfuit ipſa ſibi virtus; nec regia verè
104 1054 697 1084 In cane proſpiciens naturæ munera Princeps;
105 1084 688 1119 Iuſſerat, ignaui prætextu occumbere fortem.
106 1116 592 1146 At cum ſucceſit ſimili de ſtirpe priori
106 1149 586 1179 Alter, in orbatas auſus prodire leænas
107 1180 669 1212 Cominus, & ſtrato vires elephante probare
100 1213 611 1247 Indocilis leuiora ſequi, miratus amauit
760 1251 819 1276 Re
501 1248 564 1275 4
927 1314 974 1338 p
