976 1432
759 78 802 103 36
321 79 544 103 .
67 120 671 146 es noua: ſed ſeclo res intermortua noſtro
82 153 660 185 Simplicitas, doteſque feri me talia cogunt
88 183 700 213 Moliri, &, mihi quæ non raro alimenta dedëre,
93 216 638 248 Seruitium, virtuſque, catenatique labores.
95 248 800 284 Qui fquis es ergo. hoſpes, veterem obliuiſcere morem
77 280 640 312 Deme ſupercilio nubem virgamque ſeueri
73 312 643 341 Cenſoris depone, ſimul ſociuſque doloris,
98 343 697 375 Si quod adhuc morum & vitæ ſine labe peractæ
94 374 680 406 Eſt pretium, nos flere iuues, maneſque vocare
96 404 737 438 Ad tumulum, tumuloque nouiſſima dicere verba.
131 438 727 468 Ante alia Arcadiæ ſed nos pecuaria, & Antron
99 470 663 503 Ingenti clamore vocant, Aſinique propago:
99 499 807 533 Mox tamen ingeniumque ſagax quodque indole maius
101 534 593 562 Humana mox vtilitas, & rtara voluptas
102 562 675 596 Ex hoc, dum vixit, quas ſæpe Ponocrate cepi,
103 596 705 629 Ex pediunda mihi. trutinâ quæ ponderet æqua
105 626 716 662 Si quis, & hinc animi dotes hnc corporis addat,
106 658 685 693 Cogetur lacrimis ſaltem ſubſcrbere noſtris.
137 688 730 723 Principio, pecoris noſtri quis commoda fando
106 721 659 758 Explicet, aut poſſit verbis æquare medelas
91 750 765 790 Queis vitijs hominum & morbis ſuccurritur ægris?
2 757 67 786 o
112 784 695 822 Quem tantum inſano iuuet indulgere labori?
1 795 69 820 o
111 818 722 850 Non mihi ſi linguæ centum ſint, ora quot Argo
1 827 68 843 Me
111 849 739 884 Lumina quæ totum per corpus ſparſa loquantur,
2 857 66 893 C
112 879 753 914 Pharmaca quot præbent Aſini percurrere poſſim.
2 895 66 927 u
114 911 680 947 Dura lepras aruina poteſt, & miſſus ab aure
3 925 82 951 -
115 943 664 980 Sanguis, cottidiè naſcentem ſiſtere febrim.
114 975 641 1008 Veſicæ vitium renes; iecur eximit aſſum
2 996 63 1023 4
116 1007 667 1038 Herculeum; maculas vrinâ & bilefugabis.
1 1024 63 1052 i
116 1039 761 1075 Non obſcura etenim eſt de coniuge fama Neronis;
117 1071 716 1106 Quæ benè inuncta Aſinæ potuit formoſa videri
117 1105 637 1134 Lacte, ſenectute &rugas deponere aratas.
118 1135 698 1170 Lacte dyſe ntericis minus inteſtina dolebunt.
1 1147 65 1174 M
121 1169 718 1201 Oſſa dabunt Lybico pretijs non dente minora
1 1193 64 1221 ts
120 1200 746 1238 rgana, Terpſichore quibus æmula vocibus edit
699 1233 829 1259 Huma nis,
