<PcGts xmlns="http://schema.primaresearch.org/PAGE/gts/pagecontent/2017-07-15" xmlns:xsi="http://www.w3.org/2001/XMLSchema-instance" xsi:schemaLocation="http://schema.primaresearch.org/PAGE/gts/pagecontent/2017-07-15 http://schema.primaresearch.org/PAGE/gts/pagecontent/2017-07-15/pagecontent.xsd"><Metadata><Creator>User123</Creator><Created>2020-04-19T08:48:32</Created><LastChange>2020-04-19T08:48:32</LastChange></Metadata><Page imageFilename="0580.png" imageHeight="1432" imageWidth="976"><TextRegion id="r0" type="paragraph"><Coords points="1,1 974,1 974,1430 1,1430"/><TextLine id="r0_l001"><Coords points="906,1 906,19 963,19 963,1"/><TextEquiv index="1"><Unicode></Unicode></TextEquiv></TextLine><TextLine id="r0_l002"><Coords points="296,90 296,114 533,114 533,90"/><TextEquiv index="1"><Unicode>LIEER.</Unicode></TextEquiv></TextLine><TextLine id="r0_l003"><Coords points="757,93 757,118 799,118 799,93"/><TextEquiv index="1"><Unicode>36a</Unicode></TextEquiv></TextLine><TextLine id="r0_l004"><Coords points="26,93 26,129 69,129 69,93"/><TextEquiv index="1"><Unicode></Unicode></TextEquiv></TextLine><TextLine id="r0_l005"><Coords points="44,136 44,160 76,160 76,136"/><TextEquiv index="1"><Unicode></Unicode></TextEquiv></TextLine><TextLine id="r0_l006"><Coords points="653,132 99,132 99,165 201,165 263,163 478,163 653,165"/><TextEquiv index="1"><Unicode>Ingrediens, patulis captabit naribus auras,</Unicode></TextEquiv></TextLine><TextLine id="r0_l007"><Coords points="618,166 478,164 263,164 105,169 105,193 618,193"/><TextEquiv index="1"><Unicode>Aëre vt expellat, grauius ſpira ntia, ſuaui.</Unicode></TextEquiv></TextLine><TextLine id="r0_l008"><Coords points="100,195 100,226 612,226 612,195"/><TextEquiv index="1"><Unicode>Ille metus omnes, &amp; auari ridet Auerni</Unicode></TextEquiv></TextLine><TextLine id="r0_l009"><Coords points="106,226 106,254 672,254 672,226"/><TextEquiv index="1"><Unicode>Murmura, &amp; affectus mortales exuit omnes.</Unicode></TextEquiv></TextLine><TextLine id="r0_l010"><Coords points="107,258 107,288 671,288 671,258"/><TextEquiv index="1"><Unicode>Nam cumfuſte canis tactus ploratibus ædes</Unicode></TextEquiv></TextLine><TextLine id="r0_l011"><Coords points="757,291 258,291 184,294 103,294 103,324 244,324 308,321 482,320 641,321 691,322 695,324 757,324"/><TextEquiv index="1"><Unicode>Impleat; &amp; per apesrta volans equus æquora, dictam</Unicode></TextEquiv></TextLine><TextLine id="r0_l012"><Coords points="656,323 641,322 482,321 308,322 244,325 104,327 104,350 656,350"/><TextEquiv index="1"><Unicode>Ad metam ſudet, leuibus calcaribus actus;</Unicode></TextEquiv></TextLine><TextLine id="r0_l013"><Coords points="725,352 707,352 701,354 515,352 272,355 186,358 109,357 109,387 250,387 356,384 454,384 500,382 687,383 697,384 700,386 725,387"/><TextEquiv index="1"><Unicode>Cumque pedo tandem greſſus conferre iuuenci</Unicode></TextEquiv></TextLine><TextLine id="r0_l014"><Coords points="506,414 666,415 666,384 356,385 197,389 105,388 105,417 334,417"/><TextEquiv index="1"><Unicode>Et campum glbis diſcantinuertere fractis;</Unicode></TextEquiv></TextLine><TextLine id="r0_l015"><Coords points="377,447 659,445 659,415 335,417 268,420 108,422 108,450 184,452"/><TextEquiv index="1"><Unicode>Seruilis produnt pecudes hæ ſigna timoris.</Unicode></TextEquiv></TextLine><TextLine id="r0_l016"><Coords points="416,479 672,477 672,446 377,448 184,453 105,451 105,481 346,481"/><TextEquiv index="1"><Unicode>Ie ſed impauidus ſtimulos, &amp; miſile paſſus</Unicode></TextEquiv></TextLine><TextLine id="r0_l017"><Coords points="387,511 496,511 542,509 650,509 654,508 654,478 347,481 289,483 224,483 190,485 112,484 112,513 339,513"/><TextEquiv index="1"><Unicode>Calcar, &amp; obiiciens duro ſua corpora fuſti,</Unicode></TextEquiv></TextLine><TextLine id="r0_l018"><Coords points="52,496 52,516 83,516 83,496"/><TextEquiv index="1"><Unicode></Unicode></TextEquiv></TextLine><TextLine id="r0_l019"><Coords points="649,540 649,510 387,512 339,514 261,514 197,517 112,517 112,542 523,542"/><TextEquiv index="1"><Unicode>Nilimet hirſutâ ſcd verbera pelle repulſa</Unicode></TextEquiv></TextLine><TextLine id="r0_l020"><Coords points="706,540 319,546 216,546 157,548 111,547 111,574 481,574 599,572 646,572 650,574 706,574"/><TextEquiv index="1"><Unicode>In ventos abeunt, necquicquam ligna ſine ictu</Unicode></TextEquiv></TextLine><TextLine id="r0_l021"><Coords points="500,604 548,605 604,603 604,573 330,577 243,576 226,578 185,578 159,580 130,579 91,581 91,606 430,606"/><TextEquiv index="1"><Unicode>Inſtant, &amp; ſolito pernicius vrget agaſo.</Unicode></TextEquiv></TextLine><TextLine id="r0_l022"><Coords points="387,637 473,637 594,634 694,634 694,604 599,604 548,606 500,605 245,609 174,612 114,612 114,639 348,639"/><TextEquiv index="1"><Unicode>Hæc ratio eſt, quare Hebræis Doctoribus eius</Unicode></TextEquiv></TextLine><TextLine id="r0_l023"><Coords points="651,665 720,665 720,635 594,635 542,637 387,638 348,640 225,641 195,643 112,642 112,667 594,667"/><TextEquiv index="1"><Unicode>Fertur atumbrari ſub imagine, candida men tis</Unicode></TextEquiv></TextLine><TextLine id="r0_l024"><Coords points="887,618 887,677 933,677 933,618"/><TextEquiv index="1"><Unicode></Unicode></TextEquiv></TextLine><TextLine id="r0_l025"><Coords points="375,702 411,700 715,698 715,670 377,670 341,672 265,672 162,676 110,676 110,704 253,704"/><TextEquiv index="1"><Unicode>Integritas, quam nec faſces nec purpura regum</Unicode></TextEquiv></TextLine><TextLine id="r0_l026"><Coords points="672,728 672,700 411,701 375,703 208,705 183,707 113,707 113,732 423,732"/><TextEquiv index="1"><Unicode>Flectat &amp; i pſ ſuas cohibens Patientia vires.</Unicode></TextEquiv></TextLine><TextLine id="r0_l027"><Coords points="708,765 708,728 323,734 205,738 165,738 161,736 114,736 114,766 312,766 570,761 675,761 684,766 688,766"/><TextEquiv index="1"><Unicode>Iſſacharque hinc ipſe pater quod fortis Aſellus</Unicode></TextEquiv></TextLine><TextLine id="r0_l028"><Coords points="509,794 622,795 622,762 253,767 175,771 135,770 115,771 115,796 451,796"/><TextEquiv index="1"><Unicode>Oraclo dictus ſancto, quem poſtera ſæcli</Unicode></TextEquiv></TextLine><TextLine id="r0_l029"><Coords points="370,830 400,828 492,828 570,826 570,796 452,796 109,803 109,832 240,832"/><TextEquiv index="1"><Unicode>Relligio zelata, pij præbere figuram</Unicode></TextEquiv></TextLine><TextLine id="r0_l030"><Coords points="672,856 672,826 539,827 492,829 400,829 370,831 241,832 208,834 117,835 117,857 632,857"/><TextEquiv index="1"><Unicode>Commentata viri, voluit nos credere in ills</Unicode></TextEquiv></TextLine><TextLine id="r0_l031"><Coords points="66,867 73,867 73,841 47,841 42,835 1,835 1,873 57,874"/><TextEquiv index="1"><Unicode></Unicode></TextEquiv></TextLine><TextLine id="r0_l032"><Coords points="465,890 528,891 659,888 659,859 541,859 411,862 393,861 298,864 216,863 188,866 116,867 116,894 361,894"/><TextEquiv index="1"><Unicode>Mirari Clauſtra &amp; varios debere cucullos.</Unicode></TextEquiv></TextLine><TextLine id="r0_l033"><Coords points="45,875 7,874 7,892 45,892"/><TextEquiv index="1"><Unicode>Cl</Unicode></TextEquiv></TextLine><TextLine id="r0_l034"><Coords points="293,927 327,925 492,923 567,920 599,920 607,921 612,924 652,925 652,891 465,891 313,896 115,898 115,928 224,928"/><TextEquiv index="1"><Unicode>Ingenium quia ſit credo, &amp; rationis imago</Unicode></TextEquiv></TextLine><TextLine id="r0_l035"><Coords points="586,922 525,922 492,924 327,926 293,928 225,928 183,930 112,930 112,954 586,954"/><TextEquiv index="1"><Unicode>Humanæ, maior brutis diuinitus illi:</Unicode></TextEquiv></TextLine><TextLine id="r0_l036"><Coords points="1,925 1,959 28,959 28,925"/><TextEquiv index="1"><Unicode>a</Unicode></TextEquiv></TextLine><TextLine id="r0_l037"><Coords points="309,989 370,989 473,985 513,985 513,955 458,955 154,963 118,962 118,993 205,993"/><TextEquiv index="1"><Unicode>Quâ ſciat alternâ requie robur</Unicode></TextEquiv></TextLine><TextLine id="r0_l038"><Coords points="316,1020 431,1019 464,1017 653,1015 653,984 544,984 532,986 473,986 370,990 309,990 205,994 117,995 117,1023 237,1023"/><TextEquiv index="1"><Unicode>Corporibus. nil continuo ſatis eſſe labori.</Unicode></TextEquiv></TextLine><TextLine id="r0_l039"><Coords points="63,1032 63,1024 61,1020 61,1001 6,1001 6,1033 55,1033"/><TextEquiv index="1"><Unicode></Unicode></TextEquiv></TextLine><TextLine id="r0_l040"><Coords points="579,1047 714,1047 722,1049 722,1015 464,1018 431,1020 316,1021 237,1024 117,1025 117,1052 339,1052"/><TextEquiv index="1"><Unicode>Nulli ideo generi in terris minus obfuit imber,</Unicode></TextEquiv></TextLine><TextLine id="r0_l041"><Coords points="2,1035 2,1061 64,1061 64,1035"/><TextEquiv index="1"><Unicode>i</Unicode></TextEquiv></TextLine><TextLine id="r0_l042"><Coords points="307,1083 667,1079 667,1049 507,1049 472,1051 340,1052 174,1058 111,1057 111,1086 228,1086"/><TextEquiv index="1"><Unicode>Vel pecudum peſti, vel liuida fuſte cicatrix</Unicode></TextEquiv></TextLine><TextLine id="r0_l043"><Coords points="1,1069 1,1099 65,1099 65,1069"/><TextEquiv index="1"><Unicode></Unicode></TextEquiv></TextLine><TextLine id="r0_l044"><Coords points="690,1080 307,1084 273,1086 150,1088 150,1111 690,1111"/><TextEquiv index="1"><Unicode>Nec minus ex illo certis cognoſcere ſignis</Unicode></TextEquiv></TextLine><TextLine id="r0_l045"><Coords points="1,1105 1,1135 38,1135 38,1105"/><TextEquiv index="1"><Unicode>e</Unicode></TextEquiv></TextLine><TextLine id="r0_l046"><Coords points="498,1144 723,1143 723,1112 456,1113 424,1115 291,1116 207,1120 115,1119 115,1147 406,1147"/><TextEquiv index="1"><Unicode>Inſtantes poteris pluuias. hiememque futuram,</Unicode></TextEquiv></TextLine><TextLine id="r0_l047"><Coords points="63,1161 63,1130 54,1130 47,1134 41,1135 1,1135 1,1162 47,1162"/><TextEquiv index="1"><Unicode></Unicode></TextEquiv></TextLine><TextLine id="r0_l048"><Coords points="288,1179 421,1179 496,1176 713,1176 721,1180 737,1180 737,1145 591,1144 498,1145 406,1148 345,1147 283,1148 167,1153 118,1152 118,1183 216,1183"/><TextEquiv index="1"><Unicode>Quam poſtquam fugiſſe grues hanc vallibus imis</Unicode></TextEquiv></TextLine><TextLine id="r0_l049"><Coords points="4,1163 4,1198 48,1198 48,1163"/><TextEquiv index="1"><Unicode></Unicode></TextEquiv></TextLine><TextLine id="r0_l050"><Coords points="296,1211 501,1210 588,1208 698,1209 698,1177 496,1177 421,1180 288,1180 195,1185 150,1185 135,1188 117,1188 117,1213 258,1213"/><TextEquiv index="1"><Unicode>Aut ſiquando vagum cernes, ardente lucerna,</Unicode></TextEquiv></TextLine><TextLine id="r0_l051"><Coords points="53,1227 53,1201 51,1199 4,1198 4,1231 45,1231"/><TextEquiv index="1"><Unicode>n</Unicode></TextEquiv></TextLine><TextLine id="r0_l052"><Coords points="686,1242 710,1242 710,1210 588,1209 501,1211 296,1212 196,1216 133,1216 126,1220 114,1221 114,1244 667,1244"/><TextEquiv index="1"><Unicode>Scintillare ignem, &amp; putres coaleſcere fungos.</Unicode></TextEquiv></TextLine><TextLine id="r0_l053"><Coords points="55,1229 51,1229 45,1232 1,1232 1,1259 55,1259"/><TextEquiv index="1"><Unicode></Unicode></TextEquiv></TextLine><TextLine id="r0_l054"><Coords points="704,1240 704,1267 819,1267 819,1240"/><TextEquiv index="1"><Unicode>Auribus</Unicode></TextEquiv></TextLine><TextLine id="r0_l055"><Coords points="1,1271 1,1304 63,1304 63,1271"/><TextEquiv index="1"><Unicode></Unicode></TextEquiv></TextLine><TextLine id="r0_l056"><Coords points="973,1286 935,1285 935,1314 973,1314"/><TextEquiv index="1"><Unicode></Unicode></TextEquiv></TextLine><TextLine id="r0_l057"><Coords points="923,1331 923,1345 974,1345 974,1331"/><TextEquiv index="1"><Unicode></Unicode></TextEquiv></TextLine></TextRegion></Page></PcGts>