976 1432
760 66 810 92 3
3 94 555 130 elligione ſitû.& fidi ſacra ſilenti,
100 131 707 165 Submouëre mares etiam qui accedere tentant
102 163 662 196 Attonitos facit ipſe locus, nec vaſa ſacerdos
99 194 663 223 Committens geſt re viris. committit aſello.
101 226 789 260 Qui ppe animal nullum Superis Erymantide ſilu
95 258 655 292 Gratius vt vultus, atque induit ora Lycaon
99 290 690 321 œda lupi natamque ſuâ cum prole, lenatam
99 321 588 351 Iuppiter è terrâ fe icibus intulit aſtris
100 355 706 386 In lups feritas, vetus at miſerationphiæ,
99 384 627 414 Vrſa rum genus omne deos odiſſe ſub iſtis
101 416 716 449 Saltib admonuit, danumq; rependere rerræ,
101 449 634 481 Per fœca eximiæ pecuatia laudis oagros,
1 468 62 496 i
99 481 601 512 I pſa Ceresigitur. frat iteſtata fauorem
99 513 651 544 Arcadiæ nam terra Iui non cario vlla eſt
3 538 63 566 Miu
98 544 733 576 Eligit hinc teſtem ſacrorum, onerumq; leuamen
82 576 609 608 Cum niueâ matres velatæ corpora veſte
97 608 601 638 Agri primitias dant ille, & ſpicea ſerta,
1 605 63 637 u
1 636 66 671 e
97 639 735 671 Poſt puras, viduaſque nouem ſine coniuge noctes
131 671 809 704 Hæc ſiper ingeniis pecudum; nunc tempus ad ipſas
1 702 663 735 esVirtutes, ludeſq; Ponocratis iræ Camœnæ.
97 734 690 767 Qui mihi perpetui vt ſuperis conceſit ab oris,
3 734 62 768 i
94 766 691 790 Luctûis cauſa fuit nec adhuc eſt certa dolorum
95 799 700 829 Vel mora vel requies; & ni me umina diuûm
95 830 624 862 Respitiant, miſeræquæ reſtant rædia vitæ
3 835 64 872 u
93 862 804 893 Damnata, vſque traham in tenebris gemituq; perenni,
94 894 668 925 Dum me reddat ei, & iubat mors dira ſilere.
1 900 63 933 u
124 924 737 956 Arcade progenitus Barthaldo, in origine quartâ
90 956 695 988 Maternum genus ad geminos referebat aſellos,
90 988 726 1020 Qui merita ob præclara solum cœleſte pererrant
88 1020 646 1051 Vt quoque ſi virtus dubitabilis eſſet in illo
1 1030 60 1066 u
86 1050 640 1081 Eſſet nobilitate potens, ſedſtemmate fama
85 1082 714 1114 Nominis haud indigna fuit, quam pectore fas ſit
85 1114 709 1146 Concepiſſe magis, mihi quam datur ore profari
87 1146 687 1178 Hinc quoq; nec grates puduit piguitue referre.
84 1178 691 1212 Viuenti, & poſt fata rogo. memorique ſepulcro
735 1218 796 1249 Qua
