976 1432
915 1 960 35 V
329 75 558 97 BER.
767 76 814 102 6
93 114 759 145 Poſtquam tu mihi cæuſa boni, mihi muneris autor
98 145 624 176 Omnis præſidium vitæ, vacua atia Drtis
95 177 573 211 Inferni ſubiiſti & ſubterranea regna,
900 189 950 260 I
96 211 653 240 Munera Tartareas tecum petiere tenebras.
96 241 604 267 Tu mihi vita Sodalitio tu ſolus & vnus
96 271 709 306 Subſidium noſtro ſociis & commoda & ingens
94 304 646 337 Vtilitas, mihi ſed curarum ignara voluptas;
74 336 701 367 Et Sol qui tenebras animi, mœſtumq; timorem
93 368 621 398 Lætiſficis poteras radiis depellere formæ.
94 400 756 432 A primo ingenium, nec tam mihi cognita mens e
94 432 690 463 Ecubiis quam nocturnis, queis corpore natus
95 463 653 495 Vigineo Deus, eſt atque illâ temporis horâ
92 494 756 526 Nempe ferun pecudes quâ, priſco more, loquentes
94 527 630 551 Inſuetos variis fermonibus edere cantus.
95 557 646 589 Corporis vt dotes, animi ſic maxima dona,
94 589 653 619 Et ſoli conceſſa homini commercia linguæ
94 622 640 653 Quis non in rapto doleat, miratus in ægro?
92 651 745 683 Noctis eratmeminimedium, altæ munere nocs,
92 683 682 717 Dulcem carpebant animalia cuncta ſoporem;
93 715 726 745 At non hic: nec enim mem bris vicina quietem
93 746 711 778 Fata dabant;ſed iam vinclis ſoluendus, & antris,
94 779 585 813 Corporeis exire parans, cœeſtia enſit
93 808 704 847 Spiritus, & divina ſequens, ſic lingua locuta eſt.
79 843 657 875 Maxima tenoſtri, mi Cipole, cura remordit
93 873 711 908 Semper, & vnus amor nobis ei tempore ab illo,
93 904 690 939 Quo veni eſuriens veſtraad præſepia, &omni
93 937 597 971 Te non pœnituit me nutriuiſſe labore.
91 968 671 999 Nonetiam incaſſum officio certaſſe priore
91 1002 602 1036 Te paterer, ſi fata meis me ducere vitam
90 1031 721 1068 Auſpiciis ſinerent nune parua rependere magnis
90 1064 668 1096 Sit ſatis, & te conſilio inſtruxiſſe ſaIubri,
90 1096 741 1126 Dum dant huma na mihi diuûm numina vocem-
90 1128 735 1160 Ante alia illecebræ meretrix fugienda malorum;,
89 1160 704 1192 ,, Et mater ſcelerum Veneris damnoſa voluptas.
30 1192 673 1236 Qualicunque decet, quod non vitare licebi
576 1224 799 1251 AaPef-
208 1226 401 1248 ITomus Seindu,
