976 1432
346 86 577 115 LIBER.
787 96 833 124 7t
120 126 638 160 Iûit in thalamos, & ſe ſuper ardua colla
120 159 706 194 Impoſuit, rapidâque fremens immane ſub ir,
119 189 670 220 Deprenſo rabiem ſæuus conſumſit in hoſte.
118 221 694 259 Hæc mihi diſplicuit feritas inopina, furorque
117 253 632 280 Inſolitus; tenui vinclis, & carcere ſæuum
117 286 695 318 Ad tempus victorem, linguam ad iurgia ſolui.
116 317 719 350 Sed tua tela puer, nimiumque oruenta peroſam
112 349 818 382 Corda Deam, memoremque timens Rhamnuſidis ir,
110 380 691 411 Exemi manicis languentem, & vincla leuaui
115 411 664 443 Et fuit hæc cumulo virtutum noxa ſepulta.
115 443 784 476 Na m formam non cura mihi eſt, patienſq; laboru
117 476 670 506 Corpus, & æquales tanto pro corpore vires;
112 507 603 537 Fortnæ variantis opes vulgataq; dona
115 538 633 564 Naturæ, mirari aut ſummæ vertere laudi,
117 568 702 594 Sed mentis bona clara ſacræ, virtutis amorem
112 601 674 632 Ingeniiq; decus, quibus & natura creandis
115 632 689 662 Conſumſit numeros omnes, virefq; probauit
114 662 577 693 Ofſicioſa ſuas, & nil culpare reliquit.
113 694 664 724 Hoc tam multiplici titulo geſtare coronam
114 725 613 756 Totius Arcadiæ meruit, legeſq; rogare,
112 756 676 791 Atque iugum impoſuiſſe feris, & dicere iura,
111 789 638 821 Et nutu rexiſſe aſi nos, niſi Scoppius, olim
111 821 638 853 Ambitione malâ, ſuffragia noſter emiſſet
108 853 771 885 Vt neque nunc, liceat præſens modo ponere corpus,
110 885 646 915 In vultus aſini tranſire potentibus herbis,
107 915 640 947 Hirſutum & villis tergus ſumſiſſe recuſet.
109 947 603 976 Tu vero manibus velatis numina poſce
110 978 675 1011 Suppliciter triſtis Fauni, virideſque Napæas,
106 1011 696 1041 In noua, migrare vt ſpecies; tua, corpora poſſit
111 1043 791 1077 Quid migrare vetat?populatrix quæ dat Hymetti
109 1073 620 1104 Nobile necar apis, ſiluis adſueta Meliſa
106 1105 702 1137 Dictæis, Dryadum quondam fuit vna ſororum.
3 1113 61 1143 A
107 1137 702 1170 Digna louis thalamis olim, & qua non fuit vlla
110 1170 746 1202 Nympha magis Triuiæ dilecta Erymanthide ſilua,
111 1202 713 1234 Parraſis; huic nigris dare conſita tergora villis
750 1236 813 1268 Sæus
550 1239 636 1258 Aa 2
