976 1432
342 78 573 99 D.
777 81 822 107 7
104 117 705 145 IIIe dolore furens, aduerſum erectusin hoſtem
109 150 733 183 Calcitrat, & pedibus curuum proculcat equinis;
108 181 690 213 Tu galea excipiens ictus clypeoque ſonantes,
103 211 722 244 Vix quoque ſubſiſtens, prætendis miſſile telum,
109 244 698 278 Semiuirique vno duo pectora vulnere frangis.
104 275 633 308 Eſt locus, Elyſium dicunt, felicior æthra
108 308 699 341 Manibus Heroum campos hic lumine veſtit;
104 339 749 370 Hunc fuge: Scaligerum decus, & iuſtiſſima, Iuſtus.
109 370 679 401 Cura Deûm, æternâ ſpatiatur luce coruſcus,
104 402 680 434 Et proauûm turbâ comitatus, ſaltibusillis.
109 433 694 466 His tu nec radiis, nec contra obtendere claris
108 465 680 498 Amphitheatrales poteris fulgoribus vmbras.
109 496 674 529 Ipſe mihi moriens, hæc dixit, Cipole, perfer
109 528 685 560 Scoppiadæ mandata meo: mors cætera labris
3 558 683 605 Eripuit pecoris, ſupremaque verba ſecuta eſt.
278 608 645 638 Simii à Plautino Maronio, ſeruo.
46 645 680 687 Siquiſquam fecit damnum, & vixiſſe cupido
108 685 697 717 Si cuiquam maior fuerit, quam viuere; porro,
109 714 682 742 Si cui mactato certa cruce, corculum aduſſit,
107 747 719 779 Vel noſtro, vel præterito, carbunculus, æuo;
108 775 815 813 Ille ego ſum: ſuperatque neis damnumque dolorque
108 812 653 843 Et luctus, & iacturas, & damna priorum.
3 839 42 864 .
109 838 738 876 Hoc tantum damnum eſt, hæc tanti cauſa doloris
108 874 815 906 Simius, indignâ heu, miſero mihi morte peremptus.
111 904 754 938 Simius, omnigenûm, quantum circumdata ponto
110 937 743 970 Arua terit pecorum, ſcitiſſima beſtia: nam nec
110 968 741 1001 Dotibus abſque ſuis, nec erat ſine pectore corpus.
111 999 720 1031 O damnum, cui non lucrum reſpondeat vlluml
112 1032 674 1065 Nil igitur mirum, ſi me ſomnique cibique
111 1064 654 1095 Viderunt inopem quatuor redeuntia Solis
60 1095 677 1127 Lumina, ſi iacui tenebris exſanguis obortis.
144 1128 720 1161 Ferre tamen ne quis grauius me dixerit æquo
60 1153 723 1191 Mortem quadrupedis nihili, cum Craſſus inani
114 1193 678 1227 Euderit ad tumulummurenæ voce querelas.
586 1228 671 1262 Aa
784 1228 823 1253 AM
