976 1432
308 70 538 96 LIBER.
742 82 790 105 377
75 109 637 143 Exhibuit priuatus adhuc, ſed præſtiiit alter
80 142 610 176 Flauius, ante diem ſolio viduatus adepto,
60 174 724 209 Fletus vterque tuo mundique dolore, peremptus.
82 204 666 241 Auſonios his adde animos bellique domique,
81 236 756 274 Victoreſque manus Macedûm, illuſtreſque Pelaſgos,
81 269 787 309 Quæque olim diſparſa locis pulcherrima ſummûm
83 301 619 330 Ornamenta ducum variis & diſſita terris,
79 332 665 364 Temporibus diſtincta ſuis, conſpexerat orbis,
83 364 684 396 Cernere tunc congeſta ſimul gauiſus in vno eſt.
81 396 635 427 His illum meritis ſuffragia crebra petebant
78 427 682 459 Admouiſſe manum ſceptris, patriæque dediſſe
80 460 599 491 Indolis eximios tantæ decerpere fructus.
82 491 690 524 Regni etgo & rerum tenuit prudenter habenas,
82 524 657 555 Dum fortuna fuit: ſummo diſcrimine rerum
80 555 711 587 Gnarus ſumma regi, minimûùmque licere potenti
81 587 591 613 Plebis in obturu: non ſunt venalia iura,
82 618 621 649 Non pretio tabulæ certo fixæ atque refixæ,
81 649 565 680 Non duræ leges, illo ſub rege, repertæ.
82 680 634 708 Nil montes auri damnatum iure, iuuabant,
81 714 564 745 Nil ſua vincenti paupertas obfuitro.
79 744 604 771 Non ſecus ac toto diffundit lumina cœlo
81 776 610 809 Phœbus, & illuſtrat regali ſplendida lu
81 808 699 841 Tecta ducum pariter, pariter radioſque coruſcat
79 840 661 872 Pauperis in tuguri. nullo di ſcrimine, culmen.
81 873 639 904 Non ſine conſilio maturo & ſæpe recocto
82 904 641 936 Iura dabat populis, nunquam ſententia regi
78 934 699 965 Dicta ſemel reuocata. aut inconſulta reperta eſt.
81 968 663 1001 Vt piger ad pœnas animus, ſic dextra, merenti
78 999 584 1031 Vtilis, indulſit trepido generoſa pudori
81 1031 655 1065 Quas non fecit opes ſibi, ſed ſeruauit amicis.
79 1064 611 1096 Et quia erat ſpecie eximia ſociata perenni
80 1095 630 1121 Vinclo illi coniux, Dis & Iunone ſecunda,
81 1127 627 1160 Nam primis illam tædis, primiſque iugarat
78 1160 618 1192 Ominibus pater intactam, furtiua peroſus
75 1193 598 1225 Coniugia, illiciti non nrat gaudia lecti.
735 1227 780 1251 Sed
542 1228 622 1252 Aa5
