976 1432
919 1 966 33 V
298 64 529 88 LIBEB
736 73 784 94 379
39 92 696 136 Iecora ad arma vocans, docto non pat fuit hoſti.
39 135 590 168 Res ergot belli fractas diſcrimine vidit,
39 167 621 199 Et cunctas dare terga fugæ palantia turmas.
39 199 691 232 Nec ſuper auxilium ; miſerandi ſcemate ſumpto
57 231 581 259 Militis, euadens vigiles, inimica fefellit
57 261 734 295 Agmina: quot caſus illum, & mala quata ſequuta?
57 295 701 324 Sic etenim placitum Superis: queis alta putauit
56 326 683 356 Hoc ſe mens debere tamen, quod multa decoris.
7 356 646 389 Cum ſors abſtulerit veteris. ſint plura relicta
13 387 617 419 Arbitrio maiora tuo: non ſubdita caſueſt
13 419 627 454 nſtabili generoſa fides, vultuſque verendi
11 452 561 483 Maieſtas ſeruili ignara audire timori;
7 483 645 517 Ingenteſque animi ſpretorque laboris & æui
11 515 639 546 Spiritus, & nudo virtus ſplendore refulgens:
12 545 658 580 tTunc etenim tentanda fuit cum fecibus eſſet
8 577 521 611 Et perſonato fortunæ exuta ſereno
1 607 599 643 teIn vultu mens vera ſuo; quæ preſſa ruinâ
60 635 736 672 Adfectus ſimulare nequit, cum ſceprra tenentûm
60 671 654 705 Sub regno grauiore, videt conſiſtere regnum.
3 683 32 703 :
60 703 680 738 Fandem ergo ducens extrema per omnia vi tam
60 734 612 769 Ad villam peruenit heri fuit illa malorum
2 743 40 774 e
60 765 683 800 Certa quies & certa domus dum vita manebat.
60 797 684 830 Sed nunc dira caput ſub Tartara truſit Erinnys,
60 830 658 861 Cui datus hærebam cuſtos: quo corde putatis
41 852 792 900 Aut quibus hunc potuiſſe oculis me ferre dolorem?
1 893 666 940 lNon ſie Aiacem Telamon, non fleuit Adonim
2 924 697 990 .
59 988 638 1024 Alcides quæſtuit Hylam vt littuſq; nemuſq;
1 1017 741 1063 Nomen Hylæ, & ſcopulis exceptum redderet Echo.
58 1053 659 1089 Ah, quoties manibus liue ntia pectora planxil
58 1083 628 1125 Ah, quoties conata queri, ſed inutilis hæſit
1 1116 726 1166 Lingua mihitam dulce caput dum concidit Orco
57 1148 738 1182 Ante oculos interquemanus lachrymabile noſtras,
56 1181 656 1222 Sponte fluens, & ſe paullatim corpore toto
637 1212 776 1242 Exſoluens,
