976 1432
916 1 966 36 V
749 87 792 108 3
52 119 637 155 Annua vota vltro, funebres ordine pompas
54 154 625 185 Exequi, & alta ſuis cumulare altaria donis.
55 185 593 217 Si vero gyptus, cœli ſtudiola, deorum
74 216 612 248 Prodigioſa parens hunc vſurpaſſet ocellis
73 248 574 279 Iſſet in exilium Felis ſiſtrataque turba.
56 280 743 312 Porrum & cæpe, Deûm monſtra, & latrator Anubis.
54 312 577 342 Gens etiam ſi tam felix Chaldæa fuiſſet
54 343 589 375 Illorum vt noſter tetigiſſit imius oras
55 374 645 407 Struxiſſet delubra illi, & ſimulacra per rbes
54 406 691 438 Et templis meritum Magus indixiſſet honorem,
55 439 717 472 Numinibus patriis, Flammâque, Focoque relictis.
54 472 717 498 Sic tua Simiole, , mors cum concinnet amarum
56 503 694 534 Cordolium quibus es notus demomine tantum,
56 534 708 566 Heul quianam me morte tua infortunia tangentl
52 566 681 596 Gaudia cui tecum periere, & commoda cuncta;
56 596 642 626 Et cui diuidia, & ſenium, eſt & ola ſuperſtes
56 627 688 660 Anxietas, quæ me coquit, & ſub pectore mactat,
56 659 685 691 Et ſaturat vitæ, & tandem eſt factura ſuperbum.
56 691 641 727 Sed ne forte ferant tam longi tædia planctus
56 723 628 757 Deſiſtam maneſque ſupremûm voce ciebo;
56 754 618 789 Et quicquid fieri voluit ſuprema voluntas
74 786 657 814 Eſſe ratum curabo, & vota ex ordine ſoluam.
292 838 572 869 Nctua a Flora, vidua.
76 875 733 908 u nc demum nihil in vita propriumeſſe re cordor:
74 909 686 944 Nos morbi ſiquidem, dubiique per omnia caſus,
7 940 678 978 Carnificeſque vorant curæ, triſtiſqueſenectus,
13 972 705 1010 Horrificant uctuſque, laboſque, & turpis egeſtas:
12 1004 658 1040 Sed contra, miſeræ pauca heul ſolatia vitæ.
13 1036 691 1080 Nam plerumque rapit duræ clementia mortis
1 1066 675 1115 , Iruſtres animas primo, obſcuraſque relinquit.
13 1099 707 1137 Ac velutintereunt ſegetes, frumentaque culmis
9 1132 630 1166 Inteneris vix nata cadunt, at ſegnis in aruis
11 1164 717 1204 Carduus, & lolium, & ſteriles dominantur auenæ
10 1196 631 1239 ic gens plena dolis, verique effœta, nec vll
706 1230 781 1255 tilis
