976 1432
349 89 520 115 IEER.
788 89 863 116 a
129 132 655 168 Fòſice fuaſa Deas naſcenti rumpere vitæ;
129 168 689 198 Corporis at dotes, animique inſignia donma
126 196 696 230 Eemplo caritura, ſemel deperdita in æuum
125 231 655 261 Lugens, communem vicinis defleo caſum.
125 262 696 293 Ex quo iacta meæ primum fundamina villæ,
125 293 616 325 Non in gallinas tenuit formoſior alter
125 325 653 358 Imperium: gallis longe præſtantior ndis;
122 355 714 387 Quippe nigris oculis erat, inceſſuque decoro.
124 387 690 418 Quod laudi vertit ſapiens animanibus illis
123 419 690 444 Varro.rnricolæ decus immortale Camœnæ,
124 450 650 481 Totius ideirco placidis conuictibus æu
126 480 687 514 Galliai, quas cum cura ſtdioque fouebat,
127 513 706 544 Carus erat, multiſque mihi dilectus ab annis
127 545 675 575 Quod pullos vna vasrios ab origine amarem
128 574 722 607 Atque aliam ex alisgenerando ducere prolem,
128 606 708 638 Cottidie gteminm dum ditat turgidus ouis
129 635 735 672 Oblongia cenſus. quæ ſunt magis alma rotundis.
129 667 735 703 Quis poſthac etiam medio mihinoctis adultæ.
133 701 683 734 Curriculo ex pellet ſomnos, vt ſurgere mane
129 729 702 763 Mollibè rati opera ad uliebria poſſim?
130 761 717 798 Nam gallus meus horarum momenta canebat
130 796 718 831 Voce graui, cum primum alto de gutgitc Eus
132 826 686 863 Surges hœbæam prædicit lampada terri
133 858 693 894 Quæ regioin terris non ſit ſtudioſa volucris
133 891 674 924 Tantæ quæ ſaltem cultoribus orbis aratur
130 922 691 957 Atque vbi non ſteriles enrit Seirius agros,
131 953 692 988 Vel quo hipæo tellus non tunditur Euro,
132 979 773 1018 Nam quamuis Aquila ætherei Iouis armiger audi
130 1013 769 1050 Et volucrum rex cunctarum, quia fulmina curuis
131 1045 714 1080 Ferre ſlet pedibus; cur non adſpiret ad illud
131 1077 746 1112 Nomen & imperiu Galls, po scatque tiaram?
131 1110 721 1146 Namque vt cura Aquilis eſt prædatoribus vpa
131 1145 661 1178 Per fas atquenefas furtis &iuere rapto:
133 1174 649 1212 Sic gallo contra cinxit diademate fuluo
132 1205 681 1243 Gonlpicuum natura caput ſic regius oſtro
578 1229 843 1264 Bb 2 Velat
2 1253 56 1290 i
