976 1432
342 89 552 126 LiBER.
783 95 831 123 e
124 131 777 165 Aſt hi, quem gallo Vulcanus decoquit humorem,
122 165 706 195 Hanud gallo exemto, tenues fundatur iu auras
123 195 619 225 Vt nihili, ninil auxilio præſentius illo,
120 223 743 257 Venter vt immodicum queat alui ſiſiere fluxum.
157 259 722 290 Vnde mihi poſthac ſed delectamina ſumam?
122 290 723 322 Fatiferi vnde petam medicinam vulnetis? eheu
124 322 818 355 Quid querar? aut vbi ſu.?mea cladibus obruta tants
125 353 813 383 Mens. nam fortuna hanc rimam faciente, dehiſcent
126 384 695 416 Cætera ſemper erit ſecura ad gaudia ſegnis.
127 416 688 449 Ite piæ volucres, inque hoc deuertite funus,
1 422 48 461 u
108 445 757 481 Proque comis plumas laniate, & ſcindite roſtro
128 477 729 512 Scindite & vngue genas propriis & dicite leſos
129 511 681 544 Vocius hicmœſto ſturdus ſe pinſitet ore;
128 540 747 574 rſte palata ſonet,gemarilla fcnde palumbes;,
129 573 694 606 Et plangas philomela nefa. & iunus hirundo
129 605 662 635 Luct ſollicita ta nouo, vetus illa tyranni
129 636 643 669 Iſ.narii ſæcliſque ſuis expleta querela eſt;
1 663 48 681 t
131 669 684 700 Alter vent ithys vobis, atque altera Progne.
98 698 710 733 Vos quoque gallinæ, mecum lugete, ſepulcro
129 731 682 765 Fundite funeſas tundentes colla, querelas.
131 765 723 796 Hic veſtros, primus ſibi vos qui iunx: t amores
132 793 725 827 Abſtulit, ille habeat, vulgares temnite tædas:
132 830 740 862 Vos co uit ſolas, nec vti pars magna procorum
89 859 633 892 Dilexit modo viſa ſibi; cur ſolus & ille
131 889 685 926 Dignus amare fuit. nec dignior vilus amari,
133 920 668 950 Sic cœlo faciente fidem, maiuſq ue volucri
132 950 711 984 Promittente decus, ſi non hoc faa negaſſent.
134 986 588 1018 Natali nam ſigna die radiaſſe ſereno
136 1009 770 1049 .ihere multa ferunt, qui in re præſente ſucrunt.
136 1048 685 1086 Hique triumphales arcus, altoſque coloſſos;
86 1081 720 1116 Exuuiaſque tropæa atque inter ſidera celſas
136 1112 766 1149 Pyramidas, multaſque trabes, multaſque coronas
133 1143 720 1179 theris in campo perhibent fulſiſſe liquenti.
135 1178 657 1214 Surgere præterea, nimbis oriente fugatis,
134 1211 698 1245 Atotamque ſequi ſtellam videre comatam
668 1240 850 1273 Et longum
504 1242 596 1269 Bb3
