976 1432
387 101 545 121 A.
456 172 530 201 Megi
338 203 573 231 Gripo Piſcatore.
109 262 719 302 Nunc ptimum geliiæ mihi ineluctabile mortis
111 296 642 329 Ius viſum nimis eſſe potens, & fercea fati
124 328 679 366 Amplius extendit ſe vis quam ſæpe putaui:
124 359 688 397 Poſtquam Tartareos lucos, regna inuia viuis.
125 390 781 429 Adſpicit & Mergus Phlegethontis mergitur amne;
126 421 783 460 Quem credebam equidem rutili ſuper ardua mund
111 453 735 488 Aſtra volaturum, aque olim voluentbus annis,
128 484 677 521 Inter œlicolas, bibiturum necaris vndas.
160 516 782 555 Magna loquor, ſed digna tamen me dicere Merga
130 546 752 583 Teſtes vos Nymphæ, Nymphis vo sumina teſtes,
112 577 757 616 Prouida quesrolucrisnon eſt ignota ſub vndis
129 612 631 643 Dexteritas in tolendis t gurgite tuto
115 639 724 682 Piſcibus, aut ſummis rimando pabula limphis.
923 633 967 672 I
133 672 727 714 Ah quoties, ripa reſidens. aut pronus in æquor
134 704 728 746 Spe præde, lentamque tenens e vimine virgam,
116 736 651 772 Occultos eſeis iaciens lethalibus hamos,
133 765 664 810 Margine de viridi mœrensaut littore ceſſi
134 799 660 837 Defeſſus, madidiſque & voto luſus inani:
137 828 745 868 Cumtarmen hic pelago rediit vel flumine, largi
120 864 704 904 Compenſans ſpoliis tenuis diſpendia cœnæ.
139 897 732 930 Nunc illum roftro ſalientem ducere congrum,
125 925 747 962 Nunc rhombum. nunc aerium mirère cyprinum,
140 958 711 994 Nunc medicas, tripedis menſæ ſolatia, tincas,
139 989 690 1028 Alburnos populique obſonia vilis. alauſas.
126 1022 673 1064 Ipſa mihi ſplendent, magnalia diuite gaa
144 1050 814 1095 Squammigeri pecoris, ſcombroque, leuique plateſſa,
142 1083 752 1127 Et trigone, atque ſacro ſolus qui ruminat eſcam
145 1116 750 1153 Cerleos inter cneos acipenſere, & orbe,
146 1148 667 1188 Aurata & Paphiæ dilecta murice concha.
149 1179 734 1221 Quæ ſale condita aut fumo inurata, Notoſve
147 1213 724 1257 Suſpenſa ad glidos, in rermpus odutæ ſeruo.
636 1245 863 1273 Bb 4 Hæ
