976 1432
939 1 974 16 E
333 112 488 136 LIBER.
737 121 782 144 3S
44 138 645 185 Er lentum nandi. ſummis teferebat ab vndis
66 183 648 217 NHic etenim quod viuentûm vix contigit vlli.
64 216 669 250 Iam melior peiore æuo. & marcentibus annis.
65 248 656 277 Nec mora, te roſeo celebratum viſcere ſalmo;
79 279 683 311 Sed nutdum ſalmo, nec iam ſalar amplius. addis
1 282 52 313 d
76 311 648 341 Ambiguum ſetio, de prenſum verbere caudæ,
63 344 712 373 Dum bll ſummo produnt in marmore nantem.
76 375 593 401 Hoc ictu vires læti reuocauimus omnes,
63 407 582 430 Parte ſa meritonoſtræ cedente volucri.
76 436 596 466 Sed necfallaci cumulo, nec vimine naſſa
1 447 643 505 exta leui, placido nec retia iacta profundo.
1 502 609 543 Vortice co:iceis ſummo fluitantia ſignis,
1 533 642 572 u.quaiem mergi traxere ad littora prædam:
41 564 710 596 H ipc iacula , aut fundas, per purum littus agentes,
75 595 559 626 Ipſaqu du centes ducentia reiia piſces
71 627 576 658 Vicini ſociique, mihi inuidere ſubinde
64 658 608 688 Prandenti ecudes quas non in retia caſus
3 677 44 705 t
76 690 570 719 Nec ſua credulitas in falſas egerat eſcas.
3 706 48 735 h
76 721 605 752 Hic, vbi cande ntes excelſa oſtendit arenas
72 752 575 785 Latè ſuppoſito reſplends Tænia ponto
65 782 744 816 Reaeſſm, Haemſtedamque videns; mihi feſſa ſenecta
74 816 603 848 Hic ſe olim vidiſſe parens narrare ſolebat.
76 849 625 881 Cum iam ſol æquos cœlo diffunderet ignes
75 880 573 912 In ter Oreiades luſiſſe Palæmona diuas.
1 907 45 929 m
63 912 625 937 Et mundi frus horror ineſt, & littora Phocæ
75 944 683 973 Seruantes ſt tione hæc ſunt nam littora Phocis
74 975 669 1007 Infeſtata c ebris hodie quoque furta magiſtri
35 1008 591 1038 Ihtempeſtiuo cuſtodes munere produnt.
1 1027 745 1071 dHic quoque Nereides Mergum, Dryadeſque ſororet
38 1071 623 1106 Defleuee diu extinctum, triſteſqu apææ
38 1103 574 1136 Ad ripas Verdæe tuas, curuataque parui
1 1126 532 1168 Muſcoſo ſubter Lorræi fornice tecta:
35 1167 631 1204 Qui virides inter ſalices H aemſtedica fluctu
35 1200 621 1229 Arua leui lambunt, & piſces dulcibus vndis
34 1230 667 1266 Conſeruant damino fluuiales, Tethyde cancti
727 1267 775 1299 Ip
