<PcGts xmlns="http://schema.primaresearch.org/PAGE/gts/pagecontent/2017-07-15" xmlns:xsi="http://www.w3.org/2001/XMLSchema-instance" xsi:schemaLocation="http://schema.primaresearch.org/PAGE/gts/pagecontent/2017-07-15 http://schema.primaresearch.org/PAGE/gts/pagecontent/2017-07-15/pagecontent.xsd"><Metadata><Creator>User123</Creator><Created>2020-04-19T08:48:25</Created><LastChange>2020-04-19T08:48:25</LastChange></Metadata><Page imageFilename="0614.png" imageHeight="1432" imageWidth="976"><TextRegion id="r0" type="paragraph"><Coords points="1,1 974,1 974,1430 1,1430"/><TextLine id="r0_l001"><Coords points="167,1 167,19 267,19 267,1"/><TextEquiv index="1"><Unicode></Unicode></TextEquiv></TextLine><TextLine id="r0_l002"><Coords points="418,1 418,19 481,19 481,1"/><TextEquiv index="1"><Unicode></Unicode></TextEquiv></TextLine><TextLine id="r0_l003"><Coords points="408,19 408,43 482,43 482,19"/><TextEquiv index="1"><Unicode>E</Unicode></TextEquiv></TextLine><TextLine id="r0_l004"><Coords points="914,27 914,41 974,41 974,27"/><TextEquiv index="1"><Unicode></Unicode></TextEquiv></TextLine><TextLine id="r0_l005"><Coords points="2,51 2,72 73,72 73,51"/><TextEquiv index="1"><Unicode>a</Unicode></TextEquiv></TextLine><TextLine id="r0_l006"><Coords points="649,134 539,133 516,132 510,128 430,131 366,130 354,131 282,129 135,130 103,128 24,127 19,132 17,139 1,139 1,167 20,167 36,165 118,167 649,167"/><TextEquiv index="1"><Unicode>uAut ſi cœlum adiit, iam cuſtos Piſcibus hæret</Unicode></TextEquiv></TextLine><TextLine id="r0_l007"><Coords points="677,172 469,168 44,167 44,204 677,204"/><TextEquiv index="1"><Unicode>Qua verſum æthereus ſignorum verritur ordo.</Unicode></TextEquiv></TextLine><TextLine id="r0_l008"><Coords points="326,232 326,268 450,268 450,232"/><TextEquiv index="1"><Unicode>Grli,</Unicode></TextEquiv></TextLine><TextLine id="r0_l009"><Coords points="751,248 751,262 792,262 792,248"/><TextEquiv index="1"><Unicode></Unicode></TextEquiv></TextLine><TextLine id="r0_l010"><Coords points="325,279 325,301 555,301 555,279"/><TextEquiv index="1"><Unicode>ACertalda mulire.</Unicode></TextEquiv></TextLine><TextLine id="r0_l011"><Coords points="771,326 680,324 678,321 53,321 53,351 61,352 108,353 125,355 404,354 566,356 771,356"/><TextEquiv index="1"><Unicode>Nunquam equidemfore credideram, vt rritiſſia iura</Unicode></TextEquiv></TextLine><TextLine id="r0_l012"><Coords points="53,356 53,386 645,386 645,356"/><TextEquiv index="1"><Unicode>Proferret quoque falcatæ inclementia morris</Unicode></TextEquiv></TextLine><TextLine id="r0_l013"><Coords points="637,389 459,387 65,387 65,415 97,417 637,419"/><TextEquiv index="1"><Unicode>In Grilli mihi dulce caput, vel mitteret Orco,</Unicode></TextEquiv></TextLine><TextLine id="r0_l014"><Coords points="727,417 687,417 680,420 654,421 496,419 120,419 47,415 45,419 45,427 43,428 43,447 56,449 727,451"/><TextEquiv index="1"><Unicode>Tam paruam ſine fraude auimam poſitoque pudore</Unicode></TextEquiv></TextLine><TextLine id="r0_l015"><Coords points="622,453 618,452 442,451 405,452 320,450 112,451 56,450 41,448 41,481 622,481"/><TextEquiv index="1"><Unicode>Imbelli auferret roſerpina vertice crinem.</Unicode></TextEquiv></TextLine><TextLine id="r0_l016"><Coords points="637,483 406,484 355,482 152,483 43,481 42,482 42,513 50,513 54,511 88,513 637,513"/><TextEquiv index="1"><Unicode>O mihi dul ce caput. nunc eranimle cadauer.</Unicode></TextEquiv></TextLine><TextLine id="r0_l017"><Coords points="644,515 273,516 173,514 65,514 65,542 72,543 132,545 644,546"/><TextEquiv index="1"><Unicode>Non magnæ molis, ſed magnæ laudis &amp; omni</Unicode></TextEquiv></TextLine><TextLine id="r0_l018"><Coords points="634,549 629,547 64,545 64,574 91,574 111,576 634,576"/><TextEquiv index="1"><Unicode>Viuentûm genere inferior, ſi corpora ſpectes;</Unicode></TextEquiv></TextLine><TextLine id="r0_l019"><Coords points="583,579 51,577 51,606 583,606"/><TextEquiv index="1"><Unicode>Sed ſi virtutes. vt nileſt ſic nihil vuqam</Unicode></TextEquiv></TextLine><TextLine id="r0_l020"><Coords points="567,607 559,606 512,606 506,609 469,610 64,609 64,634 567,634"/><TextEquiv index="1"><Unicode>Aut erit, aut ſæclo cantabit fam firſſe</Unicode></TextEquiv></TextLine><TextLine id="r0_l021"><Coords points="687,641 63,641 63,671 78,672 334,672 474,670 534,670 556,672 687,672"/><TextEquiv index="1"><Unicode>Præterito huic forma, modulis &amp; voce ſecundum.</Unicode></TextEquiv></TextLine><TextLine id="r0_l022"><Coords points="572,673 64,672 64,699 98,700 109,703 572,703"/><TextEquiv index="1"><Unicode>Vo &amp; triſtitiis animum lenibat, &amp; irâ.</Unicode></TextEquiv></TextLine><TextLine id="r0_l023"><Coords points="630,704 62,704 62,733 75,734 630,734"/><TextEquiv index="1"><Unicode>Pectora demulcens turgentia ſuaue canendo,</Unicode></TextEquiv></TextLine><TextLine id="r0_l024"><Coords points="577,735 245,734 177,736 91,736 74,734 45,734 44,737 44,763 577,763"/><TextEquiv index="1"><Unicode>Et me voce leui per amica ſilentia Lunæ</Unicode></TextEquiv></TextLine><TextLine id="r0_l025"><Coords points="1,753 1,781 33,781 33,753"/><TextEquiv index="1"><Unicode>ii</Unicode></TextEquiv></TextLine><TextLine id="r0_l026"><Coords points="43,766 43,795 593,795 593,766"/><TextEquiv index="1"><Unicode>urarum oblitam ſomnos ſuadebat inire.</Unicode></TextEquiv></TextLine><TextLine id="r0_l027"><Coords points="63,798 63,829 606,829 606,798"/><TextEquiv index="1"><Unicode>Non hic nobilitas antiqua ab origine grilli</Unicode></TextEquiv></TextLine><TextLine id="r0_l028"><Coords points="654,830 44,830 43,833 43,856 46,861 295,860 374,862 654,862"/><TextEquiv index="1"><Unicode>Prætereunda, licet tenebris condatur, &amp; æui</Unicode></TextEquiv></TextLine><TextLine id="r0_l029"><Coords points="576,863 63,862 63,891 309,893 576,893"/><TextEquiv index="1"><Unicode>Inuidia genus hoc alta caligine merſum.</Unicode></TextEquiv></TextLine><TextLine id="r0_l030"><Coords points="730,888 628,888 619,893 586,894 309,894 95,892 95,923 730,923"/><TextEquiv index="1"><Unicode>Grillus erat, facilem cui victum ppera atque labor</Unicode></TextEquiv></TextLine><TextLine id="r0_l031"><Coords points="60,924 60,955 629,955 629,924"/><TextEquiv index="1"><Unicode>Fornacumque daba nt ſſruſturæ, nobilis olim</Unicode></TextEquiv></TextLine><TextLine id="r0_l032"><Coords points="728,956 560,956 470,958 60,956 60,985 86,987 728,988"/><TextEquiv index="1"><Unicode>Vir, patienſque operum, paruque adſuetus &amp; æquo</Unicode></TextEquiv></TextLine><TextLine id="r0_l033"><Coords points="648,988 42,988 41,990 42,1017 66,1017 81,1019 371,1018 410,1020 649,1020"/><TextEquiv index="1"><Unicode>Hunc Venus Idai non dedignata cubilieſt,</Unicode></TextEquiv></TextLine><TextLine id="r0_l034"><Coords points="697,1020 528,1020 477,1022 426,1022 409,1020 42,1020 40,1027 41,1048 96,1048 101,1050 118,1051 697,1051"/><TextEquiv index="1"><Unicode>Huic dedi amplexus crebro, placidumque petiuit,</Unicode></TextEquiv></TextLine><TextLine id="r0_l035"><Coords points="608,1053 60,1051 60,1081 608,1081"/><TextEquiv index="1"><Unicode>Infuſa illius gremio, per membra ſoporem.</Unicode></TextEquiv></TextLine><TextLine id="r0_l036"><Coords points="618,1115 618,1083 320,1082 114,1084 84,1082 41,1082 40,1085 40,1109 43,1115 592,1115"/><TextEquiv index="1"><Unicode>Primus adulterium. &amp; fartiui fœdera lecti</Unicode></TextEquiv></TextLine><TextLine id="r0_l037"><Coords points="634,1116 617,1115 59,1116 59,1144 75,1146 634,1147"/><TextEquiv index="1"><Unicode>Audiit ignipotens, animiſqe expletus &amp; iris</Unicode></TextEquiv></TextLine><TextLine id="r0_l038"><Coords points="651,1148 58,1147 58,1176 70,1177 191,1179 651,1179"/><TextEquiv index="1"><Unicode>Furta thori, furtique locum ſpeculatur &amp; igne</Unicode></TextEquiv></TextLine><TextLine id="r0_l039"><Coords points="621,1181 60,1179 60,1207 153,1211 621,1212"/><TextEquiv index="1"><Unicode>Corripit èmedio candentem forcipe maſſam</Unicode></TextEquiv></TextLine><TextLine id="r0_l040"><Coords points="646,1213 153,1212 94,1209 61,1209 61,1246 646,1246"/><TextEquiv index="1"><Unicode>Veſtigans oculis denſa in caligine œchum.</Unicode></TextEquiv></TextLine><TextLine id="r0_l041"><Coords points="677,1248 677,1274 762,1274 762,1248"/><TextEquiv index="1"><Unicode>Et iam</Unicode></TextEquiv></TextLine><TextLine id="r0_l042"><Coords points="18,1264 18,1301 76,1301 76,1264"/><TextEquiv index="1"><Unicode></Unicode></TextEquiv></TextLine></TextRegion></Page></PcGts>