976 1432
347 80 495 107 LBER.
746 89 807 113 399
91 121 601 158 Iſe ſibi leſſo abrupto, finemque peregit
76 158 592 189 Carminis & vitæ. lumen vitale reliquit.
86 188 751 220 Carmine ſumme ergo, & modulis vidata tanoris;
90 219 707 252 Nam ſemper ſtridere ſolet terræque per vmbram
91 251 609 284 Vix declinabat dulci ſua lumina ſomno.
88 282 765 314 Vt cuctos, placidis queis plectta laceſſere chordis:
86 315 688 347 Et quibus eſt ſtudium reſonans inſtare cicuta,
89 347 648 377 Si modulis c ferre velis & carmtne grillo,
82 377 642 409 Rauciſonas coruos compreſſo gutture voces
87 409 703 440 Ingeminae, caneſque putes vlulare per vmbras.
89 441 743 473 Sed cur nunoprimum miſerſæuiſſimus mpler
1 467 49 495 es
92 473 703 502 Nuntius. & non ante feien hunc fama doloiem,
87 505 678 537 Me monuitiquæ fata talit quantoſque labores
46 537 660 567 Ateneris animo pe Amphitruonius æquo,
84 567 629 599 olideſse vegan. terra quæ paſlas & alto.
81 595 763 632 Cum totidem in pelago quot in armis luſtra peregit,
79 631 671 662 Ipſa labens eqnidem conſtanti mente tuliſſem
82 662 544 695 Grille, vt va is p ſſes ad ſidera cœli
79 694 651 725 Rurſus & officium ſub nocte redire canendi.
83 724 673 758 Qod vos per ſuperos cœli & ſpirabrle lumen
80 756 636 786 Ma ttonæ ohtetor letus mea ſ ppleat orſa;
81 788 676 821 Sitque ſatis, mœſtus quod cœpit ftectere ſermo,
80 820 622 852 Iam peragat vobis taciturnus cætera luctus.
78 849 730 883 Flete ſimul. quantumque dolo, miſereſcite poſcit,
1 883 52 913 i
80 884 733 915 Nam leuius lacr mæ, & mente mortalia ta ngun
77 915 663 947 Quæ ſimul luctu & lacrimis vicina frequentat
80 947 676 979 Turba ſuis; dolor ipſe dolor magnuſq; recenſq;
75 978 616 1009 In plures mitti ſua fta & ſpargere gaudet
77 1009 731 1042 Fortunam in comit:ſortem, quam cernit amicos
75 1038 623 1071 Comunem feciſſe ſibi, quis ferre recuſet?
76 1073 623 1105 Vos igitur, Sociæ, perſlite iuſta ſepulcro,
74 1105 684 1139 Aggerite. & tmlo erram, ſtent manibus aræ
76 1138 548 1168 Pullis velatæ vitis aque cupreſſo,
43 1167 634 1203 Vttanti incumbat vobis pars vltimaluctus
705 1239 769 1271 GE.
