976 1432
300 91 619 128 FA 11a
353 92 611 107 D
761 90 824 121 0
96 134 604 169 Flemingo faciles viuo duxere choreas:
102 169 726 201 Sæpe illi accinuit cithara Philomela canenti,
103 201 652 233 Placaitq; animi vario modulamine curas.
106 232 767 266 Nunc & Hamadryades ſiluæ loca opaca relinquunt,
104 265 727 295 Et querulæ gemitu volucres torquentur acerbo,
1 290 55 307 t
102 296 750 330 Flemingumq; dolent inopina morte peremptum.
103 328 633 360 Ver erat æternum, flores, vilæq;, roſæq;,
101 359 690 393 Lilia nec mediæ deerans tibi tempore brumæ,
103 391 711 422 Nunc & honos horti florumq; emarcuit omnis,
102 423 805 456 Nun c perit atx, dominus quod ſæuis occubat vmbrs:
132 455 786 485 Defleo Flemingum, Muſis la crymentibus heu, heu.
102 487 727 520 Vrbs dolet amiſſum, quo non præ ſtantioalter,
101 520 667 551 Inſignem virtute virum & præ diuite cenſu,
85 550 656 582 Integer vnus erat vitæ, ſine f aude doliſq;,
1 562 36 595 ui
102 582 592 608 Veridicus ſermo illius, ceu iure fniſset
102 614 667 644 Iurando firmatus, erat. ec in ædibus auri,
104 647 649 674 Indica ceu formica, ſuos condehat aceruos
105 677 665 711 Haud quidquam certa fuerat ſi lege rogatus,
104 707 739 742 Ipſe negare ſolet neq; cuncta petntur honeſte
105 739 712 774 Multa aliis ſed plura dabat bi ſanguine iunctis
105 772 603 798 Præſenres hlari vultu tractabatateicos,
105 804 653 836 Attamen vt cuiuis cum vellet abire lieret.
140 834 805 869 Deſieo Flemingum, Muſis lacrymantibus heu, heu.
1 851 62 882 u
103 868 637 900 Eſuriunt vates, quorum patronus & altor
104 901 691 931 Dum vixit Flemingus erat, materq; paterq;.
105 932 623 960 Nullus ad illius veniebat lumina vates
107 958 772 995 Carmina vel cantans turba comi ante ſororum,
107 994 793 1027 Vel quid habens libri, quem numquam viderat ante,
1 1011 52 1039 e
107 1026 668 1061 Qui ſemel infecta re diſcedebat: at omnes
106 1058 667 1085 Et menfa & verbis mulere ſtudebat amicis,
3 1078 53 1117 lu
107 1090 756 1124 Nec dimitteat magno ſine iuners quenquam.
106 1122 672 1155 En factum agricolam qn floruit ante poëta,
1 1140 53 1169 t
106 1155 689 1186 Ecce alus ponto nunc nauita vinit & aura.
106 1185 735 1216 In manibus nuncneuter habet ſua gaudia libros,
107 1218 792 1248 Ater habet clauum calamum, librum alter aratrum.
633 1250 816 1288 CcNi
155 1252 391 1283 Tomus ſecundus
