976 1432
1 39 43 56 M
247 87 665 123 FLEMINGI.
769 97 826 122 4
110 124 693 162 Gallorum cum Rege: tibi fuit altera cauſſa
121 162 589 193 Vincendi: peruulgato ſic vnius vrbis
82 193 692 224 Excidio. Sine cæde viru. ſine ſanguine fuſo
111 224 826 257 Progreſſus, gentem indomitam genus acre Scambros
122 257 692 288 Viciſti. Galloque nouæ noua fœdera pacis
103 288 666 319 Concedens, incerta paras fortiſſimus arma
123 320 737 351 Cæſate digna, quibus diſcors Germania tandetm
122 351 717 381 Victa, tuas Aquilas & ſceptra potentia ſup plex
120 382 649 414 Agnouit. Cunctique tibi ceſſere rebelles.
124 414 717 446 Quin etiam auſpiciialio noua Regna ſubaxe
130 446 686 478 arta tuis. Obeunt, quos eſt mirata vetuſtas,
123 477 716 508 Anipodes tua iuſſa. Nouus tibi ſeruit & Orbis.
123 509 751 542 Hæc bello. Nunc quanta fuit prudentia pace,
123 539 761 573 Dm populs regis imperio ac moderamine miti.
123 572 730 604 Iuſtitiamque colens, Diuum ſtudioſus hnoris:
123 604 610 636 Relligio tibi præcipue fuit vnica curæ
124 635 640 668 Ah quanto collapſatibi ſtetit illa labore,
124 667 703 698 Diſordes dum per diſcordia dogmata gentes
111 698 758 730 Compoſiiſſe ſtudes. Niſi ſors conatibus impar
112 729 687 761 Turbaiſet medios pro, vota per irrita curſus.
125 761 621 795 Illa fuit perſæpe tuis conttaria cœptis,
125 794 565 828 Et tetra pelagoq; graui deſeuiit ira.
127 826 569 851 Sic infeici tenrata eſt Afica bello
127 858 632 890 Aduerſante Deo pelagi, qui viderat ante
921 880 955 939 I
126 890 697 923 Signa tua terculeas ltra prolata columnas.
128 921 644 950 Nee tuis totum titulis accederet æquor,
129 952 670 984 Sæuiir in claſlem. Sic & Germania bellax
114 983 692 1018 Indignata iugum. ſumptis ſ vindicat armis.
126 1016 671 1052 Tu tamen hæc variæ ſemper ludibria ſortis
127 1049 609 1082 In genti viciſt:i animo. Vctoricandem
127 1078 720 1112 Dete ipſ poſt cema fuit, dum cuncta refignans
127 1111 699 1146 Magnaito viqusaato ta Rega hilippo,
128 1144 658 1176 Otia drseitæ quæris tranquilla ſentctæ,
126 1176 578 1209 riuatæq ſtudes vitæ, ſuliq; quieti
114 1208 724 1254 Noluimu: 5uptoq; tuæ mox ſtamine vitæ,
476 1245 607 1269 Cc 3
713 1241 830 1267 Iuſſimus
