976 1432
249 90 651 117 FLEMINGII.
749 99 816 122 409
109 130 600 163 Abſtulit, & toto pallot in ore ſedet:
98 163 640 192 Inſtabileſq gadus prono firmare bacillo
146 195 642 226 Ante diem iuuenis cogur, & ſſe ſeex.
63 213 693 256 Forſitan hiæc poteam patientius omnia ferre,
145 258 657 290 Vnaque niultorum noſra querela foret.
113 290 663 321 Ei ſpes venturæ quondam concepta ſal uris
145 321 629 352 Non erat aſflicto parua medela animo.
57 353 706 384 Verum abius, mea vita, tuos, Iriſteſq; re ceſſus,
147 384 669 414 Quis nſi cum magno ferre dolore queat?
100 416 673 448 Nl grauius propter Briſeida ſenſit Achilles,
136 449 624 483 Mouit vt iratum rapta puella ducem.
113 480 590 510 Ilius ereptos dm ſſirabat amores,
145 512 621 541 Nempe fuit tanto digna querela viro.
111 541 690 572 Nec minoreſt nobis iuſti dara cauſſa doloris.
145 575 672 606 Quem grauis in triſti pectore verſat amor.
936 589 974 622 I
112 606 657 636 Chara Neæra, eæra mihi me charior ipſo.
145 637 753 670 Dum mœſtam hineſine me te procul ire queror.
117 670 626 701 Teque graui deſiderio votiſq; requirens,
146 701 592 732 Ah quoties falſis ludor imaginibus.
111 732 733 763 Occuriunt mihi blanditiæ, & conſueta voluptas,
144 765 611 796 Gaudiaq; alternis ſæpe iterata iocis.
99 797 663 829 Et quæcumq; mihi tecum iucunda fuerunt,
145 829 672 861 Nunc grauis aſflicti ſunt dolor vſq; animi.
110 861 704 897 Sic mihi nulla dies, non nox fert vlla quietem,
141 893 531 923 Et viuo vitæ neſcius ipſe meæ.
93 922 724 955 Et, niſi ſpes reditus, quam tu mihi blanda dediſti,
140 956 644 986 Vulnera ceu medica noſtra foueret ope,
91 987 709 1020 Certe ego. cum nequeam tanto ſupereſſe dolori
138 1019 515 1049 Optarem fuſi ila reciſa mei.
104 1051 590 1083 Nam quem vita ſuo defa igata dolore,
137 1083 616 1116 Anxia continuis aut iuuet vlla nalis.
103 1115 619 1147 Ergo tibi ſi cura mei eſt, cura vſq; reuerti
136 1147 614 1178 O cyus, aut duro fractus amore cadam.
85 1179 642 1213 Et grauis adueſi fuerit mors finis amoris,
119 1211 637 1246 Quod ſi poſt nullus funera reſtat amor.
579 1250 809 1277 CcAt
