976 1432
245 93 632 116 FLEMIN
755 97 802 120 4i
123 134 625 165 Et me, ſi qua venit, non iuuat vlla quies.
93 165 718 196 Morſq; in amore meo eſt niſi tu chariſſima rerum
125 196 575 228 Auxilium feſſo qualibet arte feras.
92 228 760 261 Et mea quæ medicas non ſunt curanda per artes
125 260 587 290 Vulnera, facta tuo sana fauore, leues.
92 290 678 319 Sic fueris mihi cauſſa mali, mihi cauſſa ſautis,
124 322 640 355 Non ſecus ac quondam Pelias haſta fuit.
49 345 622 392 Seruatuſq tuo icam tibi munere grates,
122 384 614 417 Noſtraq. erit laudis prodiga Muſa tuæ,
48 408 633 457 Illa tuum longo cantabit carmine nomen
122 450 545 482 Et dicet formæ ſingula dona tuæ.
47 474 641 523 Quantaq; tam raro ſit virtus iuncta decori,
69 510 667 544 Quæ tibi certè animos non ſinat eſſe fero
47 536 718 583 Sin ſecus: atq; hinc durus amor, dura inde Neæra
124 575 590 609 Pergitis in noſttum duriter exitium.
47 599 694 648 Ipſe lubens moriar: nec erunt mea funera laudi
123 638 541 672 Siue Cupido tibi, ſiue Neæra tibi.
47 664 605 710 Vtq ea venturis moueant ſuſpiria ſeclis
116 700 668 728 Tale mihi in tumuli marmore carmen eriee
49 731 651 773 Hic iacet aduerſo iuuenis proſtratus amore:
119 764 579 797 Cauſſa necis miſero dura Neæra fuit
231 808 650 844 legic lI. in cladm Pomæ e Italice
49 850 601 892 En dominæ colles vrbis ſacræque ruinæ.
122 884 694 917 Quæ veteris Romæ nunc niſi nomen habent,
49 916 661 952 Aſt vbi rantorum miſeranda ſorte virorum
122 947 600 981 Relliquiæ? letho corpora fuſa iacent.
46 978 638 1021 n pompæ celebres arcus ſacra are coloſſi,
122 1011 604 1037 En ſed marmoribus nuda theatra ſuis.
50 1042 700 1072 Cernite vt in modicos cineres ſint omnia verſa,
121 1074 566 1105 Vilis & externo fabula ſint populo.
51 1106 702 1139 Sic licet aduerſum monumenta celebria tempus
120 1139 660 1172 Bella gerant. aliquo tempore victa cadunt,
48 1164 623 1210 Nec modo res ipſæ taciturnis paſſibus æui,
115 1205 598 1241 lpſa ſed & rerum nomina tita iacent.
733 1240 794 1271 Ergo
