976 1432
263 99 655 125 EMII
766 108 809 128 4I
55 140 604 171 Vt eonſtare ſibi dicas contraria ſecum,
2 166 61 199 d
142 173 632 205 Vſque adeo forti numine regnat amor.
99 205 809 239 Flamma abit in lachrymas, lachrymæ ſiccantur ab igne:
141 237 776 270 Sic lachrymæ flammam flamma iunat lachrymas.
107 269 714 295 Cur ita? nata mari Venus eſt, ſed natus in tna
140 300 682 332 Eſt amor. hic flammas, illa facit lachrymas.
104 330 701 365 Horum ego dum vitæ conce ſſo munere fungar,
139 364 581 395 Numina ſolemni relligione colam.
1 368 57 387 tI
105 395 730 426 Dumque illis meritis ſtatuemus honoribus aras,
138 426 611 450 Fumabunt ſacris thura Sabæa focis.
106 458 746 491 Et circum ſi parua iuuant quoque munera diuo,
134 491 727 523 Certeego quæ potero qualiacumque feram.
104 523 693 552 Atque ea can tatis deuote ornabimus hynis,
139 554 711 585 Quos legat atque auide ſæpe recantet amans.
105 585 683 616 His nomen, laudeſque tuas miſcere iuabit
140 618 668 644 Androma che, & formæ munera rara tuæ.
930 632 973 659 i
98 649 683 680 Virtuti coniuncta ſimul. onæ maxirma fulgent
139 680 603 711 Et tua cum magnis aſſocianda deis.
106 711 610 743 Tempus ent ſi non ncbis conttaria fata
129 743 627 774 Iapediant animi vota preceſque mei;
52 775 641 812 Cum t, dii faciant, noſtri miſerata caloris
140 807 567 838 Præeis væ tempora læta meæ:
108 838 671 870 Damnaiſque moras, dilataque gaudia lecti,
140 871 560 900 enſabis longis blandula delicis.
103 901 657 926 unc mecum mea Muſa tibi deſeruiet vni,
140 934 689 965 Inque tuo promptum nomine carmen erit,
109 965 805 997 Quod ſonet Andromachen, quo d ſiode laudibs orres
142 997 601 1028 Vt magis ipſa tibi iure placere queas.
97 1029 697 1059 Cur ita crediderim tibi proxima ſomnia teſtor,
141 1061 753 1091 Si modo noſtra aliquod ſe mnia numen habent.
106 1091 679 1124 Languebam, & ttiſtes agitabam pectore curas,
138 1124 624 1155 Ipſeque erat noſtri cauſa doloris amor.
108 1156 653 1189 Cum Cytherea meas non auerſata querelas,
138 1188 598 1221 Aſtitit & blanda cum genitrice puer.
52 1221 675 1255 Atque ait, O iuuenis olito iam parce dolori,
12 1247 57 1289 u
