976 1432
376 76 719 105 IOANNI
183 81 247 116 re
177 121 620 154 Si licet, ipſa mea reſtitueris ope.
182 155 757 186 Namque niſi pugnent fatis contraria fata,
928 178 974 201 Mus
217 186 693 211 Nec mea ſint alio Numina victa Deo.
183 218 710 252 Ipſa ſui pridem quæ te deuicit amore,
940 241 974 271 s
214 251 778 276 Andromache thalamis cedet amica tuis:
905 271 974 296 M
181 283 737 316 Feliceſque ambos amor & concordia dulcis
887 301 974 333 (i
215 315 764 347 Coniugii ad ſummum nutriet vſque diem.
181 347 792 378 Si tamen ambitio, ſeu mens auetrſa parentum,
207 379 627 410 Ah deſiderio pugnet iniqua tuo:
182 410 732 449 Auerſuſque Deum genitor unone ſiniſtra,
927 432 974 471 I
214 444 668 475 Opponat votis numina dura tuis:
181 475 973 535 Andromacheſque tuæ, ne quod modo ſperat & optat
211 508 736 537 Audiat in thalamosſponſa venire tuos.
182 539 746 571 Certe ego quænoſtti reputetis dona fauoris,
214 571 765 605 Concordes foueam ſemper amore animos:
183 604 749 641 Quem non vlla dies non vlla occaſio rerum
208 636 626 666 Eruet ex huius pectre ſiue tuo.
916 661 973 683 h
181 668 749 701 Hæc præſens yherea ſuæ ſed& ipſe parenti
941 693 974 720 n
214 701 761 733 Annuit, & meritis dica probauit amor.
182 733 973 785 Somnus abit, cumqeipi Deum mox numina ſomno,
215 765 659 795 Aeris in liqu das rapta abire viaa.
180 795 880 833 Seaſi ego quod mentem iamconſirmauerat ægram
1 817 60 843 ll
172 829 763 859 Coniug i ndromache ſpes mihifactaui.
178 861 722 895 Illa tamen ſecum nondum ſecura iabora,
199 892 732 923 Maiorumque timet qo ferat ambitio.
180 923 705 955 Ah pereat ſi iampridem ſperata duorum
915 950 973 973 i
213 956 655 989 Optati impedat fœdera coniugii.
180 987 773 1022 Et dulces natos, & uæ Venus aurea ſpondet,
211 1021 689 1055 Pignora legitimi turber iniqua thori.
180 1052 741 1083 Dii precor vt tantos liceat vitaſſe dolores,
214 1084 703 1119 Nec videant noſtri tam mala fata dies.
182 1115 776 1150 Neue, quod heu vereor, fati imperioſa poteſtas,
915 1144 974 1174 l
215 1148 672 1175 AIterius ſocinm me velit eſſe thori
179 1181 742 1218 Præcipitem rapiat nolim, ſed dicere cogor
918 1208 974 1240 l
211 1213 624 1247 m non quæſiti fdera coniugii.
855 1245 934 1286 s
