976 1432
363 88 565 115 FLEMI
767 98 825 122 19
145 128 659 165 Sic miſerum ex omni parte fatigat amor
117 164 665 194 Tu vero, ſi quid malim, chariſſima quæras,
154 195 729 228 Flamma mihi, ſed non mors in amore placet.
112 256 705 289 Ipſa voluptat eſt quæ ſpes non fallit amorem:
152 290 687 321 Qua ftuſtra tus amor, magnus amaror erit.
160 389 777 431 ADRIANILLRONTINI
306 441 640 470 Ad memoriam de Iuſto Lipfio.
123 482 670 514 O quæ fatorum domitri. latoque ſuperſtes
156 514 572 545 Effugis euicti iurida buſta rogi:
119 544 712 575 Per te aliquid ſi ſunt manes, ſi nomina viuunt,
153 577 617 607 Et reparas fama temporis inuidiam:
108 607 742 639 Huc ades, æterniſque fauens altabere pennis,
154 639 680 671 Queis poſt fata vrûm grata per ora volas.
940 656 974 681 u
109 671 721 700 Huc ades ecce tuam pia turba parentat ad aram,
154 702 605 733 E tibi Lipſiadæ Iuſta dicata, vouet.
120 732 819 764 Accipe ſupremum quod mœſti munus amici, hiuc
147 764 684 795 Publico & hinc priuo nomine perſoluunt.
111 796 618 828 Accipe & æternis diuini ſi monimentis
152 828 580 860 Ingeii, Muſis redita vita tuis,
115 858 724 890 Fac viuat, per quem natæ, per quem ipſa reuixti
153 893 581 915 Sentiat & vires inuida Parca tuas.
121 921 687 948 Cætera ſint cœli, terris ſaltem aſſere nomen:
148 954 674 987 Lipſiadem quondam fama loquatur anus.
216 998 710 1029 AdGerardum Corelium I. C. demorte Lipſii.
123 1040 764 1068 O decus eximium, Grudiis vbi Pallas Athenis
120 1073 685 1104 Fundit inexhauſtas pleni Heliconis opes:
121 1104 668 1136 Quæ tibi pro grata referat præconia mente,
153 1136 633 1169 Quæue tuis ſtudiis præmia poſteritas?
78 1168 707 1200 Lipſadæ dum ſollicitus ſic Iuſta rependis,
154 1200 691 1231 Supremum & tantis manibus obſequium?
576 1232 813 1262 DdNee
