976 1432
1 44 43 65 s
271 94 586 136 RVT ERII.
757 107 808 129 4
102 143 689 174 Non animi doſtas irrumpere terminus arees,
133 175 654 206 Firtaque ami ciia ſoluere vincla queat.
104 206 603 240 Quare non fragili buxo. fluxaue papyro
136 239 646 269 Inſctienda fides, aut amor nanimis.
111 269 748 303 Namquc amor vranims ſi animos vaa eſſfatetur
138 302 690 327 Noſter amor. Doſi,aſtro animo vnus erit.
101 334 669 367 Nec teneris illumchetti, aut marmore duro
143 365 685 397 Vnqam adeo iludet mens ma, ſiue tua.
99 395 632 428 Mutua ſed parili concordia corde ſedebit,
142 427 645 463 Vnumque è ge mino pectore pectus erit.
320 488 593 513 E Graohilodmoni.
104 531 798 566 Dilexi Papham Damen. quid mirum iu amore ho?
144 563 669 601 Et Samiam Damen di igo & ho nihili
919 590 974 615 -
103 595 703 624 Rurſus ao ex ſia Damen puerilia non ſunt
145 625 717 658 IHæcioca iam Dame qarta mlhi rgolicaæ eſt.
103 657 704 690 Hinc adeo fato Philodamua nominor hinc eſt
127 688 651 727 Quod Dame fuerit em per amata mihi.
347 733 565 764 EMelegri Græco.
103 773 750 812 Quod ſi forma perit, dato quod perit hæc eademii
144 808 706 847 Permanet, hoc ipſum quod manetergo dato.
361 848 516 890 Eiodm.
103 896 605 933 Vrere quæ totas vrbes. Stenelai ſolebas,
145 931 560 956 Diuitiis auidos exonerare viros.
104 960 721 993 Nudam adeo nuper mihi te Nox attuſit, inque
106 993 687 1025 Auroram grata com pede iunxit Hymen.
103 1023 810 1058 Quid mihi nunc tecum eſt, O, barbara? non egoſupple
142 1057 727 1094 PIus tibi, dum hæc redeant ſomnia ſæpe mihi.
343 1103 545 1137 EGræco Pufini.
102 1143 715 1180 Non amor eſt ſi quis viſæ bona Iumina Nymphæ
143 1180 690 1212 Appetit atque ipſis quærit amorem oculis.
99 1212 746 1245 d quicunque malamforma atque ætate puellam
542 1247 631 1272 Dd5
731 1249 809 1278 Depe-
921 1341 965 1378 I
