976 1432
212 78 620 114 FVNjERI
755 98 812 119 429
57 128 740 166 Tempore cum nil ſit rapidiſq; fugacius annis,
124 162 620 193 Quære quibus poterit laſſa ſenecta rui.
55 192 748 240 Reſpectus perſonarum haud rectoris Olympi eſt,
120 238 719 271 Qui tantum expendit, quæ bona, quæque mala.
2 270 694 321 Quis non pro regno mala perfrat omnia cœli
126 316 720 347 Sunt peritura breui hæc, gle ria ſumma manet.
48 347 670 394 Cum natura parens te erec ad ſidera vutu
126 391 688 421 Condiderit, cur non toto auimo aſirapetis?
1 423 652 466 Ferti Deus auxilium, vaginaq; cripit enſem,
128 466 630 496 Suppeditat iuſtum robur ad arma ſuis,
2 490 60 519 u
55 509 740 542 ADomino ſummo prodit geus omne onorum,
56 541 768 572 Quidqui habent hom:nes, munus opuſq; Dei eſt.
57 578 708 625 Numina ſancta loco primo ſnrcuiq; colenda,
127 621 576 654 Authiori vitæ proximus inde locus,
52 658 671 706 Præſtat habere virum, cui deſit copia nnmmi,
127 702 638 731 tuam fuluos numrmos deficiente viro.
52 741 613 784 Mortalis cum ſis, odia immortalia vita,
1 784 652 817 Ignoſce, v facilem hinc experrare Deum.
7 820 697 873 Peſſima,dic, vita eſt cuius ui prorogat iſtam
128 866 671 896 Promittens iugi tempora longa mora.
52 904 697 941 Dc age cur nemo contentus tranſgat æuum?
129 940 663 972 Audi: Turba omnes nic peregrina ſumus.
50 987 718 1031 Danda opera eximiæ virtuti, Hæc vna merente
128 1023 677 1060 Poſt fata ad ſummum prouehit vſq; polum,
51 1068 666 1112 Chriſtus ad æthereas alis pernicibus oras
122 1105 684 1143 Prouehit, in Chriſto ſtat genus omne boni.
1 1144 658 1197 lEſfo verecundus, charos venerare parentes,
128 1190 672 1226 Vitaſcelus tota eſt, quando pudore vacaxs
704 1234 832 1262 Adusre
1 1255 64 1304 r
