976 1432
280 97 613 125 VNGERI.
757 111 799 131 I
49 136 753 176 Proſpera dum ſors eſt, quemuis meditarier æquum,
136 170 617 205 Perferre aquerſa qua ratione queat.
56 218 651 257 Si profligari ardentem vis corpore febrem,
135 253 643 283 Non medicis mulitis proſtituenda ſalus.
57 289 676 333 Cum querulo ordiri videas nos tempora vitæ
133 333 631 365 Ore, quid expectas gaudia magna tibi?
57 380 648 416 Caudia præſentis nimium ah fallacia vitæ:
134 414 570 450 n Domino ſolo gaudia vera feres.
4 425 61 468 M
56 464 719 508 Dentatis quemquam caueas proſcindere chartis,
133 497 588 527 In tene egum triſte recurbat onus.
56 545 637 583 Difficile innentu ſi quis perquirere tentet,
134 578 641 612 Verum cſt euincit decolor hocce color.
98 628 693 660 Quiſquis eris, caueas ne mentem exaſperet ira,
132 660 631 692 Naruqnimis non nſt triſtior vlla lues.
95 713 677 742 Thure vaporantur ſtatuæ & delubra deorum:
132 745 689 775 Digna bonis autem laus tribuenda viris.
101 790 719 824 Nil adeo exhilarat, quam mens ſibi conſcia recti,
133 824 657 855 Non tormenta, quibus conficiatur. habet.
91 881 653 913 Dedita virtuti men font æ quanda perenni
132 912 665 942 Cuius aqua eſt dulcis , ne ſaturata luto.
99 953 691 989 Si rebus, quæ abeunt veniuntq inniteris, amni
132 985 556 1015 Qui non ſubſiſtit, fidere viſus eris.
97 1027 707 1064 Vaſa quidem noua ſunt emper meliora vetuſtis,
130 1061 600 1092 Sed vetus in cunctis præſtat amicitia.
47 1092 728 1140 V calidis purum excoquitur fornacibus aurum.
128 1135 621 1169 Tempore ſic duro vera probanda fides.
4 1177 762 1223 Vt ſunt humana hæc, non eſtdurabile quidquam:
129 1210 593 1245 Vita vtenda data eſt,reſtituenda Deo.
685 1256 790 1283 Difficile
