976 1432
337 78 572 106 FVNGERI
761 84 815 114 33
56 119 712 154 Quidquid forte tuas fndo peruenit ad aures,
141 153 593 183 Cela, per vicos ne nouus author eas.
58 214 733 248 Qui bonus eſt, apud hunc furioſa cio ira ſeneſcit,
138 247 661 278 Sed longum prauis mente repoſta manet.
56 303 702 345 Vitrea fortunaeſt cum ſplendet, frangitur:ergo
137 340 625 370 Ne vitreæ credas quantulacumque rei.
95 402 759 435 Luxuriæfateordeſunt quam plurima, verùm
139 435 619 460 Extremæ deſunt omnia auaritiæ.
53 497 716 530 SiDominus te opibus non dedignatur Olympi,
83 530 645 561 Ae inopes quidni dona caduca ferant?
54 586 768 631 Sis vbicumque veli, quocunque ſubaxe repoſtus
138 624 572 655 Eſſe pius poteris, iuſtitiæq; tenax.
106 686 664 717 Si fuerit fuerit felix extremuscerminus æi,
105 717 655 743 Vitam omnem credas mollius eſſe tuam.
106 780 611 811 Sicut, lethalem ſi ſcorpius intulit ictum,
139 812 656 845 Quære ab hoc ipſo pharmaca certa potes,
105 844 549 875 Sic, ſi difficilis tudii te cura fatiget,
135 876 590 908 Aſtudio pariter dulce leuamen erit.
105 919 703 956 Quiſquis es. impuræ fucata auertere ſemper
136 952 624 985 Dona voluptatis dum tibi vita manet:
106 982 695 1018 Quin potius celſo claroq; attollere Olympo
137 1015 632 1049 Vnde tibi præſtans eſt genus. vnde ſalus.
103 1055 709 1090 Scire lubet. qualiquiſque intus, & inx eutei flecte
135 1088 606 1121 Lumina in eiuſdem bina ſodalitium
106 1117 709 1155 Namque Dus ſimili ſimiles adglutinat; Atrum
122 1152 638 1191 Cognoſcit furem fur, lupus ipſe lupum.
104 1196 727 1237 Rugiat hortendum quamquam implacabilis Ate
743 1223 803 1250 Tiſi-
595 1231 670 1253 Ee
