976 1432
374 91 555 116 VN;ERi
771 103 830 129 47
107 135 623 167 Gratia nulla poteſt illis ſat digna referri,
143 168 600 198 Qui vitæ athores cnique fuere ſuæ,
59 191 643 231 Vſqe adeo vt ſæuis factis offendere, res ſit
138 230 641 262 Non plagis, vecum morte pianda graui.
111 292 757 324 Moribus excultam & bene doctam ducere præſtat,
143 324 678 356 Vorem quamquamdote boniſque caret,
144 355 695 388 Quam bene dotatam, ſed quæ moribus ullis
144 387 586 418 Nec virtute ſuo ſit placitura viro
116 448 736 481 Nemo ſibi laudem alterius rapere auſit inepte,
149 481 836 513 Thraſonum hoc proprium eſt & ſine mente homini,
116 514 635 544 Sic ſibi pauonis ſumit cornicula plumas,
148 545 603 576 Er ſibi nycticorax eſſe videtur alor.
75 605 787 644 Quamcito quid fcias not quæro, dummodo recte:
152 638 661 672 Quin cito ſat dices, ſi bona verba ſones.
119 670 675 700 Deficit huic ſuccus, quod præmaturius exit,
939 637 974 690 -
144 702 698 733 Nec. matura vides, quæ cito poma cadunt.
120 759 654 795 Sunt bufonis apes, eſt ſimia præda leonis,
153 795 583 828 Et turdos aquilæ dilaniare ſolent:
120 825 771 860 Aſt homo nec cornu, nec præditus vnguibus vllis,
152 859 736 894 Ah proprium lacerat proſequiturque genus.
121 919 772 953 En volucres nerulis concentibus aeracoplent,
156 952 620 980 Et dulces edont ſole micante ſonos:
122 982 727 1020 Ipſa Deum obliquo laudant caua fulmina lapfu,
157 1016 727 1051 Quæque in agris nediis gramina læta virent,
124 1047 703 1082 Cur genus humanum tanto torporelabaſcit,
159 1080 684 1111 Vt non aſſiduo huncore manuque vocet?:
125 1141 806 1177 Quidmihi vana refers maiorumnomina caſum,&
159 1175 660 1207 Fortunam inſtabili quæ ſolet ire gradu?
122 1207 696 1242 Eſt vnus Dominus,terram qui pondere librat,
562 1243 669 1267 Ee3
762 1239 825 1262 c
1 1253 42 1287 i
