976 1432
750 97 878 126 a
330 103 519 128 EVNEI
131 143 638 178 Dnein hoc pelago vita ſuperftes erit.
102 178 686 215 Quin vivax etiam poſt triſſ ita funera duat,
146 209 742 245 Nec patitur lethum. Cætera mortis erunt
115 269 719 303 Confciaſitibi mers recti atque innoxia vita eſt,
1 290 65 308 I
135 301 681 340 Propoſitique tenax, ſimplicitate valens,
104 332 705 369 Si non concinnas frauades, nec fœdera rumpis,
154 363 632 394 Et ſolida in Dominoipes tua fixa Deo,
109 393 682 434 Neglige qouid vulgi rumor diſſeminet audax,
153 425 656 464 Felix qui Domino ſe ſine teſte probat.
115 484 771 529 Quis faror proeeres per vulnera quærere mortemi
156 519 669 554 Per ſcelus ad ſceptrum triſt e parare viam?
118 554 714 591 Neſcitis quid ſit regnum Non pupurapesve,
161 580 648 615 Non frontis radians hoc diadema facit.
114 611 731 654 Aex eſt qui nil formidat, qui eſt criminis expers,
158 640 751 687 Regnum inſons pectus dat ſibi qiſquis habet.
929 673 973 700 I
114 708 692 744 Errat amicitia dignos qui iudicat omnes,
167 737 611 779 Nec prius explorat pectora fida viri.
116 768 660 809 Iudicio prius expendendum, ſitne futurus
167 802 602 836 Hic vir amicitia dignus, an ille tua.
133 828 739 874 Aſt poſtquam admiſſus, toto complectere corde,
120 864 619 906 Iamque tibi longo fœdere iunctus erit.
124 927 696 963 Barbaies tandem quo ferrea pectora raptatt
170 957 632 993 Ecce inter fratres rara & amicitia eſt.
128 989 704 1030 Auri Pygma lion obtruncat amore Sichæum,
169 1023 643 1056 San ctum ius fidei nec pietatis amans.
126 1051 744 1093 Quid multis opus? Immadiſſe immaniter olim
163 1084 653 1125 Sanguine fraterno mœnia prima lega.
132 1148 630 1188 Præſcripſit fines nobis naturu cratrix,
177 1180 701 1220 Quid tibi corradis tot bona totque tapes?
132 1214 653 1252 Non algsre ſatis, ſatis eſt depellere rigus,
740 1239 842 1275 Prigi
525 1248 643 1283 Ee
1 1279 37 1308 s
