976 1432
363 86 515 110 DE.
751 94 810 120 4
98 124 670 158 Sed facio quicquid diri ens inuida ſuadet,
101 158 702 188 Aqua prqigeniem videor mihi ducere otram
110 190 747 223 Deſtrlio, depopulor tnagnas cum mœnibus rbes,
100 220 626 250 Diripio, furo, ſæuorum more latzonum
100 251 657 285 Sæuio & incendo: ſi cauſſam forte requiras,
108 283 657 315 Pro caulſa mihi ſunt vitæ commiſſa prioris:
91 314 676 344 Nam vin dicta mali facto pr crimine duor,
110 348 747 379 Qamuis innocui per me quandoque premantur.
387 390 518 423 Pæertas.
1 427 55 452 uil
94 429 730 473 Prælia dum tumido ſonitu Mars feruidu rget,
116 466 626 495 aupetras mendica do os ac oſtia puſo
109 497 614 528 Et redeo toties, vt ſim mihi ſæpe pudori,
96 528 600 560 Ac aliis dio, cunm vox aerſa rpellit.
103 557 679 593 ,Sed taen in tectis ego diuitioribus hoſpes
1 590 76 615 u
110 592 703 624 ,, Sæpiu excipior, quia ſors male diitis errat,
109 622 657 654 Et qui diues erat per bellum pauper abiuit,
103 654 701 686 Sint licet hoc animo qi diſſimulare videntu,
111 686 630 720 Quare proſpicia s, dum felix satarit aura,
112 716 714 752 Ne paupertatis mala poſtm do nota probentur.
104 749 678 781 Nam victum miſere per ſingua rectæ requiro.
1 790 55 816 2
433 815 544 836 Paientia.
113 876 707 912 Spe trahor & lector rern parentia victrix,
114 904 821 945 Conſcia qud dominus populos ſibirſubdat & orbem
112 941 666 973 E cuius manibus non eſt euaderetutum.
113 971 688 1006 Hinc toties poſco canqui læ cumitoda pacis.
113 1003 688 1038 inc ſempei fue miti bona publica mente:
113 1035 726 1071 Atque vtinam noſtri des tandem vocibus aures,
112 1067 643 1101 Nec dedigneris Iacrym vidiſſe vocantis,
113 1099 696 1129 Mi Deus, vt iuſtos, ceu paſtor ouilia cures.
115 1129 746 1163 Scilice hæc tultum, mea pectora cura remordet.
115 1162 682 1197 Cetera quæ reſtant patiar toleranda libenter,
115 1198 716 1227 Non fore confidens,vt me Deus alme relinquas:
761 1227 808 1253 Sed
898 1333 974 1359 NH
