976 1432
732 74 801 99 44
243 73 566 109 EI
63 108 682 149 is mini ſingultus, gemitus, ſuſpiria planctus
65 144 679 177 Suggeret, vt luctu carmina digna canam?
84 175 694 208 S mini grandiloquum ſit ſas æquare Maronem;
123 205 551 231 Si mihi Naſonis ena beata fluat;
60 236 642 275 Docta cothurnati ſaueat vel muſa ?roperti,
122 268 644 299 Vel referam numeros culte ibulle tuos;
1 299 642 335 ego quam cuperem iuſto dedcere verſu
121 331 703 364 Quæ nos, quæ patriam ſæua pericla premunt?
90 360 758 397 Quam cupiam inſanis tuamidum ſulcare procellis
123 393 634 427 A.quor & immenſo pandere vcla mari
88 423 619 454 Irita ſed mea vota cadunt: infiema halia
127 455 722 492 Noſtra eſt. nec tragicos promere docta modos.
90 488 650 521 Muſa Sopiocieo certans ſœcunda cothurno
126 517 743 550 Haud ſterilem campam, qo ſpatietur, haber,
93 550 598 585 Si repetat prima diras ab origie clades,
125 580 616 616 Noſq; quot affl:gant aſpera fata malis.
88 610 734 648 Quare ego tam grtauium faſtigia ſumma malorum
124 642 617 679 Perſequar vt v1s ingeniumque ferent.
924 648 971 677 u
92 674 697 711 Quæ ſi defuerint tmen eſtlaudanda voluntas,
126 705 673 742 Quum non ſit cnnctis omnia poſit datum,
56 737 622 780 Vnde ſed aggredinr funeſta cxordia erum,
128 770 647 805 Quæ pia luctifico corda dolore mouent
55 800 688 836 Si mala perpendas, ſinoſtræ incommoda vit,
917 825 950 886 I
128 833 575 864 Aurea maiorum ſeccle fuiſſe putes.
95 862 639 899 Ferrea nncætas, nnc regnant ferrea ſecla,
129 896 588 931 Nulla quibus fuerintdeteriora prius.
56 925 669 960 Nunc videas cunctos exlegem ducere vita
127 958 623 992 Ceu foret aſtrifer nnllus in orbe Deuas,
1 990 578 1030 Omnia veſano videa feruëte tumultu,
124 1022 544 1053 Omnia diſſidiis irtrequieta malis.
92 1052 627 1088 Relligio cotempta iacet; ſeclique priotis
157 1084 603 1120 Oppieſſa eſt cana cum pierate fides.
1 1111 736 1152 Hon pudor aut probitas mortalia pectora tangun
112 1149 649 1181 Non mouet ætherii cultus honorque Dei.
89 1180 602 1216 Prouida perpetuæ nnangit cura ſalutis;
691 1214 788 1240 Nems
