976 1432
1 43 74 67 a
271 79 631 104 INTEMP. CALAM.
51 119 689 160 Hæc tamen inuictus perdurat adomnia miles,
124 156 641 186 Atque animo vires nil trepidante capit.
49 182 713 218 Non cruce. non laqueis ſæuo non enſe mouetur,
120 218 528 248 Deſerat vt Regis ſigna beata ſui.
93 245 625 281 Sic veteres Fidei, fortiſſima pectora teſtes
124 282 605 307 Carnificum diras nil timuere cruces,
91 312 668 345 Dum pia laudato canerent præconia Chriſto,
125 344 613 376 Atque animas vera pro pieta te darent.
92 375 602 406 Nobile martyrium eſt, inſi em ponere vitam,
126 408 500 439 Proque incorruqpra Peliigtne m ri.
53 435 580 464 Aſt ita ſacrificis crudeliter interſectis,
127 470 634 502 Non tegitur ſacrâ triſte cadauer humo;
45 499 706 533 Sed oue ſub gelido, cſprum corporaſæuis
130 534 609 567 Diſcerpenda feris, & lanianda iacent.
1 555 666 596 Hæc illa eſt pietas quamretaurare laborant
132 594 636 627 Quos Euangelici nominis ardor habet.
47 623 738 664 Lothophagum credas genus, immitelque Sabæos,
133 658 639 690 Qui ſua defunctis iuſta ſepulcra negant
99 684 752 723 Heu, quem non moueat lacrmandæ iniuria ſortis?
134 719 590 752 Cui non irriguis fletibus ora fluanti
912 728 973 759 IM
1 751 698 810 Huncego Caucaſeis dicam de rupibus ortum,
134 782 638 814 Huic nihil humani pectoris eſſe putem,
1 813 60 832 I
102 814 641 844 Arbitrer Hircanæ ſuxiſe hunc effera tigris
136 846 654 879 Vbera, Marmari cis progenitumque feris,
1 876 634 913 i Qui non indoleat tam diræ ſtragis acerbo
137 910 632 942 Funere, nec largo repleat imbre genas.
104 939 698 975 Pro ſcelus indignum, toti exſecrabile mundo;
136 972 623 1007 Pro Phlegethontæi ferrea turba lacus.
52 1002 722 1041 Qui d gregis innocui meruere cadauera ſæuis
141 1035 690 1071 Vnguibus vt volucrum dilaceranda forent?
109 1065 784 1104 Quantum erat, vt ſineres tumulari corpora, lethe
142 1098 648 1132 Quæ tua tam demens carnificina dedit:
110 1129 704 1163 At non hunc impunè feres gens dira furorem,
142 1165 567 1198 Sentiet vltores hæc laniena Deos:
108 1195 651 1231 Flagitijſque dignas dabis mproba pœnas,
515 1227 575 1253 FF 3
5 1242 60 1271 5
