976 1432
1 38 104 64 (
251 67 637 100 INTEMP. CALAM.
3 69 84 98 to
767 84 820 112 4S
116 113 754 151 Cuius quum fûerit patre nil clementius vſquam,
144 146 626 181 Patris abo ingenio degener eſſe nequit.
117 177 755 213 Tortibus atque bonis forteique bonique creantur:
146 211 733 249 Nec louis armigerum parua columba refert.
117 240 669 273 Ergo rebellatrix reipiſce tollandia nec te
149 272 569 301 Pœniteat Pegi ſubdere colla tuo.
117 304 691 338 Ille ſtatim piacidis te com plexabitur vlnis,
150 336 619 368 Plaudet & in rectam te redijſſe viam.
119 367 682 399 ITlle tuos lapſus clemens ſaciſiſque remittet,
150 398 532 430 Immemorerrati flagirijq tui.
122 430 749 463 Non louis ira trucem quouis pro crimine poſcit
155 461 656 496 Vindictam: Superis vltio rara placet.
119 493 714 526 Nec Ioue peior erit, ſuperis neque durior ipſis,
155 526 766 556 Pro imum eis noſtro qui tenet orbe radum.
123 558 767 591 Qare age peeccatumque tuum cuipamque fatere,
154 588 670 619 ec male per cœptum progrediaris iter
123 620 767 651 Snpplicibus veniam dabit ex animoqu? doientes
155 651 597 678 Pronus erit veteri reſtituiſſe loco
122 681 715 713 Nam pia magnanimos ornat clementia Reges,
152 713 661 742 Et ſimiles ſummis hæc fcit vna Dijs.
123 745 658 777 Attu age Deus celſi moderator Olympi,
122 777 667 810 Qui regis æternâ cuncta creata manu;
127 810 770 841 Summe parens rerum, cœlique ſolique monarcha,
155 840 659 872 Rega qui ſolus ſlectere corda potes:
125 873 706 903 Regibus vnanimem Fidei concedito ſenſum,
158 905 685 933 Quo tua concordi numina mente colant.
126 936 718 967 Quos iitata duces humilis plebecula, puram
160 967 597 997 Sectetur ſolida cum pietate fidem.
125 999 637 1030 Diſiice peſtiferas & funditus erue ſectas,
158 1030 634 1061 Impiaq; à oſtro ſchiſmata pelle ſolo.
125 1063 709 1093 Frange truces animos & corda erocia flecte,
154 1093 679 1126 Quæ tibi, quæ ſponſæ ſunt inimica tuæ.
124 1125 719 1157 Et validâ populum dertrâ compeſce rebellem,
158 1157 684 1191 Qui mouet in myſtas arma nefanda tuos.
122 1189 658 1223 Criminis auctores totâ reſipiſcere mente
524 1225 590 1253 F5
745 1227 858 1263 Eice,
8 1234 53 1272 ci
