976 1432
326 84 575 108 GISELINI.
749 91 801 113 45
97 126 708 159 Surge,cadunt altis breuiores montibus vmbræ;
136 159 596 189 Fumat ad emiſſos India Solis equos.
98 189 725 222 Pandeoculos, culpa veteris cuicumq; Promethei
137 220 619 251 rato ad Superos obice clauſa via eſt.
97 251 694 285 En tibi quadrifido fabricatum robore lignum,
137 284 630 315 Quo tua quo generis fulta ruina tuieſt.
106 315 625 349 Quo Deus irat pro te data victima patri,
139 347 611 379 Supplicium diri criminis omne tulit.
103 376 654 410 Nam velut à ſæuis demorſis anguibus olim
139 409 661 439 Antidotum e furca pendulus anguis erat:
98 440 653 474 Sic tibi ſi qua manet veteris cont agio ligni,
132 471 670 503 Huic medicus ligno vindice Chriſtus erit
221 565 378 578 TT
186 558 711 590 F R IS GISELNI.
232 612 680 643 SANFORDIANIFLANRI.
231 672 650 705 Ad Hub, Golxium Antiquarium.
103 719 538 758 TIrtutis hoſtis nec ſibi, nec deis
114 750 576 782 VAmicus, vt ſeſe adnumeret bonis,
263 781 628 816 Ab Atreo vſque, ipſoq; Ledæ
261 813 609 850 Progeniem numerabit ouo:
55 848 477 877 Cui vel ortus conſcia mœnia
108 878 586 912 Troiæ, Corinthique, ac Lacedæœmonis
261 908 575 945 Iactabit audax. te ſed illis
262 939 603 976 Longè alium meliore fato
55 972 548 1006 Omnes amicum diſcupiunt boni,
1 1004 554 1050 Amice Golzi non patria, aut aui
261 1039 645 1069 Dedere, vt ignotum vagantem
264 1069 657 1101 Suſciperent cupido ore gentes:
108 1101 589 1135 Imo ipſe contra dum valida manu
110 1131 592 1168 Scripta vndiquaque, ac viribus ingen
261 1162 680 1189 Exvltimo orbe in Romuli vrbem
254 1197 598 1229 Reſtituis veteres Quirites;
664 1227 803 1252 Venloiia-
1 1256 53 1297 s
