976 1432
338 83 568 104 CN,
784 85 840 108 46
89 118 634 148 Nuem & ſororibus sacratis F ruterium
126 154 712 192 Tgit, illum amorem Gratiarum amabilem,
127 184 648 215 Nouem & ſororum Brugis ipſum nobili
126 217 622 248 Beauit ortu. Ganda facilem vim ingeni
126 247 557 274 Dedit artibus inadere liberalibus,
123 280 613 304 Louanium & Lutetia docuere vltimæ
124 311 531 342 Antiquitatis intima penetralia
126 342 555 371 Subire, & inde, quæ viri doctiſſimi
95 372 724 405 Quique approbarent arte ſumma expromere;
96 404 591 433 His tam auſpicatis init is fata impia,
125 437 664 467 Fata impia inquam, inuiderunt. illa iuueni
126 467 647 500 Quintum ant luſtrum fila ſecuere aurea.
127 499 746 531 Quid obſtupeſis?an nouum aut mirum id tibi?
123 531 542 555 Fuit Poëta, ſic ſuis lumina oculis
123 561 593 594 Reliquit olim Valerius:ſic memoriâ
123 593 578 619 Noſtrâ Secundus. taceo ceteros. abi.
178 636 740 672 Mercurio ioio ao neolo,pro Hubert:
410 676 490 706 Golo.
121 706 534 740 Diue, quo Faunus, Satyri viique,
122 739 616 772 Patre, quo gaudent duce, quos per oras
122 770 484 802 Orbis ignoas, alioque longe
428 799 630 831 Sole calentes,
121 833 537 865 Siue mirari noua monſtra rerum
120 864 600 899 Seu noua antiqui monumenta ſæcli,
119 896 481 930 Ingenii vis acris, & obſtinata
428 925 605 957 Cura fatigat:
117 960 534 993 Tu procul dulci patria vagantem
99 989 583 1023 Et mari & terrris, mihi vt huberaresr
115 1021 549 1054 Artium priſcarum opibus perenni
438 1054 617 1082 Copia cornu.
110 1084 501 1115 Dextero melene tuens ocello,
59 1116 544 1148 Tu die ac noctu per iniqua ſolum
111 1149 562 1184 Teſqua per ſaltus, adita ante votis
433 1180 630 1208 Ad loca duxti
761 1221 813 1248 i
