976 1432
343 89 568 128 DI-
781 97 839 131 469
130 122 563 164 Ait Tricongio: Hibrida ex origine
134 159 557 194 Tuos vora ſſe dicit ille conuenas,
132 190 515 222 Tua obruiſſe crapulis cubilia.
130 222 541 253 Et inde tot per helluata nomina
129 254 611 289 Fugam apparaſſe, ſiue fraude peſſima
123 286 597 319 Sacrum hoſpitale, ſiue fœnori datam
126 317 714 354 Fidem eierare, ſiue vtrumque pergeret.
127 350 591 385 Neque vlla vota Compitalibus Deis
128 379 544 412 Sibi eſſe facta, cum proteruia ſua
128 410 601 446 Rediſſe rem videret vſque ad incitas.
129 443 549 481 Sed hæc prius fuere nunc viatica
124 477 623 517 Noua ambit arte, ſeque mancipat tibi
124 506 562 536 Taberna Libera, & taberna Liberi.
384 565 510 588 In eundem.
116 601 620 639 Lauernio ille fconte perdita impudens,
125 635 511 667 Ait fuiſſe fellis improbiſſima:
122 669 601 700 Neque vllius tagacis impetum manus
121 698 558 729 Nequiſſe præterire, ſiue clam dolo
115 730 529 763 Opus foret valere, ſiue vi palam.
120 762 586 796 Et hoc negat Larem negare parrium,
120 794 594 832 Scholaſq; in vrbe patria & Librarias,
118 830 613 860 Duacum amœnum, & efferos Leodios,
118 862 597 894 Fa tauicoque Lugodunum in æquore:
122 893 544 926 Vbi iſte, poſt Lauernio antea fuit
120 925 635 956 Salax ſubactor, atque ms ſculo haud ma
119 957 585 989 Rigente ſæpe nucleum impulit pede
120 990 588 1020 Athaa Pontica, & pium Louanium,
120 1020 560 1052 Tibi hæc fuiſſe & eſſe cognitiſſima
119 1053 523 1083 Ait Lauernio: Hiqida ex origine
118 1082 509 1112 Tuos faretur inforaſe liberos,
114 1116 509 1147 Tuique ciuis inuolaſſe ſcrinia:
117 1149 545 1182 Et inde tot per expatrata crimina
117 1179 610 1211 Manum inquinaſſe, ſiue ab arte Muſica
118 1212 583 1248 Venie in ora, fiue ab ære nonſuo
38 1251 119 1280 I
523 1253 607 1284 ; 2
718 1254 818 1281 Famem
