976 1432
274 72 651 100 G NI.
786 84 832 107 47I
61 102 543 148 lMicatque luce, ſeque dedicat tibi
61 144 642 179 Propinque Orion, & propinque Orionis.
240 194 712 224 Annus I557, quo obiit Iaobus Curtius..
60 227 678 271 Oſſa capit tumulus: piti iuga peruolat axis
152 271 663 301 Spiritus: at laudes docta per ora volant
385 316 563 335 Anna Perenæ.
59 354 699 386 Anna faue, verumque tui fac nominis omen;
153 387 600 418 Nutibus & primis annue baſiolum:
56 410 766 455 Bafiolum, quod me iungat tibi,quodque perennet
152 451 581 483 Omnia, perpetuo, fœdere, baſiola.
370 569 662 587 TTV
61 568 827 607 VL VLIVLL ONA-
349 624 605 648 NIGEDRI.
397 687 556 716 Hodœporicum:
65 736 765 780 uerſis ſtudiis hominum mens apta ſequendis,
58 774 636 811 Naturæ varias tentat initque vias.
59 805 733 847 Illum agit extremos animus mercator ad Indos,
155 839 626 872 Vt permutandis mercibus æra paret.
60 869 684 911 IIlum gptiacis diuinum quærere in oris,
145 901 637 936 Et iuuat in longas pro Sophia ire vias.
61 932 655 977 Iſum ſola oculos paſcendi cura fatigat
155 964 581 999 Extremis Aſiam ſollicitare fretis
61 991 781 1040 Me clarum ingenii votum, & mens conſcia veri,
155 1028 574 1059 Edocuit veteres ire per Hiſtorias
61 1055 709 1103 Etvaria Auſonii monumenta inquirere regni;
158 1091 678 1127 Si quaiacent claras ſparſa per orbis opes.
61 1118 807 1165 Hinc etiam effigies, veterumque numiſmata Regum
156 1156 632 1187 Cura fuit doctis ſculpere in ære notis.
59 1188 611 1230 Iſtis audacem in rebus me fecerat eſſe
528 1223 823 1255 Gg Iauri
14 1258 104 1305 V
