976 1432
1 41 89 67 a
286 76 631 101 O
770 78 820 107 47s
97 118 597 151 Iulius Alpinis quæ geſſit Cæſarin oris,
143 152 656 182 Quæque olim à Gallis ille trophæa tulit.
114 182 630 213 Hæc vbi victuris inſcri pſi ſingula chartis,
145 214 635 246 in patrios abii. ni remoratus agros.
64 247 726 278 Laurinique domum. & bene nota palatia viſens,
145 278 637 309 Caſtra VVatervleti nomine clara peto.
114 310 737 343 Heic ego Phœbeum vatem prope hetidos æſtus
144 342 620 372 Inueni ambiguo ſtringere prata pede.
71 373 715 405 Vt idi. obſtupu lachrymaſque in gaudia verti,
147 405 628 436 Hæc referens grato dulcia verba ſono:
1 418 42 445 t
62 437 642 469 Laurine Aonii celeberrima gloria cœtas,
142 469 595 501 demque ingenio nobilis vt Genio,
61 500 708 532 Accipe maturos propria tibi ab arbore fructus,
148 533 618 563 Accipe ab officiis nomina ducta tuis.
1 552 721 595 æc tibi ab antiquis expreſſa numiſmata ſignis
147 595 606 626 Pro accepto reddit Goltzius oſicio.
114 627 641 659 Suſcipe pacato tibi deita munera vultu:
149 660 642 690 Sic faciat Pylium te tua Laurus auum
64 686 697 721 His ego tum verbis multum gratantibus vſus,
149 722 580 752 Talibus accepi Laurea dicta ſonis.
111 754 681 782 Golzi animo dilecte meo, dilecte Camœnis,
148 788 601 817 Cuius Apellæa certat in ære manus,
116 816 775 850 Tam mihi gratus ades, quam vel mihi gratus abibas,
149 850 580 881 O bene pro meriris officioſe meis
67 880 650 906 FlIus etiam voto effecit tua dextera noſtro,
134 913 608 945 Dextera ſculpendis ingenioſa notis.
1 941 663 977 Quod deſiderium vxori natiſque, mihique
150 977 663 1009 Addiderâas, longis per freta vectus aquis,
67 1007 728 1040 Illud idemâ rediru viuuſque videnſque reducis,
150 1041 615 1072 Noſque iubes curis inuigilare nouis.
67 1066 594 1103 Vna tibi eſttanti ſolamen nata pericli
150 1105 612 1137 Filia, cui nomen rapta Sabina dedit.
111 1137 678 1168 Illa ſtatim diſcet non viſum noſcere patrem,
151 1169 610 1200 Teque adeo riſu commodiore ſequi.
114 1201 698 1239 Tu modo quem tantis iam ſubduxiſſe periclis
727 1236 821 1260 Diuina
535 1238 619 1273 Gg
