976 1432
1 38 97 64 aat
278 76 623 105 GCOROPII.
763 90 819 113 477
67 115 763 149 Quidquid habentetenim ſinuoſa volumina vatum,
130 149 665 181 Pluraque non vlli commemorata canit.
100 181 650 211 Quam bene res vertit ſors admirabilis æui;
133 212 555 243 Adſit vt ad feſtos Panopilita dies,
1 244 712 277 M Poſt tot ſecla redux quos Baccho dedicat orbis,
130 276 644 309 Excutiens hyemem triſtitiamque mero:
98 309 685 340 Qa quondam anni parte reor deſiſſ labores,
131 340 619 370 Quadraginta octo quos peperere libr::
96 371 676 402 Atque uangelium poſt per ieiunia cœptum
129 401 529 426 Doctoris Pathmi nobilis exilio.
97 434 655 466 Nunc hilares igitur reduci libate Fa lernum
133 466 614 499 Muſa iubet, madeant quo Dionyſiaca.
50 499 814 530 Omnia tempus habent; habeat quoq; tempus Iacchus,
130 530 676 561 Thyrſigerum vt vatenmmerica dona beent.
96 561 667 593 Ealctenburge præi. pateram ſaliente corona
132 592 637 626 Nectare, ne Genius Nicus efgiat.
98 625 685 649 Prolue te totum: non maant carmina ſiccis:
133 656 596 687 Nominis integri ſex elementa bibas.
97 688 733 719 Noſque propinanti bene reſpondebimus omnes,
130 719 679 750 Mollius vt madidis carmina deinde fluant.
97 750 687 782 Neſcio quid ſcabri fauces exaſperat. heus tu
131 783 645 815 Quin properas, vt ſit vox mihi limpidior
97 815 647 847 Miſcete o Satyri. iam iam ſaltare hMaronem
130 847 652 874 Cernimus, auritum iam titubare ſenem.
96 879 601 903 Si crebro reuoent ſanis vinalia Muſæ:
126 911 631 942 Sic Aganippæus fons ſluat vſque mero
241 1019 555 1032 TTAT
114 1020 194 1033 O
700 1021 769 1035 T
111 1018 788 1051 NLT T, aIias
278 1069 619 1092 BONIIALOST ANI.
334 1123 567 1153 Caolo V. Imp Aug.
94 1164 801 1199 Vmme hiominum Princeps, Heroum maxime, Cæſar
59 1196 796 1232 Carol, Chriſtiadûm caput, onoua gloria, mundi
723 1233 796 1257 Carole.
