976 1432
299 76 629 105 CR AO.
778 92 864 117 43s
118 120 714 159 Nun c ſummi inter ſe Cœli o clementiaamici
119 154 726 186 Vna ambo incedunt, vnà in communia tendunt
1 176 60 199 ut l
118 184 714 226 Hoſpitia. vna itide læti potmque cibumque
58 216 702 249 Cum plauſu accipiunt: hic Helionora vetuſto
1 241 636 278 Aſpctu Regina, inter formoſa Maritum
115 280 721 312 Regem, interque ſibi germanum Cæſarea, mira
76 309 693 343 Lætitia exultans, cupidis amplexibus ambos
56 344 754 377 Accpit, & ſtrictis Fratremque, Virumque lacertis
1 372 799 414 ui Nunc hunc nunc illum premit & caſta oſcula iungit,
114 407 690 437 Explerique nequit mentem, fraterna tuendo
54 438 679 473 umina. iam multos ipſi non viſa per annos:
115 470 750 505 Coram adſtantgemini iuuenes, clariſſima magni
113 501 635 534 Regis progenies, Henricus ſcilicet, atque
71 533 739 567 Garolus: ambo ingens poſt patrem gloria regni,
1 563 663 597 Alter Delphinus ſceptri ſucceſſor & hæres,
113 596 667 622 Alter Dux vrbi, cui clarum Aurelia nomen.
146 626 734 656 Adſtant Cæſarei proceres hinc, adſtat & illinc
56 657 691 691 Celtica Nobilitas & non numerabile vulgus,
1 690 660 727 Viſendi ſtudio, & rerum nouitate ſtupenda
2 720 744 754 Adductum: ipſa autem in medio lætiſima cœtu
111 754 651 786 Spectatur Diua, aurato circundata amictu
1 784 763 819 Cunctorumque oculos in ſe conuertit:bi omnes
110 816 664 848 Attonito ſtant ore, haurit ſalientia magnus
58 848 748 880 Corda ſtupor, nequeunt fari vox faucibus hæret,
108 880 608 909 Immenſæ præ læti ciæ dulcedine nemo
108 910 708 941 Adſtantum potis eſt ſsetum cohibere, fluenteis
1 943 743 1005 : is
1 1005 644 1050 uCæſaris, ercelſi mirantur pectoris ingens
1 1038 713 1099 eie.
58 1099 808 1141 Virginis ætheriæ, & formam, geſtumque, habitumque,,
57 1132 637 1162 Diuinoſque Deæ vultus, mirantur atnores
105 1163 741 1202 Tam ſubitos inter tam hoſtilia pectora, dudum
56 1195 789 1237 Inter ſe tamineſta ſibi, vt totum vndiquemundum
511 1230 591 1253 Hl
701 1235 807 1268 Quaa-
11 1236 48 1270 u
