976 1432
279 72 602 95 GRATIO
360 72 462 85 T
764 76 806 99 485
1 104 805 147 Haud procul hinc ſubiti per campos pulueris vmbram
97 147 662 180 Cernite adeſt curru, conſolatura iacenteis
1 175 754 211 Afſlictorum animos, & iam magis ac magis horum
36 209 665 241 Ecce propinquat o. Pro ſella eſt aureus olli
36 238 769 274 Mundi ingens globus, hoc nitens ſedet ipſa, ſuperque
42 273 599 303 Eminet excelſo ſublimis corpore dulci
1 288 613 335 Iucunda aſpectu, roſeis formoſa labellis
34 336 709 365 Perpetuum ridens, cuiuis promptiſſima ſemper
35 365 710 397 Oſcula porrigere, & dulceis ſua brachia ſemper
55 398 743 429 Pandere in amplexus, nunquam ira cunda nec atra
98 429 695 461 Bile tumens ſed ſemper amico pectore, ſemper
1 451 679 492 Pacato gaudens animo. coma fulgida ab auro
3 488 651 526 Contexto cincta eſt ſerto viridantis Oliuæ,
44 523 721 556 Dextera fert ramum ramum de germine eodem,
1 546 710 586 Cum ramo hoc pariter candentia lilia quaſſans,
875 571 941 583 n
56 587 605 618 Lilia mellifluæ inprimis aptiſſima Taci
1 610 681 650 i Binæ vtrinque extant humeris cœleſtibus alæ
98 649 665 681 Verſicolore nota & pennisf ulgentibus auro
97 681 660 709 Diſtinctæ, his cœlo deſcendit Diua tonantis
1 712 635 744 ME gremio: lgnitus ſtellarum circulus alto
882 704 934 780 I
61 744 679 773 Vertice flammeſcens cœleſti inſignit honore
59 775 666 808 Diuinum caput, & lapſam teſtatur Olympo.
133 806 697 833 Aureus eſt currus temo aureus, aureus axis,
104 840 668 871 Atque rotæ auratis ſcintillant orbibus, auro
59 872 637 902 Diffulgent radij, ſunt aurea cuncta. nitore
62 901 668 931 Aurifluo circum rutilaſcunt omnia, ab auro
5 933 594 966 iEcce repercuſus late circumfluus ar
107 965 682 997 Spectatorum oculos fulgore obtundit acuto:
2 997 690 1029 Auro inter lucent fulgentes vndique geimæ,
2 1029 621 1061 Et varij Eoa allati vſque ab gente lapilli.
1 1059 770 1092 Hunc circum artificis quæ docta induſtria currum
103 1092 709 1123 Afronte, à tergo. latere ab dextro atque ſiniſtro,
1 1124 613 1162 Inſignes puro hiſtoriæ cælantur in auro,
59 1156 738 1187 Et tanta arte quidem, vt videantur cuncta moueri,
103 1188 738 1221 Hocque agere atque illud, viuoque pectore fari,
458 1221 539 1247 Hh 3
693 1224 857 1246 Namue
21 1239 62 1276 M
