976 1432
277 71 603 100 GRATVLATIO.
748 88 811 113 47
37 107 645 148 Ipſa Dea à tergo ambobus ſublimior, iſtum
101 148 711 179 Atque illum impoſitis manibus collo, tenet. Eia
63 176 666 213 Salue Maxime e, ſalue o t Maxime æſar,
90 210 670 242 Concordes animæ, concordia pectora, veſtræ
92 241 666 272 Europæ decus, & magni illuſtriſſima mundi
1 273 727 315 Lumina, Chriſtiadum columen, tutela, vnumque
89 304 666 335 Præſidium: quibus inter ſe concordibus, vlli
55 336 670 370 Non metuendi hoſtes, etiam ſi totus ab omni
1 369 683 400 In nos parte ruat mundus, ſi denique cunctis
54 398 654 430 Viribus aſſultet nos vndique Tartarus, alto
52 428 721 463 Egreſſus barathro, & frendens extrema minetur.
53 461 570 495 Faxitdiuinæ Pacis dator iſle, ſuperni
1 478 742 524 Regnator mundi, vt noſtra hæc ſanctiſſima veſtros
100 525 647 558 Inter ſubietos longos Paæ duret in annos,
101 556 692 592 Et dicant per vos facta aurea ſæcla nepotes.
97 586 587 619 Dijte fortunent Rex feliciſſime Dij te
101 619 617 650 Conſeruent multo fortunatiſſime Cafar
100 651 638 682 Dij vos incolumi cum proſperitate beatos
55 682 748 713 Perpetuum eſſe velint. Dij vobis cuncta ſecundent
103 714 683 746 Quæ facitis, quæ facturi eſtis, quæque ſub imo
1 738 665 776 Pectore volnentes animo proponitis in rem
105 777 698 808 Communem regnis amborum, totius & orbis,
104 808 695 840 Orbis præſertim cui dat cognomina Chriſtus.
59 840 622 866 In veſtras vltr ſeſe Mahometica dedant
59 872 739 905 Sceptra manus, meritos vobis ceſſura triumphos.
1 895 666 934 Per vos augeſcat Chriſti Reſpublica: per vos
59 934 679 964 Nunc iterum toto ſurgat gens antea mundo.
138 999 721 1034 Sed redeamus Io, qua auidi defleximus, atque
104 1031 727 1068 Spectari cœptum expectemus rite triumphum.
1 1063 615 1096 Qua ttuor eximij niueo candore iugales
104 1093 798 1134 Ecce trahnt currum, Phædros, Terpnoſque, Crotoſq;,
2 1120 717 1160 Atque Euphron, tenues claris hinnitibus auras.
96 1157 587 1187 Implentes latè, pennatis calcibus alto
1 1189 637 1222 îMultum exultamtes greſſu. ſuueniliter ore
1 1212 57 1230 I
425 1224 505 1253 Hl 4
705 1233 806 1267 Prædu-
