976 1432
328 66 593 91 GRATVLATIO.
766 73 818 97 497
111 106 612 142 Aſſidue inſani Genitoris caſtra ſequuti,
112 139 693 172 Abiectis animis demiſſo in pectora vultu
110 172 646 200 Triſte incedentes. rabidis conatibus arctis
109 203 669 236 Fruſtra obluctantes vinclis, diro vſq; ſuſurro
106 236 684 268 Frendentes grauiter, ſæuo quod Marte fugato
108 267 689 298 Sic Dominæ imperium Pacis ſint ferre coati.
106 331 673 362 Præteriere iſti:magna dehinc ecce cohorte
106 361 818 393 Millia multa hominum qui claudant rite triumphu,.
105 393 674 423 Plaudentes veriunt, nimirum Marte cruento
105 425 597 456 Et longo erepti bellorum turbine, læti
103 456 620 487 Agricolæ Mercatores, numeroſa caterna
105 487 733 520 Artificum, Patrum ordo grauis promiſcua plebis
103 520 673 551 Tuirba viri iuuenes pueri, innuptæq; puellæ,
102 550 731 582 Matronæ, atque ſenes, ſerui, ancillæq; ſequentes,
105 582 660 613 Omnes Cecropia redimiti tempora fronde,
101 614 621 645 Vna omnesniueo teſtantes gaudia cultu.
135 643 736 672 Taliter indomito victrix de Marte triumphans,
100 677 708 706 Talem ex hoſte truci ducit Pa aurea pompam.
100 707 712 744 Ipſe pater cuncta hæc deſpectans æthere ab alto,
101 740 731 764 Clara in nube ſedens, natam collaudat ouantem
98 770 643 802 Et fauet illuſtri, cœlo arridente, triumpho.
129 833 706 866 Ipſa autemaccedamus o. accedamus, & vna
98 867 711 898 Augentes pompam terga inſectemur ouantum,
99 894 735 929 Spectemus tanti finem, atque exttema triumphi
96 927 650 954 Ecce fere ad metam veniens Diua aurea, ſeſe
96 957 744 992 Ad proprium confert pario de marmortemplum,
96 990 730 1023 Tempium Ingens. ter centenis illuſtre columnis,
96 1023 654 1054 Centenis gradibus longe àtellure leuatum,
95 1054 703 1084 Binæ intus magnis conſtructæ ſumtibus aræ,
95 1086 618 1112 Hac Dea Pax illa colitut Cencordiæeodem
1 1119 59 1153 I
94 1118 612 1150 Sub tecto, tercentenis ſtant lumina tædis
95 1150 649 1181 Circum aras:rutilo reſplendent omnia late
95 1181 613 1215 Fulgore, Aſſyrio mollis fragrantia totum
737 1215 792 1240 I-
583 1216 612 1240 Li
190 1215 376 1237 T ecund
904 1311 969 1330 I
