976 1432
328 82 593 113 GRATVArIo.
763 102 885 124 99
111 117 642 154 Id pueri factumhanc vno nil territus ictu
104 152 719 191 Diſſecto obtruncat iugulo, nigrumque cruorem
112 184 768 222 Spargit humi exultans. Confuſus ad æthera clamor
112 216 734 259 Tolli tur adſtantum: prælongo exangue cadauer
109 248 743 293 Tractum vnco, ad coruos auidis canibuſq; lupiſq;
108 280 660 319 Proiicitur la niandum. Hoſtilis cætera vulgi
96 311 646 346 Colluuies tracti vinclis, longiſque catenis
108 343 701 379 Continuo ad ſtygii raptantur carceris vmbras,
108 372 665 406 Horri ficas vmbras, æterna ergaſtula. ibidem
108 405 671 435 Supplicio extremo non vna morte necandi.
142 467 688 503 His ita ſolemni veterum de more peractis,
109 499 738 537 Conſcendunt templum lucentibus ordine longo
101 531 757 569 Lychnuchs, anteit cunctos dea Gloria. Honoſque,
109 563 724 599 Atque Decor: Pax Auguſtum dextra tenet, atque
108 594 749 627 Læua ipſum Pegem, ſequitur quos cætera euntum
108 624 758 658 Læta cohors. Iamque introeunt penetralia, ibidem
104 657 673 691 Sacra Panomphæo, grateſq; & vota Tonanti
106 688 628 721 Rite peracturi. Verum hæc arcana ſilenti
108 719 671 751 Cultu intus fient haud conſpicienda cuiuis,
109 751 739 786 Sacrilegi eſte procul, cuncti procul eſte prophani.
938 775 972 791 m
140 815 737 847 Vos autem quibus eſt ta nta hæc victoria cordi,
108 847 705 880 t placet iſte nouus pulſo de Marte triumphus
107 879 683 910 Ite domum læti, & chara cum coniuge, charis
108 910 709 942 Cum natis, cum vicinis, hanc quiſque ſuprema
109 941 611 967 Conatu celebrate diem, ſecludite curas
108 973 663 999 Inter vos alacres colludite, corde timorem
108 1004 682 1036 Pellite, communes epulas, communia paſſim
107 1034 615 1067 Ponite er vicos hilari conuiuia plauſu:
109 1068 619 1099 Crateras magnos producite plena Lyæo
109 1097 668 1130 Cymbia miſcete, ebibite, indulgete choreis,
109 1129 690 1167 Indulgete iocis, vos totos ſoluite in altam
109 1161 698 1195 Euohe lætitiam. Ipſe egomet vel primus obibo
111 1193 693 1230 Has parteis, primus Baccho ſpumantia ponam
569 1232 811 1262 Ii2 Pocu
931 1309 974 1340 e
