976 1432
262 69 659 93 AGGRATVLATIO.
781 78 828 98 503
116 108 803 145 Sed nunc, O, ſed nunc bene habet, te cernims ipſum
115 145 744 175 Iam coram, metus omnis abeſt: ſa nctiſſima Cæſar
114 176 702 207 Vicit iter durum pietas tua, Summus Olympi
114 206 621 240 Reſpexit Genitor patriæ ad ſuſpiria, teque
114 238 685 271 Nobis incolumem laus illi æterna reduit.
113 270 697 301 Certam ex incerta tua nunc præſentia famam
113 301 697 332 Comprobat, & dubios optato pignore ſirmas.
113 333 651 365 Ah quanta inuaſit nos ſuſpicione maligna
112 363 723 394 Anxietas, quantus timor heu trepidantia torſit
113 394 648 427 Pectora, te Cæſar ne quo diſcrimine ſorſan
1 414 36 436 u
115 427 645 457 Aduerſus premeret caſus, donec tua vaſtis
1 447 39 478 H
109 459 631 490 Explicitis alis Aquila inter lilia. & inter
115 489 805 520 Criſtatas volucres Diuûm haud ſine numine blande
114 522 713 552 Accepta, ad nidum properans inopina volaret,
114 551 696 577 Et tandem his noſtris reducem ſe ſiſteret oris,
115 583 594 615 Hic inter notos verſans ſecura leones.
147 612 725 647 Ergo alaoris magno ſoluit ſe in gaudia plauſu
116 646 635 677 Gratantis Patriæ pietas, te landri læto
113 677 652 711 Accipit amplexu, tua te Brabantia ſummis
115 709 650 743 Optatum votis redeuntem ſuſpicit, altam
113 739 649 770 Admirans Maieſtatem, diinaque prorſus
115 772 631 805 Ora ſacri vultus, in quo ſpectatur imago
115 799 780 836 Numinis ætherii. neque enim ſine numine tanta eſt
114 836 580 864 Maieſtas terris: clara te voce Bataui,
115 864 768 902 e Friſii, Hannoniique alacres. genſque accola lati
1 878 61 894 I
116 898 669 932 Oceani, à quo illi nomen Selandia, demum
114 930 828 965 Poſt aliquot non viſum annos Dominumq; Patremque
114 960 710 998 Tutoremque pium per gaudia magna ſalutant.
113 992 721 1028 Te populi, te cunctæ vrbes, cuncta oppida, villæ,
116 1024 731 1059 Compita, rura, pagi, venientem feruido aderant
116 1056 733 1089 Affectu, certantque auidi præuertere honore
117 1086 824 1124 Qniſque alium. Verum inter tot populoſque vrbeiſque
117 1120 800 1157 Quamuis prima tibi puero incunabula quondam
1 1125 59 1152 I
116 1152 730 1186 Ingens Ganda dedit, quamuis dulciſſima regni
116 1184 647 1220 Antiquam Bruxclla tibi dat Carole ſedem
740 1217 834 1243 Nula.
572 1220 641 1245 II 4
