976 1432
175 69 846 101 504 GRAPEI D. CAROL. V. REDVCI
175 111 773 147 Nulla æque exultat, nulla æque eſt pectore toto
174 143 942 184 Ob reditum hunc gauiſa tuum, atq; hæc noſtra pottum
175 175 764 211 Belgarum Andouerpa decus, pulcherrima certe
173 207 750 244 Gemma Europæi, & flos florentiſſimus orbis,
174 238 715 275 Andouerpa illa, inſigni vſque ad ſidera fama
2 269 34 284 I
177 270 772 308 Vndique per totum longe notiſſima mundum,
2 280 58 319 l
175 302 744 339 Illa, inquam, illa tuis & progenitoribus olim
176 334 735 371 Atque tibi nunc inprimis fidiſſima ſacro
174 366 700 402 Imperio ſemper præ aliis deuota, ſuique
909 377 961 410 I
164 398 799 435 Vel pro Principibus non tantum perdere cunctos
174 429 752 462 Theſauros & opes, fuso ſed ſanguine dulcem
172 462 781 497 Intrepidis animis promptiſſima fundere vitam,
929 490 972 514 t
174 493 726 530 Si quando ſeu bello acri, ſeu pace benigna,
176 526 813 562 Qupcunque in caſu, in quouis diſcrimine tandem
173 557 773 592 Exigat id forſan quæcunque occaſio nunquam
174 589 738 621 Obluctans, nunquam iuſſis parere recuſans,
175 621 760 656 Vſque adeo vt reliquis fors deficientibus, vna
175 653 708 687 Semper in oſſicio conſtans durauerit. vlli
174 684 767 721 Haud parcens ſumptu, haud vlli parſura labori
173 716 772 750 Quo nuſquam tibi non placeat chariſſima, tota
931 751 974 776 u
173 748 679 781 Abs te dependens, ficut bonæ filia dulci
172 781 729 815 A genitore ſolet quo tota innititur, in quo
932 811 974 837 Hl
171 814 754 844 Sola immota hæret quo tanquam rupis acutæ
935 844 972 868 ve
173 844 703 871 Præſidio fidens, vllo haud conterrita caſu
171 876 799 908 Non metuit quidquam ſi etiam vel Tartarus ipſe
170 908 728 939 Vel totus pariter per bella hoſtilia mundus
934 907 972 931 ius
171 940 797 967 Hinc Turcæ, inde Arabes, illinc Mauruſius hoſtis,
934 940 973 963 u
171 971 841 1004 Hinc Scytuica i ngluuies, illinc gens effera Thracum
934 973 974 996 hu
168 1004 783 1037 Contra ipſam no etiam ſurgentes agmine totis
933 1008 974 1028 leuu
169 1038 764 1063 Viribus inſultent, & rerum extrema minentur.
933 1040 974 1061 I
168 1068 706 1100 Viſendi illa tui longe cupidiſſima iamiam
934 1072 974 1100 up
169 1101 646 1131 Occurſura tibi, patefacto limine latas
933 1105 974 1131 le
167 1131 707 1163 Portarum valuas, & cluſa repagula ſoluens
167 1165 780 1201 Vtbem aperit: cunctas ædes, fora mœniaturres,
162 1197 813 1230 Templa, actſla, viaſque omneis ſplendore ſuperbo
792 1236 868 1260 Impe-
