976 1432
215 70 593 94 AGGRATVLATIO.
4 65 774 177 ò
767 78 807 99 505
19 175 628 214 Extra ſerapitur quid agat vix anxia ſentit
58 207 633 231 Præ deiderio & nimia dulcedine mentis.
105 238 684 271 Vt quando externas aliquis profectus in oras,
4 244 682 312 Sipoſtlonga iterum remearit rempora dulcis
55 302 608 334 Ad patriæ fines & limina nota, reducto
54 334 608 366 Obuiaprocurrit coniux dilecta marito,
54 364 652 398 Atque illum ſtrictis ter circumfusa lacertis
54 396 716 433 Gaudet inexpletum lachrymæ gaudentis ab ore
53 427 612 460 Lætitia erumpunt vna natique piiſque
51 458 798 493 Cum famulis ancillæ alacres gaudentque, ſtupentque
51 490 692 523 Cernentes faciem optatam præſentiaque ora
55 522 701 550 Ante haud viſa diu, tremulæ curuamine caudæ
20 544 632 591 Suſſultans alludit hero. geſtitque catella.
56 584 707 618 Corpore porrecto notam collambere dextram.
5 599 767 662 Haud ſecus illa quidem cunctis cum ciuibus, & cum
53 647 696 685 Plebe ſuburbana. & circum exultantibus agris
52 679 630 714 Aduentu eſt a ffecta tuo optatiſſime aſar
52 711 658 745 Seſe ornat cultu inſueto, proditque decore
53 742 696 777 Compta nouo. egregie feſtiuo inſignis amictu,
54 774 610 808 Candida puniceo veſtis diſtincta colore
54 807 598 845 Eſt olli late Iucens. quæ ſyrmate longo
55 840 733 871 Verrit humum artifici mediam zona aurea textu
55 870 717 909 Quam cingit, bicolor viridi cum fronde corolla
55 901 639 937 Ex rubris albiſque toſis contexta reuincit
107 932 716 966 lIuſtres multum gemmiſque auroque capillos,
109 965 605 993 In nodum lectos, alto ſtat vertice ſidus
108 996 647 1029 Mercurii & niueo gemmata monilia collo
107 1029 731 1061 Formoſum in pectus dependent leniter, in queis
110 1061 695 1094 Sculpta nitent vrbis præclara inſignia, nempe
110 1093 677 1127 Argento fulgens caſtrum, ſluidæque cruento
109 1125 634 1157 Abſciſſu palmæ proſtratis forte Tyrannis
113 1156 704 1191 Aquibus incertum lablatæ, qui cædibus olim
109 1190 696 1223 Et præda hos agros vaſtabant, fabula quamuis
751 1222 812 1248 Iſtuc
569 1223 638 1249 i5
