976 1432
240 76 632 102 ARALATIO
759 88 799 108 51
86 116 646 144 Prima datur, ſeu telluris, ſiue ætheris orbe.
75 179 752 216 Eſt Vrbe in media templum venerabile, templum
22 207 704 247 Auguſtum ſublime, ingens, quo clarius vſquam
86 243 644 277 Vix toto eſt mundo, turris vaſtiſſima loge
85 275 662 309 Porrecta in cœlum ferme ignea ſidera tangit,
86 308 627 337 Pyramidis ritu paulatim educta ſub auras.
75 339 582 369 Centenæ fumant accenſis ignibus aræ,
77 369 636 400 Innumeri prorſum ſacris altaribus adſtant.
87 402 670 433 Sacrifici Mſtæ & pſallentum plurimus ordo:
86 433 647 465 Huc tua ſe confert greſlu Andverpa pudico
83 466 748 497 Procumben ſque humili proiectu ante ora Tonantis
87 498 632 528 Suppliciter pro te ſar ter maxime, pro te
80 528 635 559 Caroledeliciæ mundi & ſpes maxima rerum
84 559 731 591 Vota fa cit funditque preces laudatque benignum
80 591 793 622 Blanda Patrem, immenſaſque agit imo è pectore grates,
81 621 663 653 Quod tam inſperato per mille pericuia nobis
84 653 741 678 Te dederit ſaluum: Et nos ædem intramus eandem
84 684 706 716 Omni cum populo, atque aris accendimus ignes,
83 716 746 747 Vndique panchæos per templum adolemus odores,
82 747 632 779 Et ſacrum ſolemne eo litamus & lhymnos
82 778 658 810 Et pſalmos canimus, & flex poplite vtroque
82 811 703 842 Atque vtraque manu ſtellantis ad ætheris orbeis
23 814 56 841 I
79 842 650 874 Protenſa, oramus proni, vt te Nminanobis
81 874 728 905 Longo æuo incolumem ſeruent, ſemperque beata
81 905 694 936 Proſperiate velint mulos regnare per annos
80 936 669 968 Magnæ Aſiæ, claræ Europæ, Libyæque ſubacta
79 968 710 1001 Ingentem Dominatorem, rerumque Monarcham
79 999 632 1028 Cunctarum, faciant vero vt te præſide ſæuis
78 1030 651 1062 Vndique deuictis toto mundo hoſtibus alma
77 1062 644 1090 Iuſtitia & Pietas, placida & cum Pace, ſuera
77 1092 654 1126 Relligio, & rerum fœlix ſucceſſus abundent,
77 1124 676 1157 Et magis atque magis loreſcant, aurea currant
78 1157 719 1191 Se cula: poſtquam autem te fata extrema vocarint,
76 1188 630 1223 Etcœlo aſſumptus fulgenti in nabe ſedebis
20 1195 52 1218 A
737 1227 789 1253 Sub
