976 1432
230 89 657 114 AGGRAATIO.
751 92 807 123 517
80 131 635 163 Incenſæ, & crebro repetunt ſuſpiria tractu.
82 159 756 196 Et nunc poſt ſalices fugiunt, vel harundinis vmbram,
82 193 680 223 Nunc ſeſe oſtentant vltro, niueoſque lacertos,
82 223 702 261 Aurataſq; comas, nudataque pectora monſtrant,
82 255 679 292 Vel carpunt frondes, vel odoro gramine flores,
82 287 767 325 Quos ſpargant paſſim, & ſe herbis variantibus ornant.
81 318 747 350 Fortè mari emenſo dum regna Britannica tandem
72 348 741 383 Noſtra hæc contingit claſſis dudum, omnis ab omni
82 379 683 415 Parte ruens cum Rege ſuo gens Anglica multis
82 410 669 452 Millibus occurrit, tantumque ac cepi t amico
84 440 668 481 Hoſpitio Iuuenem. Non eſt narrabile, non eſt
85 473 684 510 Credibile auditu quanto hunc aſfecit honore
85 505 654 545 Anglia, vbique nihil agnus niſi Cæſar in ore
86 533 684 572 Omnium erat. Tæar fora, ar templa, viaſque
85 568 610 607 Implebat. Cæſar vicos, atque oppida, Casa
31 591 61 608 I
86 595 672 637 Carolus, Auguſtus, Regum Rex maximus omni
87 626 683 672 Vſque loco, inſolito perfuderat omnia plaulu.
78 650 771 704 Ipse manu charum dextra. ingentemque Nepotem
87 689 712 733 Rex Regem, Iuuenis Iuue nem, deducit in aulam
87 722 642 766 Regalem pariterque epulis inuitat amicis,
88 752 717 798 Dignaque æſareo gaudens dat munera ſceptro,
90 783 700 830 Ingentem cratera, auro, gemmiſque ſuperbpum,
93 820 700 861 Qui partem valeat regni oſtentatque potentes
89 846 765 891 Diuitias, procerumque animos, populique fauorem,
93 882 712 926 Quæque ſit immenſo pariter ſua gloria regno-
91 913 703 949 Et tandem innumero comitatu ad littora nota
95 941 660 982 Conducit, nobiſque aura aſpirante remittit.
1 959 46 989 ,
96 975 660 1016 Gratantur proceres gratatur vulgus, amicos
909 991 961 1051 I
1 1011 567 1061 Inter ſe coijſſeæterno fœdere Reges.
1 1013 61 1035 I
124 1038 680 1081 Ergo ſrex ternæ gentes, ſi Numina Ponti,
1 1061 31 1075 I
1 1066 731 1113 Si Nymphæ Iuuenem, & totus tanti facit orbis,
96 1096 765 1145 Quid nos, quid tandem, quid non faciemus inertes?
45 1133 662 1171 Non occurremus noſtro Regique, Pattique?
1 1165 632 1212 Quin occurramus læti noua gaudia feſto
99 1200 668 1243 Teantes cultu: nihi hac ſacratius vnquam
769 1227 803 1250 5t
547 1232 611 1256 i 3
