976 1432
928 22 974 50 V
331 88 542 111 GROTII.
759 95 798 114 2s
61 131 745 164 Diuorum aſcitis numero, magnum ætherenumen:
42 164 643 194 Interea nos paſce gregem, tibi pectore toto
57 194 691 226 Fortiter addictum pro te corpuſq;, animumq
53 227 722 269 Fortunaſq; & opes cunctas exponere promptum.
206 334 692 368 HVGONISGROTII
376 380 543 419 BATAVI.
268 445 629 481 In dactyliaethecam Abrah. Gorlæi.
115 498 712 537 ANnule Prncipij nunquam pereuntis imaga,
103 531 601 562 2 Etcui vel fi nis nulla, vel ipſe tibi
100 561 662 602 Annule, qui cœli ſpecie redeun tis in orbem
133 597 600 628 Telluris cohibes omniparentis opes.
102 623 682 666 Annule, qui rigido lapidem redimite Metallo
133 657 598 691 Fixa Promethea vincula rupe refers:
103 687 674 727 Annule, qui tribuis quod ius Natura negauit,
136 720 578 759 Ingenuoſq; tuo ſolus honore facis:
100 753 697 788 Annule teſtis opum, quo plebs Romana carere
136 781 668 823 Cogitur, anguſtus quem ſbi clauus habet,
104 814 711 853 Annule, Legati, ſacra quem queu udicis æqua,
134 848 652 886 Quem ſcutata manus enturionis amat:
102 878 755 917 Annule, quem donant Reges, quem donat amator,
139 908 658 952 Quem fouet in tepido dulcis amica ſinu:
102 938 716 976 Annule, cui commiſſa penus, commiſſa ſupellex
139 980 581 1007 Seruitii fures non metuere manus.
104 1004 614 1044 Annule qui miſæ ſignas arcana tabellæ,
137 1036 608 1075 Legitimiſa c rum pignus & arrha tori:
107 1069 574 1102 Annule ſecleri vindex cuſtodia veri
139 1099 646 1139 Qui perhibes pactis muneribuſq; fidem:
105 1133 662 1166 Annule, cui moriens & villas cædit & agros,
137 1167 583 1201 Tutelamq; ſuæ prolis, opesq; pater:
104 1201 717 1236 Annule, qui peſtem fœdumque arcere venenum
692 1227 802 1264 Petore,
