976 1432
335 69 560 93 GROTI I.
773 79 811 100 525
63 105 699 139 Annule, Cæſareos qui fers in imagine vultus:
145 141 720 172 Ah capital Paulo quam pro pe crimen erasl
67 171 676 202 Annule qui Gyi ydorum Sccptra dediſti,
152 202 599 228 u, te cerſeæ Catidis inſtar hiabet:
67 234 723 267 Annule, at uphratis quem contra ripa Seleuco
149 265 659 295 Abſtulit. & regni ſpem dedit eſſe ratam
890 270 971 312 T
63 298 678 335 Annule qui Samio, iactura negata Tyranno,
151 327 673 365 Qem miſer heu nollet non periiſſe ſibi.
113 359 770 389 Annuſe Cannenſis quo ſanguinis indice menſa eſt
150 390 653 424 Carthago modiis Rcmul a caſtra ribus.
117 420 720 454 Annule. proſcriptor onquo Cæpio. Druſum
150 452 617 480 Odit. & in ſe Sullam ſe tulit ira Mari
118 484 780 518 Annule. quem fatum docuit Demoſthenis & quem
152 516 650 543 Annibalis celerem morris habere viam:
117 547 720 582 Annule, quem loculo varium qui condidit vno
148 578 641 613 Romulea primus Scaurus in vibe fuit:
66 611 667 648 Annule quo M agni Laurus ditata L atinus
149 641 646 675 Cum Mithridateas lupiter ha ſit opes
64 670 732 708 Annule, quem ſenis diſtinctum a Cæſare thecis,
152 703 662 736 Marmorea Genitrix viditin æde Venus:
61 735 715 773 Annule, non vnum quem ſacra Palatia ſeruans
126 766 677 799 Marcello acceptum pulcer Apollo refert.
63 797 756 836 Annule. te quidquidnam non eſt omnia noſtrum
152 829 657 864 Dicere quæ ſequitur carta fuiſſe docet
63 862 726 897 Annule, qui quondam gemmis inſignis & auro,
153 895 605 926 At nunc Gorlæi parua papyrus eris:
61 923 779 960 Annuale, quem gemmis & quem nunc præferat auro,
156 955 787 992 Quiſquis erit, veterum quem Monimenta iuuant:
62 987 678 1026 Annule. priſcorum Vindex rediuiue dierum
161 1018 708 1049 ei mihi cur lucem nox premit atra tuam?
79 1051 715 1086 Annule, qui nobis Latium, qui reddis Athenas,
125 1082 625 1113 Hei mihi, cur turpi conderis ipſe ſitu?
112 1113 719 1146 Annule, vir magnus prohibet qui ſorde remota
154 1145 745 1177 Dat tibi candorem, quem neque gemma dedit:
121 1178 641 1211 Annule, ſi carietamen & rubigine ſcabra
713 1208 868 1235 Roderis
