976 1432
331 71 538 96 ROTI.
750 78 801 101 5
13 80 706 145 vos, ſi grauius quid dictum ignoſcite Belgæ:
130 144 605 172 Non ſunt hæc odi verba, ſed inuidiæ.
376 202 486 223 De eodem,.
97 244 720 278 Hoc quoq; fer totum, ſed triſtis Fama per orbem
128 276 508 307 Ille diu plauſus deliciæq; tuæ,
98 309 670 340 Quem populis vnum cunctis narrare ſolebas,
130 341 576 371 Occidit, & tanrum viuit in ore tuo.
55 365 698 404 Omnis ad exsequias qua Soloriturq; caditque
133 402 597 433 oc eſt qua legitur Lipſius, orbis eat.
51 434 710 464 Percipue adſpicies domini cum Tibridis arces,
127 465 628 497 Fac ſeptem reſonet vo lacrimoſa iugis:
33 498 655 534 Lipius occubuit, cui quantum defuit æui.
128 530 603 555 Tantum neſcitur, maxima Roma, tui.
206 573 689 602 Dan. Heinſio, cum Adamum ſuum offerre
97 612 556 642 Hei nſi vetuſtæ reſtitutor Orcheſtræ,
96 648 595 679 Ornas cothurno qui pedes Sophocleo,
94 679 587 711 Primuſque ſyrma vincis Eurripidæum,
92 711 560 741 Et Æſchylæas & Lycophronis fæces,
94 742 678 774 Et quidquid vſquam perditum Tragædorum:
95 774 572 805 Deſideratumque hactenus repenſaſti;
96 806 605 837 Sume hoc amicinomen hoc inæquales
97 837 534 866 Si non recuſat ſi minus, tui ſaltem
95 869 608 899 Poëma, in arrham quam ſacræ clientelæ:
95 899 566 931 Poſtremus offert principi Poëtarum:
94 932 512 961 Lecturus illud vt beatus exultes;
94 961 593 987 Cum nos videbis velle. noſſe te ſolum.
286 1005 563 1037 Eiuſdem albo inſcriptum.
93 1046 612 1080 Nouem Dearum cultor Heinſi virginum,
92 1080 641 1110 Roſſæq; decimæ. quæ Camœnarum choro
92 1109 474 1138 Riualitate certat implacabili,
93 1138 570 1173 Suumque te illa iactat, & Muſæ ſuum;
91 1173 639 1205 Hæ quod dedere carmen, illa quod ac cipit:
736 1212 798 1246 ui
