976 1432
926 1 974 15 a
327 72 542 100 GCROTII.
733 69 804 100 529
69 115 609 152 Iactat, & argutos Græcia docta ſales,
101 146 725 184 Quod veteris ſocci iocus, vltaque tela ycamben
132 181 622 207 Additur ad laudes vltima ſumma tuas:
46 212 704 258 Baudii munus habes, debet cui turba bonorum,
128 243 643 280 Quod modo ſecuris non licet eſſe malis.
381 301 489 323 Alterum.
23 329 654 393 Quem legis & laudas ſi vis nouiſſe Poetam,
85 376 566 408 Verſibus & vita Baudius vnus erat
58 400 800 448 Vidimus hunc ipſum qualemtibi carmina monſtrant,
129 435 619 474 Ingenium domini læta papyrus habet.
58 465 705 514 alis erat ſeu cum fluitarent proſpera, ſeu cum
128 502 647 535 Immeritum premeret ſæuior aura caput:
57 520 716 577 Liber & intrepidus nec qui concederet vnqua
128 563 589 599 Fortunæ magnis regibus eſſe minor:
95 588 698 633 Nulli ſponte nocens, & amabilis hoſlibus ipſis:
127 628 586 668 In quo, ſi noſſes, perderet ira locum.-
79 657 585 693 Infenſus celeri: ſed non vt lege ſeuera
129 691 614 724 Viueret antiquæ ſimplicitatis amans:
96 715 678 756 Melle madens, & quo non incorruptior alter
129 752 581 786 Miſcuit innumeris ſeria mille iocis.
96 786 677 820 Et ſi cuncta ſimul permittis dicere, vates
131 816 560 854 Teius arguto miſtus Aariſtophani.
218 859 660 893 In Iani Gruteri Theſauros Inſcriptionu.-
97 907 581 945 Orbis ſupremi pignus terni Sator
96 935 599 975 Immenſe Serpens, ripa quem Nili colit
99 964 671 1012 Squammas virentem ſemper, & tortos ſinus,
97 1000 588 1041 Qui voluis agmen ſimplici Flexum via
98 1035 496 1071 Tui relapius in notas veſtigij,
99 1066 532 1100 Certis & hæres peruicax exordiis,
98 1096 553 1133 Voluminumq; lubricis anfractibus
98 1131 604 1164 In os reductam prodigus caudam voras,
99 1162 557 1197 Tui triumphans pandit æratas fores
101 1195 553 1231 Gruterus antri:propter annoſi ſitu,
610 1216 799 1258 LI
203 1230 408 1254 Tomus Secundus.
942 1316 973 1337 p
