976 1432
354 77 570 102 GROTII.
772 88 821 109 S5
100 116 561 152 In omne mundi ſe latus lapſu graui
100 148 575 181 Ruina fudit. Tuque ræci ſanguinis
115 180 636 214 Altrix, & omnis magna Doctrinæ parens,
112 212 531 243 Olim tuorum Tarra felix ſpiritu,
107 243 607 273 Quam nulla reſtasl Dira Fatorum lues,
113 274 641 307 Si nil profanum quamlibet magnum, tui
112 306 479 337 Ferale virus effugit contagij,
104 337 573 365 Et delibutas peſte lutonis manus,
107 368 628 398 Tamen Sepulcris parce. Sacras Manium
116 399 600 431 Sedes, & illud ſi quid eſt quod mortuis
110 430 607 462 Datur ſuperſtes eſſe. quod viui colunt,
115 463 568 489 Lex vniuerſi erret, & rurſum mori.
148 495 642 525 Virgo Triformis Orbis immenſi nouis
116 525 617 555 Dotata prædis ſemper, & Rerum Malo,
113 557 586 589 Quid impotenter in tuas ſæuis opes.
116 589 589 621 Quid Buſta, Cippos, & graues victoriæ
116 622 620 651 Teſtes columnas, & Tropeorum ſtruem
115 652 589 679 Deles, nec Orcum liberas Orci metu.
112 684 591 714 Vmbræ ſilentes, vulgus inferni ouis,
117 715 634 747 Quibus quietem ſpondet æternam Palus
117 746 653 776 Iurata Diuis herc, quod amittant habent
118 778 669 810 Poſtquam fuerunt, indices perdunt, quibus
119 810 646 841 Fuiſe conſtet. inſtat & mors Nomini,
152 841 647 872 Faſt eſt perfecto, fas tamen Diuos queri
108 873 592 904 Minus minores. Inferis non eſt graue
119 904 612 936 Pati Supernis Numinum turmis idem.
120 936 607 967 Rex ipſe Diuûim ulminis diri potens,
120 968 546 994 Et circinnantis tota Cœli ciuitas
121 999 497 1030 In iurioſo prorutas ui pede
121 1030 612 1062 Deſpectat Ædes triſtis. ingentes moræ
122 1060 614 1086 Cedunt Coloſſi. Sol ſuos Annos timet,
123 1092 647 1125 Et Luna menes. Templa decreſcunt ſitu
122 1125 607 1154 Iam nulla pendent e Tholis Donaria,
125 1158 637 1188 Iam nullus aras Agnus humectat Deûm,
124 1189 591 1221 Nec proſicantur Eta,nec turis iacit
563 1223 827 1250 Ll 2 Acerts
946 1335 974 1356 T
