976 1432
929 16 974 44 V
251 90 615 116 ELEGIARVMLIB.I
761 103 828 122 39
376 132 514 162 EegiaVII.
92 160 667 193 Guam vis ſæpe ſa intereat Dictynna ſenecta,
124 194 549 226 Exuat & rutilæ cornua bina facis
32 224 754 259 Luminibus tamen vſque nouis ſua damna repenſat,
121 257 657 287 Vecta iterum gemino per loca ſueta bue.
50 288 736 320 Quum ſenuit, veteres volucrisiouis abiicit annos.
130 320 686 351 Tempora qui reparet lubricus anguis habet.
49 344 657 381 Flatibus à Scythicis, caniſve exuſta pruinis,
128 382 558 408 Aut de Phœbea torrida facta face,
92 414 700 445 Aut quondam ſtricta ſtirps Citria cæſa bipenn
128 446 601 476 Se radice tamen ſubrigit ipſa nouam.
38 477 662 511 Ipſa, quibus vitas renouet, Vidæia bombyx
126 510 577 541 Deponit moriens ſemina certa ſibi.
97 540 679 572 Quæque volat Phœbi Phariis auis vnica ſyluis
128 572 566 603 Vrit viuifico cynna ma odora foco.
51 599 644 633 Aſt homini nullas fas eſt reuocare per artes
128 635 574 661 Ætatem: aut vlla detinuiſſe mora.
95 666 724 700 Ergo, age, viuamus, mea lux, mea grata voluptas;
129 699 694 729 Dum petulans noſtro in pectore viuit Amor:
51 728 708 769 Dum ſanguis calet, & ſolido ſtant corpore vires;
130 761 642 793 Purpureuſque ſuo dum micat ore rubor.
53 786 652 829 Iam nunc lapſuræ iuuet indulgere iuuentæ;
130 825 586 856 Incuſent tetrici gaudia noſtra ſenes.
53 850 662 896 Num morer inſani, mea Fuluia, ſibila vulgi,
132 888 630 919 Si non eſt flammæ cauſa pudenda meæ?
52 913 590 955 Et ſi luce pius diuos reuerenter adoro?
134 951 672 983 Sentit & officium fœmina virque meum?
52 981 648 1017 Nocteque per tenebras ſi nulli noxius erro?
1 1015 652 1048 Eſtque mihi ſolus. Fuluia, crimen amor?
51 1046 709 1085 Sat mihi ſit, mea lux, mea ſi tibi cauſa probetur:
134 1079 662 1110 Ouaſque faces ſubdit ventilet ipſa Venus.
51 1111 666 1149 Dumque mihi cupidis liceat vincire lacertis
130 1143 627 1173 Hærentem amplexu te, mea vita, meo,
51 1166 801 1213 Squallentes ſubeant cani, & tremebunda ſenectus.,
129 1207 636 1239 Mors quoque nos inter baſia ſera metat.
733 1242 809 1273 Elgia
