976 1432
921 1 974 18 ;
263 73 661 98 ARVMLIB.IH
776 85 823 109 45
110 116 658 150 Cyptia fallaces, mea gaudia nuper, ocellos
140 150 600 179 Aſpiciam, noſtti ſemina prima mali.
112 179 739 212 Non ſupplex crudaſque manus, & genua tenebo:
144 212 634 242 Nec mea periuris oribus ora premam.
109 242 663 275 Nc ſequar infidæ cupidus veſtigia plantæ:
144 275 644 305 Nec tibi præteriens figna dabo tacitus:
109 306 769 341 Ne rigidos qerar ad puſtes nocturnus: at vſque
142 338 575 362 Dormiat immota ianua furda ſera.
109 368 646 400 Iſta iuuent quæ sæua poteſt laudare puellæ
141 400 626 431 Imperia & miser cui placet eſſe diu:
903 416 971 499 I
111 431 675 462 Qui cupit infandos nunq uam finire labores,
142 463 644 493 Acdomina immiti ſæpe iubente mori.
110 492 816 525 Mors veniar ſatis vna mi aut, ſi mors mihi nuſquâ e
141 527 648 558 Hc ſaltem, quod non emorior, peream.
384 570 533 592 Eeia VI.
110 606 722 642 Eilium hoc, mea lux, liceat ſi abrumpere letho,
141 642 580 668 Fortuna iubear vel meliore mori,
110 671 595 703 Aut non infelix. aut non inglorius ibo
141 704 550 737 Ad nigri ſubterranea regna Dei.
111 729 720 768 Nam mors, vt leuis vgent quæ meta dolori eſi,
145 766 614 800 Sic quæ venturis eſt medicina malis.
109 795 689 826 Pectoris & timidi, nec ſat conſtanter amantis
139 829 619 859 Eſt, domina facili, nolliubente mori
107 856 759 893 Ai, m ſer, abrioiornunc, Iuce excluſuis, in vmbras
141 892 583 922 Et mors exiio condupiicata venit.
109 918 782 956 Etremas ne que tulachryma miſeraris amantis,
142 953 608 988 Sed pulſum ſpreto cogis amore mri
110 982 707 1019 O ſaltem qua ſpes fupe rat mihi nulla medelæ,
141 1016 660 1051 Iamque p arat rgitm nauita canus iter:
108 1046 756 1084 Migrantem occiduo excipiant tua baſia vitam,
142 1079 611 1111 Baſia Cecropio mellea melle magis:
110 1112 727 1144 Stellanteſque oculos nutantia lumina cernamt,
122 1143 628 1175 Noctis vt illuſtret nubila clara dies.
104 1174 667 1209 He, miſer, heſterna quæ dixi queſtus in ira
756 1207 819 1231 Vos
592 1207 654 1233 M m
220 1210 401 1240 Tomus ſecnndus
920 1337 974 1364 æ
