976 1432
251 88 636 112 00ARVMIB.II.
739 99 799 119 B4
16 124 703 162 Et grauidus Cereris munere ſepersger,
4 160 691 205 emper honor nouo ſuffroneſcetibus arii
130 192 635 223 Spirabat denſm per nemusaura recen
41 215 687 263 Munera ſponte omuis ipargebat fertilis arb
119 255 611 285 Vere virens vno, & perpetuis zephyris.
43 281 658 328 Quum ſapiens cœli Saturnus regna teneret,
124 317 612 351 Nec patrium noiſet Iuiter ipſe larem.
37 348 677 384 Atnunc mollifluas zephyri genitabilis auras,
135 378 667 415 Te quoq; cum zephyro, florea Chlori tuo,
56 411 674 453 In rabidaſq; canes, ac morbiferos antumnos,
135 442 648 479 In rigidas hyemes, in Scythicum boream
38 474 663 517 Degenerà patriis cnuertit Iupiter actis,
136 510 637 540 Pareaq; de veteri tempora vere manent.
56 536 656 578 Ille domos, domibuiq; fores tutamina fecit,
135 568 610 602 Ille metus trepidos ſeuit, & ille dolos.
6 586 678 636 Primus & admonuit fratrem diffidere fratri:
61 633 628 666 Amauirq pias ella ad iniqua manus.
48 660 671 706 Seminaq; inuerſis iuſſit ſubmittier aruis,
139 690 737 726 Vnde boum, atq; hominum prodiit nde labor
58 723 709 768 Vnde bonæ gemitus, & vulnera erebra parentis:
142 756 631 788 Vnde Pales laceros ipſa reliquit agros.
60 787 682 833 Libera namq; prius, nec conſcia limitis arua,
142 819 647 856 Suetaq; de pieno fundere dona ſinu,
46 848 670 896 Poſtquam limitibus iacuerunt ſerua notatis,
142 882 669 918 Depoſitum dominis reddere ſæpe negant.
98 911 642 951 Magne pater Saturne pater, ſi dextera falce
143 945 590 974 Armata eſt, cur non iura tuere tua?
102 973 703 1013 Magne pater, Saturne pater, tua regna repoſce,
145 1006 677 1044 Si pudor & miſeris tempora priſca refer.
99 1039 598 1076 Te decet æterno moderari ſidera curſu.
148 1069 673 1106 Iupiter, heus ſancto ſceptra repone patri,
113 1101 653 1137 Secula qui reuocet mortalibus aurea feſſis,
146 1134 592 1169 Otia qui longa & gaudia tuta ferat.
104 1164 689 1198 Nec iam mercator peregrinas curſet ad vrber:
126 1198 595 1233 Ah,pereat cui noneſt ſua terta ſatis.
547 1230 809 1260 MImNon
