976 1432
929 13 974 40 a
247 88 641 112 ELEGIARVMLIB. II.
751 98 804 117 I53
86 132 755 163 Quo prope, marmorea quondam deſcripta tabeila
130 163 629 196 Ominis hæc auſti carmina bina leges,
45 194 707 228 Stet domus hæc, ventis & non violabilis imbri,
130 225 620 257 Contemnatque feras inſuperata faces.
52 258 699 293 Quæ patris applaudens operi puerante legenda
129 289 649 319 Carmina venturis ſculpta dedit, Marius.
36 321 630 360 Monte Cytheriaco legit cui ſerta Cupido,
130 353 581 384 Et fouit lymphis Cpris Acidaliis.
52 383 666 417 Ingredere inuenies ſubito tibi cuncta patre
62 416 591 449 Oſtia. & in tota gaudia multa domo.
53 445 721 481 Prima parens greilu tremulo approperabit Eliſſa,
132 480 600 510 Siue trahet fuſos, teraue pinget acu.
53 510 619 545 Parte alia celeres inuadent colla ſorores,
133 541 662 577 Vique ſinent matris baſia habere locum.
52 569 630 614 Deſertaſque intertelas, iactſque labores,
134 604 710 640 H inc premet hæc charas, hinc petet illa genas.
53 635 695 678 Frater vterqueetiam notis dabit ſcula labris,
131 668 612 703 Seu priot Eurardus, ſiue prior arius.
53 697 684 740 Tu quoque mittentis ſubeas vt munia fatris,
130 731 549 765 Baſia plura piis Iarga refige genis.
98 760 672 796 Ac, tibi quam dederint, plures largire ſalutes,
134 793 648 829 Atque ruonoſtrum nomen in ore ſonet.
89 826 602 857 Et, ſiue arboreis na ipaciaberis hortis
134 858 614 892 Si rigid à medio ſole tepeſcet humus,
89 886 696 922 Seu potius calices iuxta & noua muſta ſedebis,
135 919 691 953 Qua ſtat flammifero menſa propinqua foco.
89 952 649 986 Implebis charas placitis sermonibus aures:
104 984 616 1016 Multa ſciaſque licet triſtia, læta refer:
88 1015 674 1053 Et, valet, & gaudet, dices, longumque valebit,
131 1049 633 1080 Sed longum valeat ſi tamen iſta domus.
102 1079 738 1113 Si quidagam, quæren, & quærentCæſaris almi
135 1113 609 1145 Exſequitur fida nuncia scripis manu,
102 1146 634 1178 Et magnæ, dices, coniungit numina terræ,
132 1178 633 1210 Dum vaga per varium littera currit iter.
86 1210 678 1246 Idem, quum grauium permittunt ocia rerum,
508 1246 613 1269 M m5
711 1242 816 1268 Alter
