976 1432
266 107 649 142 ELEGIEVM LD.
769 112 808 131 55
57 148 616 181 Acua fida ſequens preſſo veſtigia nixu,
136 181 605 206 nua trans celſum nubila tentat iter,
55 205 694 254 Parnaſi in claram quæ ſurgit ad æthera rupem;
130 244 582 278 Et pulſai geminis ſidera verticibus.
344 290 559 320 Elegia IV. Votum.
51 331 626 374 Aragonum rupes gypſoſaq; teſqua valete,
133 365 670 399 Lelgica me tellus culta ad amœna vocat:
52 394 699 424 Fœta manet nitidis vbi me Maclinia nymphis
131 426 647 457 Et domus &. ſera cum genitrice, ſoror;
33 454 686 497 Et.ſanti manes. nec vſa ſepulchra parentis;
128 490 591 527 Et gemiai fratrea, pectora fida, mei.
1 518 753 567 Nec minus ipſa ſuum expectat Louania alumnua
129 550 659 583 Vros vetus, vrbs ortus conſcia prima mei,
53 582 675 627 Vrbs Cereris donis, vrus munere diues Iacchi
127 617 601 647 Arthus vrbs late nobilis omnigenis:
54 647 594 694 Sancta vbi ſiderei reſerant oracula cæœli
126 679 531 717 Eloquio celebres & pietate viri:
54 708 703 759 Quoſq; æqui ac iuſti ſtudioſum pectus honeſtat,
127 742 576 779 Ancipites rixas ſoluere lege docent
55 771 698 823 Quin &, quod fratres Podalyrius atq; Machaon,
124 804 703 841 ramine quod potuit, carminibuſque Pater,
7 834 716 881 Et quod auus potuit medicinæ inuentor Apollo,
123 868 590 898 Omne ſimul docta diſcitur vrbe mea.
8 897 667 945 Illic ſæpe nouum poſſet Chryſippus acumen,
122 931 579 969 Et ſua mirari dogmata Ariſtoteles.
56 961 638 1008 Ac ſua ſi fas ſit ſub corpora priſca reuerti
122 993 641 1025 Audiat hic Samius dicta verenda ſenex?
25 1026 670 1070 Agnoſcatq; ſacros numeros, & myſtica vera:
57 1058 587 1089 Hic memoret leges & ſua fcita Plato.
54 1087 632 1133 Occurens reduci doctorum multa virorum
120 1121 623 1157 Coniuger notas iam mrhi turba manus.,
31 1150 599 1197 Tuq; adeo. procul errantis ſolator amici,
119 1187 614 1219 Goleniæ ingenti nil Cicerone minor.
17 1214 644 1265 Qui noſtras vtbem tranſueſti nuperinoras
706 1254 788 1284 Quam
