976 1432
260 70 571 94 EPIGRAMLIB.III.
755 75 814 113 56s
111 108 706 144 Quem quicunque colit; cœcatus corda furore,
117 144 645 175 gue madet mediis & miſer ardet aquis.
110 176 630 206 Quorum de numer vidit iuuenilior ætas
140 206 592 238 Me quoq; erudelis picula flere dei,
109 238 753 270 Languentem ſemper, mortemq; in vota vocanten p
141 269 711 301 Tunc rgo non ego eram, ſed leuis vmbra mei.
111 302 664 334 Iamque rogata meis toties, & victa quereli
147 333 664 364 œ perat optata hoc mergere nube caput;
116 364 632 396 Sed tremulos artus acIurida vidit vt ora,
140 396 693 426 Extimuit noſtra Mors quoque morte mori.
114 426 722 457 Nunc animi liber, flammiſque ereptus acerbis,
147 459 651 488 Carmine lætanti fœdera ſancta canam,
113 490 668 527 Quæ ſtupeant Solis ſubiecta caloribus arua,
151 522 662 557 Aruaque perpetua quæ iiiuc tecra rigen t:
116 552 821 592 Quæque probent populi hœbo ſub vtroque tepentes;
150 585 644 621 Mirenturque fidem ſecula ſera nouam.
115 616 633 654 Me iuuat, ignorans vitii ſe cura volupras;
150 649 669 678 Me blanus Veneris, ſed ſine matre, puer.
119 678 773 713 Nam, modo ſim tecum, caſtaſque probantia curas,
152 710 729 749 Quam non dura petro lux mea verba feram;
111 742 717 780 Dum ſpectem ſanctos, & dignos Paſlade mores;
156 774 638 808 Dum detur facie poſſe pudente frui;
123 806 717 845 Nil quæram vlterius: non iam vulgaris amator,
158 839 673 876 Quin neque per luſum baſia ſicca petam.
123 869 646 907 Quæque ignota latent, & carmine noſtro.
159 897 705 939 Laudari nequeunt quæ bpona nemo videt
126 931 776 967 Pnlchra licet tribuiſſe deotibi cuncta putandum;
160 964 677 1002 Non recinam formæ nobile præco decu:
127 995 703 1035 Ipſe ſatis celebret niueus te, Candida, candor;
158 1028 681 1064 Albaque purpureus qui notat ora rubor,
128 1060 692 1097 Vt pudibunda notans puro roſa Cypria lacte,
162 1092 655 1129 Vtque rubet Phœbo iam propiore die s.
131 1121 753 1161 Magnum eſt, quod toto pulcherrima crederis eſſe
167 1157 711 1191 Corpore ſed pulchro corpore maius habes.
131 1190 737 1223 Eormoſamveneror formoſo in pectore mentem;
757 1223 834 1250 Quam
571 1224 656 1250 Nn5
