976 1432
936 16 974 31 4
267 78 641 106 2G1ARVIIBIII.
123 119 750 155 Via nec immotamtibi flecent nomina mentem;
159 153 636 184 Maximus & ſi te Carlus, orbis amor,
125 184 687 213 Expetit: occidui dominator & orbis Eoi,
158 215 634 249 Victori cui Libs ſeruit, & Afa tomas.
123 247 695 279 ec pater ipſe Deim, rurſus ſi cormua ſumet;
160 279 650 309 Aut tentet pennis plaudere falſus olor;
124 311 682 342 Non etiam liquidus croceo ſi rurfns in auro
157 342 595 373 Ludat, ſeque ſuo depluat ipſe polo,
119 373 689 404 Creſcere confidat precium; clpamue leuai
157 404 627 435 Dedecoris. domina iudice poſſe mea.
125 435 827 467 Quin neque forma rapit uuenum: neque laudibus vlls
158 468 637 500 Victa. feres placitæ damna pudicitiæ.
123 498 722 532 SEi qua tamen remanet tumuli ſua cura ſepultis,
148 531 651 565 Quique vnus fati vulnera ſanat honor,
127 559 688 595 Vir tuus impoſitum post triſtia funea ſenfi
158 595 615 628 Elogium; & ſelix viuit honore tu:
121 622 747 660 Lamque per obſcuram decerpta papauera nocem
152 656 594 693 Cœpit Lethæas immemor inferias:
123 686 659 720 Dedidicitque ſuæ ohiius præconia ſortis;
158 718 647 754 Seque tibi abductum deſiiit eſſe queri.
127 746 769 786 Tu quoque,quum nequeas decurſa reuoluere fata;
162 781 660 814 Deſine turbari &, quod datur ipſa velis.
129 812 644 847 Immortalis eris ſic dii ſtatuere benigni
165 846 598 873 Siue tuo merxito, munere ſiue meo:
129 875 723 908 Non etenim invideo. te, quum merearis, amari:
164 907 647 942 Sola place cunctis; dum tbi ſolus ego.
127 936 741 974 Ouod peto non mexeor; ſedtu me rede mereri;
164 971 594 1005 Et tam laudata poſſidear domina:
131 1002 673 1032 Et tam laudatos ſervemus vterque calores;
167 1035 588 1070 Ipſa meo felix. ſed magis ipſe tuo.
130 1068 663 1099 Nec nosdiſſimiles ventura redarguat ætas;
163 1098 634 1129 ernos maneat ſed calor iſte dtes.
133 1130 693 1165 Certe ego Dictynnæ puriffima umina iurs
169 1162 601 1195 Atque pudicitiæ nomina rara tuæ
135 1195 795 1228 Tam ſanctas nunquam deponam pectore curas;
779 1227 839 1253 Siue
572 1230 671 1255 NnD 4
