976 1432
182 83 633 112 GRAMMATVMLIB. I.
735 87 787 111 73
257 127 623 159 DeHſip. Andreaſiapoetria inſigni.
13 175 627 223 Mantua, quæ fueras vicino clara Marone,
53 216 648 247 Nun c ciue Hippolyra es nobilitata magis.
12 247 636 288 Rarior hoc etenim tibi laus, quo rarior ales
50 279 562 317 Eſt terris docto fœmina docta viro.
361 344 502 368 In Galliam.
17 397 621 440 Mentitur qui te dicit, mea Gellia, fuſcam:
57 431 658 466 Non es crede mihi Gellia, fuſca, nigra es.
302 497 596 531 Agrippina Neronis mater.
23 550 754 587 Quid ſæui ſuperaſſe maris mihi profuit vndas,
119 586 506 611 Si ferro nati ſum ruitura mei?
77 614 656 645 Poſteritas cuius facinus, vix credula chartis,
109 647 622 681 Horrebit, dirum & congeminaſſe nefas.
87 679 630 716 At, ſceleris tanti peragis qui iuſſa ſatelles,
122 713 575 746 Si patitur nullas impius lle moras,
89 742 629 774 O, ſaltem dominæ reſera ne pectora ferro;
120 775 579 809 Libera quæ culpæ nil meruere mali
80 802 677 833 Infelicem vterum vindex tranſuerberet enſis:
125 835 672 874 Hic meruit: quoniam publica dana tulit.
376 885 517 906 In Mfullum.
87 919 768 954 Noſtra ferunt morſu conuellere carmina Mullum.
123 953 688 986 Mullus at hic dentes non habet, haud doleo.
281 1021 596 1052 In Cinnam vulgo, nceptum
92 1068 731 1106 Deſine me, quod ſum non magno corpore, Cinna,
124 1103 603 1133 Temnere, nec vaſta tu tibi mole place.
94 1130 762 1174 Exigus quod ſum, quodque es tu maximus, hinc eſt
128 1168 668 1202 Vnum habeoplures ſunt tibi,Cinna pattes.
724 1229 795 1265 D
937 1318 966 1345 L
