976 1432
298 81 553 112 Ep IGRA. i .
752 90 792 116 57
58 119 587 155 Dona tibi dederint non peritra de
26 148 584 193 lli pro patria cecidere fugacibus armis:
57 188 580 219 Longius hic patria viuet vterque fua.
1 198 43 229 a
274 231 460 261 n Fſtumam.
1 275 711 315 Qum ſim bella rogas cur me tam rarus amatot
26 309 613 342 Ambitbella tibi es, FPoſtuma: non aliis,
383 356 507 376 Ailur.
1 375 32 391 I
7 388 666 441 Quod tua rubrica & gypſo & carbonibus atrs
56 431 588 461 Mille locis paries nomina dcta gerit:
1 454 631 492 , Quis non ſollicite cantum te iudicer, Aule,
57 492 661 535 Hae tibi, quinomen ne excidat, arte caues?
314 535 485 562 Fn Leuina.
39 572 634 616 Tingere narratur falſo Leuina capillum:
57 614 643 652 Flauus eratmeminiquum tulit illa foro-
379 665 537 686 H Dattum.
1 698 690 739 tVnica, Battus ait, toto eſt bona fœmina in orbe
57 734 652 773 Quam cupiantomnes, nullus haberequeat
56 763 759 806 Faliitur; vna mdo eſt otc mala fœmina in orbe
56 796 640 849 Aſanc quique ſuæ vir patateſte domi
358 844 504 867 I, Pxlum
57 884 719 924 Tam capiuntte, Pyrrhe, ſenum conſortia; vt p
57 917 662 958 Iam nun decrepitum peſſe videre patrem.
387 966 501 986 In Pollam,
33 1001 712 1079 lri.
234 1087 614 1119 In quendm cgnomento Sogia.
53 1132 606 1171 Doctior eſt nemo patinas detergere nemo
53 1164 636 1201 Plus bibit;ex vero Spongia noen habes,
