976 1432
932 13 974 42 æ
328 63 599 93 EPIGR. LIB.I.
756 74 801 103 s77
119 110 617 145 Ventis & tumidas nauita ſentit aquas:
87 143 693 173 Ille ſed intrepidus proram minitantibus vndis
129 176 693 208 Obuettens, ſuperat mente manuque malum:
33 207 694 241 Abiicit hic remos exſpes; cedensque pcocellæ,
128 238 645 266 Dat latus; & iuſtam combibit ore necem.
359 284 496 306 De Pontico.
80 324 733 359 Poſt Crocales preſſaſque genas, tactaſque papillas,
125 359 657 387 Ponticus ad Venerem molle parabat iter;
90 389 766 423 Dumque ampiea tenet manus altera eburnea colla,
124 421 673 453 Altera candidulum tutgidulumque femur,
90 453 702 488 Iamque moræ impatiens teneræ per deuia ſyluæ
119 485 643 521 Prætentat digito in Cypridis antra viam;
77 517 643 544 Illa. fidem diuûm obteſtans, melædis acuto
69 549 661 583 Vngne, ait hei, ſæuam ruſtice tolle manum.
76 579 655 613 Parer& vt charæ dehinc vitet damna puellæ,
110 611 579 642 Vulnificos vncos ordine dente ſecat.
152 644 730 675 De Clementis Pont. Max. fædere cum Carolo V.I533.
88 688 639 727 Qui colis Heſperiæ glebam melioris arator,
119 719 669 759 Qua Bacchi & Cereris munera larga fluunt,
84 751 604 790 Qui toties fatis gemuiſti preſſus acerbis
120 781 648 823 Orbe alio aſſidue dum nouus hoſtis adeſt;
76 814 726 852 Nunc victor. neque poſt ſorti obiiciende malignæ,
119 850 622 881 Finde ſolum; tutos pelle per arua greges:
74 880 638 912 Pone aras:accende focos:pia hura cremato:
118 908 636 942 Gaudia certa tubæ, cornua, ſiſtra ſonent.
84 939 636 980 Perpetuæ Clemens fœdus cum Cæſare pacis
120 973 586 1007 Sanxit; vt afſlictæ ferretopem patriæ:
84 1002 634 1042 Bifroniſque dei Gradiuum incluſit in æde
119 1036 573 1072 Pax bona pacato regnet vt in Latio.
85 1066 705 1108 Quam Caroli. Sanctique patris concordia corda,
52 1068 647 1148 Tam bene nuncgemino tutus es imperio.
392 1136 481 1160 C
619 1199 802 1232 Oo l
179 1210 388 1242 Tomus ſecundus
