976 1432
317 71 573 97 EPIGR. Ll D.
503 73 566 86 V9
770 84 822 107 7
38 104 635 148 Eelicem, tam clara tuæ cui buccina laudis
139 148 546 179 Et tam vocali contigit ore cani.
231 204 662 241 In Leontem indoctum, cui vxor Sopha.
45 242 680 281 Fhiloſophus qui ſit, cui littera nulla Leontes,
98 277 665 314 Ne mirere, domi ſemper haber Sophiam.
360 341 626 370 LæParſonatorum.
54 372 660 416 ir fuge fœmineos cultus: matrona virilee.
133 415 613 452 His etiam diſtent vir mulierque decet.
167 480 712 519 Inmeretriculam frondem bi radendo dpilantem
100 541 660 578 Mentis vt effrontis. profligandique pudoris
130 575 629 608 Alma parens in te prouida ſigna daret,
101 605 616 641 Arctarat denſis frontem atura capillis,
135 637 640 672 Qua ſolus inge nuus parte ſedere pudor.
99 669 567 700 Dedecus audaci deradis callida ferro,
132 702 562 734 Exſpolias natis & caput ipſa pilis.
98 731 736 766 Sed ferro, atque omni dea magna potentior are,
124 764 660 801 Submittens nigras fronte tibi ſtipulas,
98 795 660 831 Detegit vſque dolos, quin ceſſas ſcilicet ipſa
21 796 659 863 In tanta frontem frons tibi fronte negat.
375 879 526 907 In quendam,
57 919 716 961 Quod patrem te Rex vocitat, tibi plaudere nol,
130 955 560 986 Filius eſt hæres ergo erit ille tibi.
257 1021 639 1052 n nuptias Ducis cuiuſdam ſtrenui.
98 1066 715 1101 Cyprida fulgentem vt vidit crepitantibus armis
130 1098 611 1137 Obuia candidula Pax adperta toga;
99 1129 777 1170 Veh,miſeræ, exclamat, quam prælia dira parantu
130 1164 672 1199 Tu quoque nunc hſtis ſi mihi, Cyprtis, eriss
94 1193 676 1231 Quid duro tibi cum clpeo? cum cuſpide ſæua?
552 1237 652 1259 Oo2
752 1241 806 1265 Cr
