976 1432
220 86 675 111 EPIGRAMMATVMLIB. I
779 94 820 120 58
60 127 662 164 Callidior Rullus: cui quod lex Iulia in ore,
141 162 691 194 Io latuit; quamis, Nyctile, mcs erat.
388 223 537 249 In Alonſum.
54 254 690 297 Immunis quotiens ad prandia venit Alonſus,
142 297 644 326 Non edit, ah, miſer, a eſurit? imo vorat
413 357 535 377 d Olum.
58 389 678 431 Sic loquere, vt proſis:aut, ſi prodeſſe negatur,
142 431 572 457 Delectes: id ſi nec datur, Ole, tace.
217 487 705 521 Ad quendam, ſubindeſibi nomen mutantem.
61 545 625 577 Aſgo, nomen aui, genito diere parentes
141 577 639 608 Aſgus eras iuuenis, Afgus vt ante puer:
110 606 708 641 Vir quoque non aliter gaudebas, Aſge, vocari:
142 640 660 672 At poſtquam pridem factus es Aulonius,
110 670 733 704 Non magis antiquum reſpondes nomen ad Aſgi,
145 705 685 735 Quam ſ Lentinum, Panaretum ve vocem.
110 733 662 766 Dum vetus incipio dediſcere nomen amici,
137 765 695 797 Inſcriboque recens, Auſoniumque loquor;
110 797 638 826 Ecce mihi Friſiis adfertur epiſtola terris;
142 829 584 862 Inſpexit, ſubito factus es Aſcanius,
455 871 585 905 Dsa.
109 916 646 946 Muta licet mihi s, patiar te, Niſa, tacere;
145 945 663 979 Iſta vicem quando lumina vocis habent:
111 977 745 1006 Lumina tu ne conde modo; vt ſine voce loquare.
146 1009 718 1043 Hæc ego. mox geminum condidit illa iubar
110 1043 640 1075 Ili cet incumbit cœcis nox plurima terris;
141 1075 623 1106 Errat & in toto iam milii corde rigor.
2 1089 59 1113 A
109 1101 790 1138 Quid facerem, miſer, in mediis iam frigidus vmbri,
146 1139 632 1171 Ni puer ales opem, mater & ipſa ferat?
112 1168 716 1201 Conſilium res,ecce, dedit: raptim oſcula furor;
92 1203 624 1236 Lux redit; & cordi, qui fuit ante calor.
786 1237 815 1258 In
590 1239 679 1270 Oo 2
930 1337 974 1371 l
