976 1432
346 103 617 144 EPIGR.II
761 108 832 136 5
278 172 648 206 In Hernicum, vanum H ſtoricum.
103 235 770 269 Plurima quæ non ſunt,facis vt ſint, Hærnice; dum u
135 269 617 302 Ne percant, bello quæ periëere, facis
316 334 596 365 I Fabullum pedagricum.
59 388 700 427 Qui tibi promiſit toties, tot, tanta Fabullm,
131 428 622 465 ur pactis non tet. ſcire cupiſne?ſedes.
278 506 643 536 In Numanum, hominem atheum.
100 564 739 599 Omnia ſunt caſus p eet hoc vt dogma Numano
144 600 635 631 Hoc ſibi ſic fatuo dogmate ſæpe placet.
58 631 666 656 Omnia ſunt caſus caſus ſunt omria, clamat:
145 662 644 694 Ac præter caſus nil ſtupida ora crepant.
54 692 630 728 Ergo, quod vario eſi facies imitata colore
142 723 705 754 Marmora, plusr luſtris iam neque lota tribus,
54 756 644 790 Caſu erit? caſus poti quod bucca Numani
142 788 679 820 Nuper auum, Baccho turgida, conuomuit?
55 819 733 858 Caſus, quod vomitus graueolentes impiger idem
141 851 645 882 aurit, qguo rurſus qued vomat ipſe ſiet
108 882 686 914 Caſus quod putidæ veſtes? impexaque barba?
139 913 692 946 Et quod putre coput vermibus omne ſcatet?
98 945 674 977 Caſus quod digiti nigros armantur in vncos,
134 976 612 1009 Qales æthere s non Iouis ales habet?
104 1009 665 1040 Calus quod lacero quum pendet ſtiria naſo,
138 1041 674 1072 Vix vnquam iegit? & quum legir, ore legiti
100 1072 749 1103 Caſus quod fur eſt?quodee eſſe Numanus adulter
135 1103 591 1133 Creditur? & ſicam ſæpe timere viri
98 1136 702 1170 Hoc comite vt nuper vacuis ſpaciabar in aruis,
136 1168 593 1194 More ſuo, caſus cunta, moleſtus ait.
52 1199 686 1233 At ego. ſic ue tibi ſunt caſus cuncaiputabam
571 1252 673 1276 O o 4
781 1254 812 1278 In
