976 1432
202 102 641 133 PIGRAMMATVMLIB. I
91 145 583 178 Culibuit diui cunabula clara parentis
95 177 644 211 Viſcre; manſuris & condecorare triumphis;
97 211 703 241 Magnanimæ reuoca dum Nobilitatis honore,
81 242 613 274 Pacis opus reducis, poſt longi tædia belli
94 274 595 304 Te patrii ciues te Flandria gata ſalutat:
94 307 652 338 Optat & æternos vegetuam fiorere per annos;
90 338 642 367 Secantem pa trias, ſi peris tut antibus, artes.
130 369 732 399 Carolus ipſe parets meritis hæc cernit ab aſtis.
94 399 669 432 Atque ſuos lætans ribi transſctipſiſſe labores;
92 432 641 464 Sic tecum, , ſcepri ſacceſſor digne paterni,
94 464 708 496 Hoc quoque, Nat. tibi cedet poſt funera cœlum:
90 496 699 527 Sed tune popera conſcendere: nam tibi diuûm
88 528 662 557 Ipſe pater dum conſeruai ua maximus aſtra,
91 559 641 591 Præſidium populis de Chtiſti nomine dictis
88 591 606 622 Te iubet eſſe, & sub elligione tueri;
1 600 64 622 I
90 623 616 654 Venturos olimaneat quæ cura nepotes.
202 685 675 710 EPIGRAMMATVMLIB.II.
258 739 613 772 In Sannarii partum Virginis.
58 790 639 837 Nuper vt Oenotrias aciem deflexit ad arees
61 829 637 858 Chriſtus, & Eboicæ mœnia Partheno pes,
10 856 674 902 Mergillina procul qa etrhyos inſcicit vndas,
58 891 657 923 Audit ab Actia ca murmura blanda domo:
30 922 675 962 . Attentuſque din modulamine carminis hæſit;
81 953 563 978 Inde ſacroales ſoluit ab ore ſonos
24 977 632 1024 Huc ades & genitrix, intacti Virgo pudoris,
58 1017 591 1048 Arte pia ates dum tua facta nouat
57 1049 650 1083 Anne iterum arcano com pri viſcera motu?
57 1079 632 1111 Depoſitumque polo reddre credis onus?
26 1106 599 1145 Certe ego mi videor primis rrrepere cunis
46 1144 599 1175 Rurſus,& horriferæ mortis inire viam.
3 1168 691 1212 Dum meaſæpe tamen ſic mors cantetur & ortus,
56 1208 609 1241 Nec graue ſit naſci, nec mihi ſpe mori.
741 1263 773 1286 D
