976 1432
923 11 969 40 4V
264 66 564 95 EPIGRAM.
420 71 520 84 D
743 80 792 100 va
116 108 580 142 Sic voce affata eſt deficiente virum;
21 137 638 176 rgo,ego te littus naualis at vſque Tarent,
112 173 606 206 Chare vir. inceſus ſponte ſequuta tuos,
22 203 609 240 Deserar hic?diuulſa eheu tibi funere ſolo?
55 237 628 270 Inque Aſiam tuate. me ſine vela ferenti
28 264 728 302 Plautius at contra. neque mors di ſiunget amantes
56 301 637 331 Neo quæ ſtrinxit Amor, vincula diſſoluet.
15 331 579 363 Roma vale: populi victoris iuſſa valete:
56 364 608 394 Parcite; non tanti ſunt tua ſceptra mihi.
18 385 669 425 Sic ait:&, planctus media inter & oſcula, ferro
51 425 607 459 Concidit:ad manes ſpiritus vnus eunt.
247 475 609 503 Ad Candidam. caſtisimatronam.
13 515 726 548 Du Venerem te credit Amor, tua pectora tentans,
79 548 638 581 Falloraitnon eſt hæc genitrix: Niobe eſt.
226 596 635 625 Ad arolum V. de Michaele Bruto.
12 631 600 675 Carole tanta tibi toties iam debeat orbi,
56 671 600 701 Quanta tuus ſcripſi rutus in hiſtoria:
9 702 682 740 Dum fateare amen, quidquid tibi debeat orbis,
54 735 559 773 Debere id Bruto te quoque iure tuo.
173 780 643 812 In Ianelli Turr ani Cremonenſis pharam.
6 820 688 864 Sceptra pater magni quum ceſſit carolaus orbis;.
56 857 575 889 Regibus inſuero more, Pnhilippe tibi;
9 889 593 926 edere non voluit, paruoque luſit in ære
55 919 510 951 Sydera Ianelli dextera docta ſui
8 950 589 990 Illic larga ſtupes profuſi muanera amoris?
55 979 657 1014 Hic quereris parcam plus ſatis eſſe manum?
26 1007 746 1053 Quin mage diuinum venerare in vtroque parente
55 1045 594 1085 Quem decuit terris ante tuliſſe polum.
164 1105 657 1139 In Lodoiciuiccardini ſcriptionem Belgices,
6 1143 646 1188 Tuſcorum uondam genitus felicibus atuis,
52 1185 600 1223 Impoſuit nomen queis dea Flora ſuum,
695 1224 746 1256 Ar
