976 1432
398 60 702 88 NICOoL. GRvDir.
150 76 219 100 32
936 106 974 134 5
162 104 790 139 Arne, tibi aduerſos ſuperans Vespuccius Auſtros,
198 136 704 175 Sole vſtos populos noſcere mille dedit.
903 134 973 170 u
161 170 725 202 Illa tamen madidas narrando creditur aures
902 168 973 203 i
196 199 651 230 Demulſiſſe mdo. non ſatiaſſ, tibi.
164 234 738 271 Vnde alio poſitas ſtat diſcere climare rerras,
902 232 973 275 ie
195 264 679 304 Claudi quas variis belgica limitibus;
151 293 820 335 Qas henus, quas Moſa rigant. Scaldiſque fluenta
196 329 704 363 Oceanus læuum queis lauit vſque latus.
902 335 974 375 is
151 360 732 398 Ergo,alter ripæ, Arne, tuæ florentis alumnus,
903 375 974 407 s
198 389 749 430 Sigula qui expediat, nunc Lodoicus adeſt,
159 422 773 457 Guicciardina domus ſcriptore haud nobilis vno
196 456 718 492 Quem dedit: & Belgas iuſſit obire meos;
903 469 973 501 up
106 489 742 527 cilicet vt noſtris melius,, nos noſtra doceret;
193 522 775 554 Gentis amor noſtræ & gentis honor Latæ.
903 534 973 565 ai
903 564 973 595 .
348 565 690 599 Gradusr infelicitatis in amando.
162 606 859 653 Quiſquis amas, miſer es:miſer hoc mage te tam ipſo es
902 630 973 660 n
195 646 673 676 Cernere ſi domimæ non datur ora tuæ.
902 661 974 694 u
147 672 700 711 Cernere ſin liceat, nec eam tangere fas ſit:
193 706 798 742 Iam miſer hoc magis es; quo magis urget Amor.
164 736 832 781 Si quod amas cernis, tangiſque at non tamen, vt vis;
901 758 973 798 i
196 774 606 804 Nec deſiderio ſat facis ipſe tuo;
162 801 800 838 Sic miſer es certe, vt nequeas magis; vſus egenum
195 836 664 876 Atque inopem te ſi copia tanta facit.
162 864 758 907 Sin quod amas cernes, tanges, tactoque frure:
899 887 973 920 us
192 900 650 940 Iure quater felix, atque beatus eris.
158 927 759 966 Ille vtinam, O felix ego ſim, cui iugiter adſint,
193 965 686 1002 Noxia quæ perſe ſingula, iuncta beent,
899 967 972 1010 i
900 1010 970 1048 iii
383 1010 637 1043 Ad Lydiam abſemeem.
161 1055 760 1093 Cernere quando mihi tua on conceditur ora,
196 1089 710 1120 Nec bona abore tuo verbeferre licet;
901 1085 974 1129 u
162 1120 724 1159 Alloquor, & video .ffctæ ſolamina mentis
197 1153 685 1187 Deducta articulis, Lydia, ſcripta tuis:
901 1162 973 1197 lil
161 1185 695 1221 Hæc mihi ſiſtunt præſentem ſæpe petenti:
797 1221 864 1259 -
