976 1432
202 83 777 117 EIRAMMATVMLIB. II. o
341 130 508 152 AdCandidam.
73 156 697 190 ete equidem cecini contemto carmina Phæbo,
111 189 626 220 Hæc tamen ipſe Deus carina dixit amo.
57 220 636 253 Nec me temnit enim, caſtæ quicunq; ſororis
106 253 524 283 Elogium grato concinit ore meæ.
71 283 575 313 Viuite felices per ſecula plurima verſus,
105 316 601 346 Tu quoque viue, pio carmine facta dea.
70 346 587 377 Et tibi perpetui ſic conſtet cura pudoris,
54 377 581 408 Vt nuſquam pugnet forma pudicitiæ.
343 423 510 445 Ad Candidam.
60 444 624 485 Marmoraque, & longi durata rigoribus æui
49 486 630 516 Cryſtalla, & puram quæ tegit illa niuem,
50 514 678 547 Et lac, & ſpumam, & vetulos quod vin cis olores,
101 547 566 579 Lilia quod ſuperas, atq; nitore roſas.
70 578 597 611 Candoriq; tuo quod cedunt cana ligutra,
68 610 643 643 Candoris merito, Candida, nomen habes.
53 640 663 673 Dic tamen, O, quæ ſit candentis cauſſa coloris,
101 672 646 707 An, quod ſub niueo pectore torpet hyems?
338 710 511 733 Ad Candidam.
64 740 660 774 Picturare genas, neque plectere cura capillum
99 772 570 805 Eſt tibi, nec capiti gemmea ſerta dare.
54 804 626 836 Nulla ſedent nitido baccata monilia collo,
54 835 618 868 Nulla etiam tereti gemma micat digito.
47 867 631 900 Nec crinem pingui liquamine ducis Amomi,
41 896 690 930 Sanguine Sidonio nec tibi nec tibi læna rubet.
54 929 663 962 Nec forma fragili, aut sugientibus vteris annis,
54 960 539 991 Vna tibi at curæ eſt cura pudicitiæ.
53 991 763 1023 Nec lachrimæ. nec verba mouent, quæſtuſue procorum
53 1024 563 1056 Fallaceſque alto pectore vincis opes.
52 1055 698 1092 Carmina nec magnam flectunt cantata per vrbem,
52 1086 532 1118 Gloria queis Belgi diceris eſſe ſoli.
52 1118 654 1157 Et miramur adhuc tamen. dO, mea Candida, ſi tu
51 1151 574 1191 Exoſaes Veneri? ceu Venus ipſa tibi?
332 1197 495 1221 Ad Candidam.
711 1229 760 1263 Ips
520 1230 605 1258 Pp 2
