976 1432
150 75 802 110 EPIGRAMMT vMLIB. I.
47 101 679 147 Tu quoque, tu rebus mortem auerſatus amici,
126 139 543 171 Illas, atq; illum ſurripis ipſe neci.
48 165 734 208 Vitam etenim non eſt hoc ſcribere. ſed dare vitam
131 202 668 234 Quam. Lampſone, terat nulla maligna dies.
48 223 730 274 Viue igitur cunctos floren Lombarde, per annos,
125 266 642 296 Cum tabulis, vitæ cumquedatore. tuæ.
157 313 733 344 Ad Nicolaum Mameranum P. æduerſis inambula
336 346 537 376 fores templorum.
49 387 764 424 Macte animo Mamerane, pio, & præſtantibus auſs;s
133 420 588 453 Aſſeris æterno qu ſua templa Deo:
48 451 713 491 Sacratiſque adytis arces procul omne profanum,
127 484 628 516 Erroreſque vagos corripis oregraui.
1 507 714 551 Supplicia & minitans blaſphemis horrida vates,
132 546 686 578 Non hominum linguas tela nec vlla times.
48 567 691 617 Non Muſæue leues, vanuue hec dictat Apollo,
136 609 613 643 Non Helycone,polo vis venit iſta tibi.
1 633 668 681 i Mact: animo, M amerane, pio, ſic itur ad aſtra,
120 676 586 701 Laurus vbi te non interirura manet.
207 716 676 752 Ad eundem, pro eo ipſc catmine ſibi dats.
1 760 616 799 Si vati vates refero pro carmine carmen,
137 793 622 825 Hoc Pæan pater hoc Calliopæa probet.
94 825 590 858 Muſarum expertes alii dent æra poëtis.
102 856 614 884 Immunis mulam ſedula mula ſcabit.
143 892 767 937 Gratulatio D. erardo â Groibeecb Epiſcopo Leodienſium
270 931 638 966 ſub perſona ſiue imagine virutis.
140 974 759 1010 Quem monitis olim noſtris toto orbe probatum,
97 1007 774 1041 Nune pietas eneranda Patrum, prudenſque ſenatus,
109 1039 726 1071 Ac cinilis amor, patriæ & vox conſona terræ,
108 1069 745 1105 Relligioque Fideſque Eburonum pinguibus aruis
103 1102 656 1135 Imponit Dominum, & ſacratis prficit aris,
109 1133 745 1164 Noſter alumne, veni. mecum hic rege publica vota.
143 1166 665 1199 Vnica ſum clar Virtus ego ſemita vitæ.
45 1191 668 1228 lConcilio nobis, hinc, Mens ſibi conſcia recti
703 1225 808 1252 Aideat
496 1234 576 1261 Pp S
1 1383 34 1405 æ
