976 1432
203 45 793 93 Io
125 107 621 142 Suit, & ad flammas Cypria progenuit,
46 141 620 189 Quidmirer, ſi luminibus puerilibus ignes
126 172 650 204 Inlux&re? abiit membra & ima calor?
4 201 676 246 Vnde mea AÆthnæis vras præcordia flammis,
128 234 617 277 Quas ſedet Siculi tota nec vnda maris?
230 279 663 313 Ad Licoridem. imitatio Anacre ntica.
49 321 708 373 Sparſa meo nunc cana micant quod vertice fila,
131 357 568 397 Verq æui toto quod itet ore tib,
4 389 713 436 Faſtidis querulum male ſana Lycoris amantem,
131 419 639 457 Dum tibi diſparitas noa ſatis iſta placet.
48 444 722 500 Quin magis, vt doceant plectendis, cerne, corollis
132 483 584 523 Candida purpureis liliamixta roſis
117 525 784 567 De Dura epugnata a Crolo V. quo m Francia umor era;
255 557 657 594 eum ad Argeriam periiſse naufracio.
49 596 709 651 Finge sage finge mei funus tibi, Francia,magn
137 632 654 672 Cæſaris; atque Afris piſcibus eſe cibum.
40 666 655 714 Mœnia ſed ſuperat ſi mortuus atdua Duræ
137 690 687 735 Dic mihi, quid fæciet, quum rediiuus erit?
125 747 796 792 Ad Anto. Riacam, deſacræ arti ſeu Chryſopœiæ myſteriorum
269 785 652 820 veritte anigmata, ac teſtim onium.
113 825 667 868 Quam valeat ſacra ars auro mutare metalla,
143 864 575 896 Aër terra prius ſiat & ignis aqua:
114 890 659 924 Ante fluat tellus. ſiccos reſoluta per imbres,
148 921 660 956 Mi ttat ab arce ſua quos pater ipſe Deum,
115 953 621 988 nte duo frant vnum Sol Lunaq; ſydus;
150 985 637 1017 Vaneſcant tenues & ſimul in nebulas:
116 1012 727 1054 Fumidaq; in terram putreſcant nubila maſsam;
145 1048 644 1086 Et qui oruus erat. mox ſiet albus Olor;
119 1079 696 1118 Qui piger, & pennas ſenſim variatus ademptas
153 1114 586 1144 Euadat Phœnix deniq; purpureus.
54 1139 708 1183 Ac primo exiguus, magna dein mole ſuperbus,
150 1174 667 1212 Fine ſine, vſq; magis creſcat, & vſq; magis.
607 1201 821 1233 PEt
