976 1432
221 80 853 108 EPIGAMMATVMLI. 2 Sor
321 126 643 150 Ad Solem & Asroram.
102 169 675 201 hœbe celer ruiilo cui flauent colla capillo,
147 202 581 233 Et tu flauicomo præuia diua Deo.
5 204 59 220 I
102 231 722 264 Lumina quid tacrtis properatis fundere terris?
145 264 677 289 Tam cito cur Petales viſere cnura domum?
102 295 647 327 Certe ego te, Tian, potui & te, diua, carere
147 327 601 356 Affuſus dominæ molliter in gremio.
100 357 646 390 Tum quæ fida pio ſpectatrix pendetamor
144 387 631 422 Peruigil oppoſita parte lucena thori.
114 419 735 449 Num vero innocuos ſtat vobis prodere amantes
150 451 588 479 Mitia non iſud numina velle reor.
104 480 739 519 Quis tibi Cyrenen, quis Daphnen neſcit, Apolle,
150 514 630 541 In tenebris ſolitas, nocte ſilente, peti?
115 544 660 580 Aut quis deſerto dubitat, Matuta, marito,
151 574 622 610 Te ſæpe in Cephali concaluiſe ſinu?
118 602 772 640 Eſte boni, ſinite vt repetam mea tecta per vmbram
143 637 628 672 Inuidiam fugiat noſtra tegenda fides.
389 684 542 707 Ad Gallam.
110 709 722 749 Non quæ ſuda meis cupide premis oſcula labris,
152 741 770 778 Nec mihi. Galla, magi, quæ premis vda placent.
120 771 786 812 Non quæ oculis, quæ multa genis, quæ deniq; front,
148 804 736 842 Nulla placent. Quare? non mih Galla, places.
227 849 693 883 TPariculum at; incommod in moribus.
109 882 635 915 Sume nouos priſca pro libertate dolores
118 911 740 948 Quiſquis amas ; nec mel cuncta in amore puta.
109 944 653 976 Dirus odorato ſub gramine ſibilat hydrus:
152 976 641 1006 Horret & in mediis inuida ſpina roſis.
329 1022 622 1050 Ad Anum, horrenda facie.
118 1052 767 1085 Fecit Abantiades noua Gorgone marmora Pereus,
149 1084 707 1120 Tumihi Abantiades, Gergon & ipſa mihi es.
383 1130 538 1158 Ad Meliſſam.
122 1159 816 1195 Hoc ſtrophium huuc ceſtum ſparſaſq; has murice vittas
146 1194 611 1228 Quæ feſta rediens vibe, Meliſſa, tuli,
768 1230 812 1253 Fas
569 1230 659 1259 ꝑ5
1 1394 34 1419 æ
