976 1432
244 79 677 110 HENDECASYL. LIB. I.
778 93 825 116 rt
63 119 546 151 Taudentis veheris canore famæ:
124 155 521 185 Si quæ danda noui putas amici
125 186 523 217 Scriptis tempora clariora vitæ,
125 217 522 248 Quæ longe vtilius ſles locare,
123 250 501 280 Vates Argolicos agis ſuaue
122 279 535 311 Docens Auſonio ſonare plectro;
121 312 503 343 Teges funera P rincipis beatæ;
117 343 506 373 Nomen pa cificæ potita dulce
122 373 489 404 Quæ longi ſerie colatur æui.
123 404 625 439 Iſtis ſi auribus hæcnihil quod optem
120 436 597 468 Aut ſcabrum nimis aut inexpolitum,
53 447 591 499 Sed quiddam tolerabile inſonabunt;
119 500 537 531 Felix ſat fiero; & ſaris probatus
117 532 608 563 At ſi quod vereor minus placebunt,
118 563 561 587 Vulcanodabis vſtulanda flammis.
212 618 739 648 In Salm Macrinum P. impudenter mendacem,.
149 655 731 690 Dum fames miſerum & macrum Macrinum,
117 689 598 721 Nullum & tetra ſcelus timens egeſtas
117 720 572 752 Depreſſat nimium & fatigat vſque;
118 751 521 782 Ære proſtituit ſuas Camœnas:
116 783 491 813 Et, conductitius poëta factus,
115 815 584 845 Magnum carmine arolum laceſſit:
115 846 533 877 Dum criſtas aquilan timere galli
116 877 537 908 Fingit ſcilicet; & facit fugacem.
118 908 610 939 Ac ſi di js platet haud veretur amens
116 939 469 964 Peius addere; miſcuiſſe diri
116 971 551 1002 Sanctum pocula sCæſarem veneni.
118 1002 631 1033 Quid non, macra fames, iubes malorum?
115 1034 582 1065 Aut ſcelus qnod i nops times egeſtas?
147 1064 535 1095 Sed quid futilibus ſuis ſuſurris
116 1096 508 1127 Veſanus temerarius Macrinus
115 1127 560 1158 Vel ſperat ſibi, poſtulatve tandem?
116 1159 507 1189 Surda an poſteritas vt aure fiat
113 1190 497 1223 Diri carminis impijs venenis?
514 1228 603 1258 Q
769 1238 819 1262 el
