976 1432
293 77 618 107 FVNERVMLD.
755 88 819 112 62
106 115 691 149 Aut Hagij nemoris denſas errare per vmbras,
143 149 553 180 Et ſolitis alacres ludere deliciis.
60 179 651 213 Forſitan & lepidis nos admiſcere ſuſurris,
147 211 681 241 Heſperiumq; iuuat commemorare ſolum.
61 242 717 277 Cæſaris & forſan magni dum mente reuoluunt
144 275 729 306 Gratum animum, atque mei pondera ſeruiti;
911 269 967 298 E
55 304 728 335 Sultificas & opes, vmbrarum & ſomnia hono res,
911 318 967 346 E
143 336 639 367 Multaque denobis omina vana ferunt.
111 367 717 396 Forſitan & manibus teritur nunc littora noſtra,
144 397 676 429 Heu, nimium propera littera mi ſſa manu,
79 429 616 462 Febriles ſe iam pridem fregiſſe calores,
140 462 576 494 Iamq; tibi quarros leniter ire dies.
109 492 701 522 Non tainen audiuere, febris quo erratica ductu
144 524 618 557 In quartum reditus fixerit ante diem.
106 555 721 588 Non etiam, vt ſe poſt quartanæ iunxerit hydrops
142 587 591 616 Dirus, & à iiullis exſatia ndus aquis:
109 616 690 648 Non intem periis ſuerit vel maxima cauſſa
141 648 587 681 ndulgens mali copia quod ibyci
97 679 733 713 Omnia quæ ad notas Dea garrula perferet aures,
146 711 644 743 Quæ cita pe? terras & freta lnga volat
101 742 656 773 Sic ridet pelagi confidens nauta tumultus,
142 774 666 806 Æ quora pacantes quum videt Alcyonas;
111 804 653 833 Turbida cui eœli tempeſtas imbribus atris
143 836 682 870 Iam feriet quaſſam in nauf aga ſaa raem.
111 868 592 899 Felix genitotl licuit cui triſtia natæ
147 898 563 928 eruertiſſe ſuis funera funeribusl
78 928 663 963 Tu neque non felix mater, fraterue ſororue
144 961 662 994 Queis aberunt ſc ripto triſtia multa meo,
95 992 667 1022 Non ſubito ambiguæ credetis nuncia famæ;
145 1024 700 1056 Sunt magna exiguæ commoda ſæpe moræ
109 1054 638 1087 Bis ſeptem ſi non natarum funera præ ſens
143 1085 621 1118 Spectaſſet Niobe, non foret ipſ lapis.
98 1116 681 1150 Rex neque Cret;us ſpeculâ ſe mittat ab altâ,
143 1148 569 1179 Ni videat Theſei carbaſa nigra ſui.
88 1181 661 1214 heſſalicis victrice rate quum redditus oris,
706 1217 792 1250 Negle-
1 1395 43 1427 æ
