976 1432
393 75 694 102 NICO. GRVDi
174 75 235 100 624
1 82 69 118 I
217 113 748 144 Membra manent iſto contrumulata loco.
1 116 69 139 u
186 144 733 177 Famâ etiam late nomen crebreſcet in orbe,
220 176 777 207 Carmie quod gratinon breue nacta viri es:
187 207 805 240 Qui nunc, heu. mentem non conſolabilis ægram,
219 238 742 265 Luctiſonis ſine te, fletibus ora madet.
189 270 841 304 Nec tamen heu, lachrymis ſperat mulcere dolorem:
219 301 735 333 Haud perit at flendo paſcitur ipſe dolor:
186 334 802 364 Paſcitur ipſe dolor memori per tempora mente,
218 364 729 395 Dum ſecum bona, quæ deperiere, putat.
187 395 755 431 Aurea nec Phœbe rutili neq; luminis Eos
220 427 684 458 Certabant decori lux mea clara, tuo.
188 458 771 488 Occidis ecce tamen, mediâ ſubducta iuuentâ;
223 491 693 522 Ac pariter virtus, ingeniumq; iacent.
1 508 63 548 l
186 522 762 555 Ec quid? qui ttemulo vertex radiabat ab auro,
1 542 50 569 I
220 554 649 579 Fiet deciduis calua retecta comis
189 584 825 616 Cætera cur memoremi cur gaudia lapſa recenſens.
220 616 699 647 Damna per in luctus ingenioſus eam?
187 647 752 680 Quid Pomona ſuis venena adducis ab Afris?
184 680 686 710 Debueras nocuis linquere nata feris
188 711 746 742 I, nunc puniceæ celebra medicamina ſyluæ,
220 742 677 773 Acti, & œoniis finge iuuare modis;
158 774 774 804 Pallentiq; graues dic pellere corpore morbos;
912 784 973 811 u
222 805 679 833 Quæ lethi dominæ cauſſa fuëre meæ.
911 811 970 854 u
190 837 850 869 Quid querar, , Coniuxsquoue hinc veſtigia vertam?
222 869 744 898 Ni nuſquam apta meis vlla medela malis?
192 898 784 930 Si mihi tu nuſquam esiſit te, chariſſima rerum,
225 932 676 956 Non teneo? dulci nec licet ore frui?
187 963 849 999 Ac neque te referant quæ vultu pignora linquis?
913 976 974 1004 u
218 994 706 1023 Et ſterilem nobis dij voluëre rhorum?
876 1004 972 1039 us
153 1026 764 1058 Viuere ſic, ſine te, non erit mihi viuereverum
911 1039 969 1069 u
220 1058 728 1087 Defectam longâ ducere motte animam.
188 1089 737 1121 Ergo. O fatales mihi nunc abrumpite Diuæ
220 1122 770 1151 Si qua manent terna penſa trahenda manu.
190 1151 782 1186 Ceſſant: tu tonitrus & ſuæ lampadis ignes
220 1184 644 1217 n meſi pie tasdeiaculare, pater.
906 1202 970 1230 .
837 1224 950 1259 Aut
896 1371 974 1388 E
