976 1432
257 69 602 102 FVNERVM.LIBI.
764 82 817 107 6a5
96 112 709 149 Aut tu, Perſephone, melior Ioue, terra dehiſcat
132 147 618 181 am iube; pateant qu loca nigra milii:
98 177 661 210 Triſtia qua fugiom ſpecta cula ferreus ille eſt
128 210 633 245 xempto quiſquis viuere amore poteſt.
36 231 720 275 Credite, non mouit furuas Rhodopeius vmbras;
6 267 598 308 Etcytharistygiæ non patuére fores.
34 298 685 336 Nulla polo pietas. pietas non vlla ſub orco eſt.
127 337 557 368 Non audturos parce rogare deos.
36 361 693 401 Quid loquor ah demens:æterni ignoſcite diui.
131 399 631 432 ueror. heu, quo meluctus & ira rapit.
94 430 771 465 Quid ſed agam infclixi miſero aut quid deniq; reſtat,
126 463 698 498 Cnara pt:us coſors, nunc quoq; chara mihi?
40 495 689 528 An pattiam repetoi& qui nos iunxëce penates?
128 528 553 557 S ineoq, tuænuncius ie necis?
37 554 713 588 Quid mili tunc animi quum ſolus tecta ſubibo,
909 560 972 596 E
128 590 609 620 Q reuocent chari fœdera coniugij?
1 607 705 651 i Fœdera ad octonos quæ vix perduximus annos,
2 645 58 677 I
125 651 559 680 Poſir primas ſocii delicias thalami?
1 678 769 714 Quid mihi tunc animi quum priſcæ conſcia flammæ:
126 715 621 746 Ante oculos ſtabit ſylua videnda meos?
89 744 733 777 Nec taen heu mecum notis ſpaciaberis vmbris?
124 777 653 808 Nec iunges preſſo in gramine molle iatus?
1 803 709 842 v Ire iterumin lachiryma ſtillantes omniacogent
121 841 571 873 Lumiia ſollic itis obruta mœſtitiis
29 862 616 901 Infline igitur ſedeam cerudelibus aruis,
123 904 600 934 Quæ medium meme ſurripure mihi?
1 927 713 966 Non ego non poſthac tanti monimenta doloris,,
907 952 966 1013 I
72 967 652 997 Nec videam. extinctam qui tenure lres.
1 991 671 1027 Non te d gna licet ſpectar., Mantua, cernam:
122 1028 661 1061 Occiduus fugiam qudquid & orbis habet.
1 1051 710 1090 MQuin etiam valeas, mihi dudum maxime Cæar:
124 1091 711 1124 oc quoq;ui vereor nunc graue nomen erita
2 1124 713 1157 Iamq; niuoſa deo perrumpere clauſtra Pyrenes
1 1156 61 1179 I
120 1155 554 1188 Et glaciata gelu ſtat ſuperare iga;
4 1180 632 1222 nde per audaci ſeu concita lumina pinu,
723 1222 788 1248 Sue
176 1220 375 1250 Tomu oecundus.
565 1223 614 1250 R.
