976 1432
347 84 716 121 NIC OL. GRVDII
157 93 198 113 66
188 123 648 156 Siue rotâ volucri, currere detur iter.
156 155 772 193 Atque vtinam ipſe ſuas Areas Deus adderet alas
1 181 52 211 I
190 187 682 223 Acriſion ades vel mihi ſternat equum
159 217 771 256 Dum longse te, terra nocens Hiſpana, relinquam,
193 248 669 287 Quo veniant de te nuncia nulla mihi.
914 269 973 295 l
159 281 654 319 Te fugio, tellus infamem funere tanto,
915 294 973 330 lE
193 311 625 345 Obruitur veſtro gloria noſtra ſolo
161 343 759 381 Te fugiam quæ iniuſta rapis mea gaudia. tellus
194 374 686 412 Impiaſineſcisviſcera noſtra premis:
162 406 800 444 Viſcera quid dixiimentem premis impia noſtram.
195 439 856 474 Heu premis, heu noſtrum tuq animum, atq; animæ.
163 472 738 509 Sedquia fata iubent tibi raptos æger amores
193 501 697 539 Depono,referat quos mihi ſumma dies.
317 552 678 584 In mortem Ioanni Secndi fraris.
163 594 777 626 Siccine in æternam clauduntur lumina noctem,
196 626 666 659 Lumina perpetuos digna videre dies?
162 656 764 692 Siccine pallentes raperis, germane, ſub vmbras?
195 689 654 716 Victima ſic Orci nil miſerantis abis?
162 720 659 752 Nec tua te virtus. duris erercita rebus,
195 752 668 785 Nec tua te pietas, nec tua notà fides,
162 785 791 816 Nec ſanctæ ſtudium Sophiæ remorantur euntem?
194 817 706 850 Eloquiumue potensiingeniumue ſagax?
853 821 973 858 .ſ
161 849 706 880 Arte Promethæâ quid viuas ducere formas
193 881 654 904 Profuit?aut cœlo ſaxa animaſſe tuo?
914 886 973 917 u
161 911 680 942 Alciatoue ſacras leges didiciſe magiſtro,
193 943 683 975 Qui facit Inſubrum clarius eſſe ſolum?
160 975 713 1002 Aonos aut dulces iam tum nouiſſe ſorores,
913 981 973 1012 u
193 1008 735 1039 Curſabas patrium quum puer ante larem?
914 1012 971 1047 q
160 1040 775 1072 Cui mox Cyprigena iuueni, cum matre, Cupido
914 1046 971 1075 u
190 1072 667 1103 Blandus Acidaliis ora rigaret aquis,
914 1076 974 1108 l
158 1102 671 1126 Firmior ætate vt faceres certantia morti
159 1134 721 1166 Carmina, Thymbræo doctus ab ipſe Deo:
160 1166 753 1198 Quæ caneret facili dominæ blanditus amator
190 1199 689 1232 Quæ gemeret duras peruigilante fores.
786 1234 915 1270 Ergo.
2 1227 51 1252 s
1 1252 48 1274 I
1 1363 76 1383 i-
