976 1432
266 86 598 119 FVNERVM. LIB..
760 106 806 131 62
90 125 674 170 rgo, nec audiuit te carminis author Apollo
127 160 585 192 Ergo, pi vates turba profana ſumus:?
99 189 709 233 Cura deûm fruſtra, fruſtra ſacra turba vocamu,
127 222 687 259 Mors quoque ſi ſacris non minus atra venit.
96 252 643 288 At, tibi, dij facerent, melior pars iſſet vt æui
128 284 597 316 Quum ſecuit vitæ ſtamina Parca tuæ.
85 316 653 349 Crudeles diuæ, Stygiis depoſcitis vmbris
128 347 673 381 Luſtrum cui quintum claudere non licuit
85 377 707 418 Dij facerent, interque manus atque ora tuorum,
126 410 568 443 In patrioque ſolo te potuiſſe mori.
77 441 661 478 Vndique præruptis ſingultibus ora ſonarent;
128 474 676 506 Solaque non fleret te modo noſtra domus.
93 505 714 541 Mœſtus vterque tuam fleuiſſet Catſius vmbram
128 536 576 572 Catſius in verſu clarus vterque tuo.
83 567 618 599 Clericus & fleſſet qui fuſcâ ſub cute velat
125 599 565 627 Pectora non tacta candidiora niue.
83 629 591 662 Goclenius rapti ploraſet funus amici,
126 662 558 689 Goclenius nullis vatibus inferior.
91 693 689 728 Atque ali, longo lachrymaſſent ordine amici,
125 725 550 751 Sectantes mortis dira feretra tæ.
84 756 694 793 O, quam multa graues educens pectore queſtus
126 787 637 821 Corriperet madidas vngue puella genas?
91 818 744 854 Ipſa quidem ante alias flens charum Iulia vatem.
125 851 563 883 Illa tuus frater, Iulia primus amor,
90 881 548 914 Iulia formoſas inter victura puellas,
126 915 539 942 Vatis amatoris munere clara ſui,
90 944 735 981 Immiti ſpargens myrtumque roſamque ſepulchro,
124 976 596 1007 Condiret lachrymis fu nera deciduis;
85 1008 646 1044 Oraque de largo imprimeret turgentia fletu
124 1039 586 1072 Vatis amatoris, dona ſuprema, genis.
89 1071 671 1103 Tum longæua parens,. nati complexa cadauer,
122 1101 656 1138 Mixta daret tepidis oſcula cum lachrymis.
90 1132 663 1178 Et non vna ſoror, laceros turbata capillos,
122 1163 570 1198 Et lanians ſæuâ pectus & ora manu,
88 1196 655 1234 Et tumulo terni, iunctiſſima pectora, fratres,
525 1238 615 1260 Rr
726 1246 786 1273 Dirs
1 1386 47 1417 æ
