976 1432
399 94 703 118 NICO L.
178 99 229 126 (
1 125 63 179 l
209 134 682 173 Diro cum gemitu florea ſerta darent.
180 166 712 204 Aut, te ſi patriâ procul acceſſuq; tuorum
1 172 33 193 I
1 187 58 223 I
213 197 634 229 Inuidioſa deûm fata tulere mor,
185 229 712 263 Saltem non diui ſpectaſes vicus Amandi
216 260 675 299 Implentem vitæ munia ſumma tuæ;
184 293 763 328 Nec ſatis à patriâ prope complexuq; tuorum,
218 324 708 362 At neque ſat noſtrâ de regione procul
187 355 741 396 Nigra dies melius rigido clauſiſſet ocellos,
219 388 697 420 Sub deſertorum rupibus Arragonum:
189 417 812 456 Siue Tagi ad ripas, calidi ſub lumine Phœbi;
222 449 704 488 Arida quum febris clauderet ora ſiti;
191 481 847 524 Quum ſæpevt memininequidquam fata precatus
225 516 662 546 Senſiſti ſurdos ad tua vota deos.
192 544 685 581 Serius vt certe veniſſentnuncia lethi,
916 573 969 605 s
224 579 639 609 Veniſſent domui ſic leuiora tuæ:
191 609 835 649 Et genitrix, quæ nunc ſubito exanimata doloreeſt,
226 640 755 671 Sen ſi ſſet medicam temporis eſſe moram.
192 672 784 707 Forſitan ipſa etiam minuiſſent tanta locorum
223 705 771 741 Interuallaali quid;quod propiora ncgant.
192 735 759 770 Nec tam certa tuæ manaſſet fama ruinæ;
226 768 683 797 Eſſent nec lethi tot monimenta tui
898 775 972 811 u
193 799 973 842 Lenius ipſe equidem ſic tunc mea damna tuliſſem,C
225 832 679 862 Redditus aſſiduis durior vſq; malis
195 864 832 899 Quum meaquid grauius lenti poſt tædia morbi
227 896 643 923 Coniux eſt furuas ire coacta vias:
910 905 972 933 te
196 927 785 960 Nec charam illius potui comitarier vmbram;
229 960 682 993 Vt ſequirer duræ non voluere deæ.
197 991 821 1029 Quis ſcit an ipſe etiam tunc æquius occubuiſses,
228 1024 730 1056 Languidus & fractus pene dolore meo?
197 1055 812 1088 Certe aliquid fuerat quoſdam ſpectare tuorum;
232 1087 826 1121 Quodque oculos tegeret fratris ainata nanus:.
196 1118 785 1150 Et umulo noſtræ componi poſſe bellæ:
908 1132 973 1162 u
234 1152 725 1184 Quodq; vnus fieret mixtus vterq cinis
205 1183 767 1215 e ſubiuiſſent Venerilla eæraq;, flnus,
909 1187 974 1233 v
235 1215 727 1255 Quas Hiſana tibi conciliarathumusa.
843 1240 912 1285 æe:
