976 1432
921 1 969 34 V
136 24 193 45 d
271 72 605 101 FVNERVM. IB. I.
758 80 811 107 69
101 113 639 154 Hæc quoq; frigenti tot baſia figeret ori,
142 148 660 183 Quot ſolita eſt viuo figere, quotq; modis.
61 179 787 216 Ipſe ego thura, ſacraſq; darem cum carmine lauros,
141 213 625 244 Quæ tua promeruit nil temerata fides,
57 230 713 287 Quam longum paritet conceſſos egimus annos,
135 274 642 309 Seu fors blanda mihi. ſeu mihi dura fuit;
55 296 663 340 Quo me cunq; tulit fati imperioſa poteſtas,
138 337 660 370 Cſa ris ex terno dum vagor orbe comes,
108 369 738 402 Quem dominum late occaſus veneratur, & ortus,
140 400 691 432 Et plaga ab aurifero quæ tepet vſque Noto.
108 432 671 462 Pinigero, O quoties hærentes vertice nubes,
143 465 591 497 Quæq; Pyrenæo nix iacet alta iugo,
108 497 668 527 Tecum vna potui celeri percurrere manno?
141 527 622 557 Sæuaq; ab hyberno ſrigora ferre Ioue?
107 557 733 589 Tecum vna Heſperios quoties contemnere ſoles,
141 590 671 622 Finderet arentes quum ferus ardor agros:
109 621 642 652 Ilicis. quoties tecti requieuimus vmbra?
144 652 705 685 Quum dedit alternos noſtra Thalia modos?
109 685 578 715 O, quotes matutinas venatibus horas
141 715 669 747 Luſimus, vt caderet paruulæ præda lepus?
111 746 666 778 Tecum igitur duros potui qui ferre labores.
144 779 623 809 Qui tecum omnigenis ludere deliciis,
110 811 717 844 Cur non te potui per regna inaœmena ſequutus
152 842 686 874 ranſmitti Lethes dira fluenta nigræ?
112 874 673 898 Ac triſtes ſine luee domos ſine lumi ne lucos
138 907 574 937 Viſereirnigrantes & comes ire vias?
112 937 673 968 Inde etiam tecum Elyſios habitare receſſus,
146 969 626 1001 Quâ per odoratum ſibilat aura nemus?
114 1000 681 1031 Sic mage conſtarent fraterne ſœdera dextræ,
147 1032 649 1063 Nec meus imparibus paſſibu iret amor.
112 1063 599 1095 Veſtra mihi, diuæ toties cur defuit ira?
147 1095 653 1124 Cur trahitis lentâ ſtamina noſtra manu?
112 1126 626 1162 Imo, ego quin ferro tantos finire dolores
148 1160 715 1198 Accelero? & mihi do quod mala Parca negat
117 1192 721 1232 Nam nec longa dies mihi me placauerit; aut quæ
742 1232 811 1258 A-
531 1232 612 1258 Rr
