976 1432
340 77 702 102 NICOL. GRVDII
156 75 212 101 632
1 71 91 121 I
163 119 841 158 Nec lathrymis poſt fata locus: tenet oſſa ſepulchrum;
1 120 61 143 II
198 151 642 184 Peruolitat lætum ſpiritus Elyſium.
164 182 792 214 Conditus hic ego ſum illuſtris poſt tempora vitæ.
1 196 61 220 I
204 214 710 242 Mors mihi ſancta fuit; vita prius fuerat.
164 246 813 279 Nec iuenis iaceo ante diem; glomeraerat olim
185 277 658 308 Penſa mihi lucis plurima terna Dea.
164 309 762 341 Mercurii data ſunt diuûm mihi nomina nutu;
911 309 974 347 l
201 342 689 373 Mens c M ercurii nomi ne digna fuit:
172 371 681 407 Ingeniui felix; doctæ facundia linguæ;
205 404 636 437 æpemea & varia vita voluta rota.
165 435 709 472 Ipſe tamen iuſti aſſiduus ſeruator & æqui;
204 467 659 498 Et mens in ſanctis vſque fuit ſtudiis.
912 484 973 512 s
165 499 702 530 Cnra fuit mihi prima Dei, fuit altera cura
205 532 632 563 Publica; terreni tertia cura Iouis.
165 563 792 595 Ila meum rurſus nomen. mea commoda curans,
208 595 694 627 Auguſtis quoties dona dedit manibus?
165 626 636 659 Tempora pun iceo velari cana galero
204 658 685 684 Præulis Auſonii dextera ſancta dedit.
175 690 820 727 At fateor ſenſi quum iam mihi morte cadendum,
903 707 973 743 pu
209 722 648 755 Optaui in patria me potuiſſe mori.
910 743 973 774 up
166 754 806 789 Sed quanquam occiduus morientem vidit Iberus,
909 772 972 807 t
142 786 711 817 Accepit patrium non minus oſſa ſolum
909 806 972 838 I
164 819 784 853 De me pauca loquor: nam pro me fama ſuperſtes
202 850 641 882 Dicet, & in longa poſteritate colar.
441 906 595 937 Selæa Vigini.
163 951 854 989 Quum ſua flammiuomos tellæ Mors clauſit ocellos,
183 984 726 1016 there tunc duplices ſe occuluere faces.
455 1044 587 1067 Inrominato.
896 1048 973 1087 u
162 1096 755 1132 Me pater è nata genuit; genitumque trucidat:
198 1131 701 1160 Ac. ne quis noſſet. nomina nulla dedit.
160 1164 751 1197 Exponor , velut ignotum dedit ille ſepulchro:
187 1193 620 1227 Inferiaſque nepos à genitore tuli.
791 1244 909 1265 Pareti-
1 1366 37 1383 d
