976 1432
267 77 622 103 FVERVMLIB. II.
772 84 815 117 6s
141 120 690 152 Ae puerum ardentes ſub vada ſalſa trahunt.
60 142 738 186 Ah, crudelis amor puerum quid perdis amatum?
136 183 670 211 Immeritam pulchro iam bibit ore necem.
48 207 760 247 Gaudia quæ longum poterat ſperaſſe per æuum,
136 246 613 275 Dilectum magnis cui nocet eſſe Deis?
317 291 595 320 Felici, nomine ſimul & re.
50 319 660 364 Felix nomine eram; nec ſolo nomine felix:
138 359 639 393 Felix ſed vita, me quoque iudice, eram:
51 393 616 425 Sorte mea lætus, facilis caruiſſe negatis.
1 424 652 456 Tu quoque ſic felix, ſi ſapis, hoſpes, eris.
307 471 581 502 Matthæo lah ungato.
49 513 695 547 Marmore ſub picto Matthæus claudor Olahus,
138 544 595 575 Vrbs quo Laſuaros præſide tuta fuit:
48 576 615 602 Mirata eſt cuius virtutem Pannonis ora,
139 606 599 630 Et ſectata ſuum ciuica turba ducem.
47 634 793 677 Me tamen haud virtus, clarorum aut nomina auorum
138 669 714 702 Trans Alpes Valacho ſtemmate ducta iuuant,
47 701 711 733 Si, quem non potuit proſternere barbarus enſis,
139 732 614 768 Quum toties ſæua in prælia ſigna tuli:
884 733 921 770 I
48 759 709 801 Nunc iaceo, lenta conſumptus tabe, viator;
138 795 642 820 Nec bis terna datum cernere luſtra fuit.
34 827 681 859 Quod potuit fecit Mors dura. aſt viuida famæ
136 859 596 890 Obruitur nullis gloria marmoribus.
266 914 637 946 Adulteræ, quæ veneno ſe interemit.
102 954 625 983 Dulcis adulterii furtum confeſſa marito,
135 988 567 1013 Occubui factis conueniente nece.
102 1019 697 1051 Nec peccaſſe piget; piget at mea gaudia faſſam.
137 1051 671 1079 Nec mihi mors pna, at non tacuiſſe, fuit.
100 1081 627 1115 Hoc vltura nefas, voci indignata loquaci,
134 1114 625 1144 Quamage peccaram parte venena bibi.
101 1145 738 1181 Quæ fuerim, ne quære precor puerique, virique
134 1178 598 1208 Vulgari nomen non meruere meum.
716 1224 807 1257 Pyrrho.
