976 1432
907 1 964 39 V
264 77 631 104 EVNERVMLIB I.
762 81 814 107 41
93 114 657 150 Ergo etiam vates, & conſcia turba deorum
131 151 623 182 Imperio cedent, Mors truculenta, tuo?
40 182 713 212 Ipſe pium cinerem defleuit Pbœbus ad vrnam;
131 211 561 240 Luxit & euulſa Calliopæa coma:
55 231 701 279 Et. quando nequeunt ait impia fata moueri,
131 273 607 302 Parcere productis neſcia ſtaminibus
51 297 656 342 Mens. age, cœleſtem patriam lætata reuiſe
131 336 658 366 Nil tumulus præter corpus inane tegat:
25 357 718 403 Nomen inextinctum reſonet terraque marique,
135 397 649 428 Et fama gemi num pulſet vtrinq; polum.
51 427 667 467 At vos, quos docuit, Latij ſermonis alumni,
132 461 602 493 Vox quibus audita eſt illius ore, mea,
51 474 633 531 Erepto violas orbi properate magiſtro;
131 524 654 555 Terraq de veſtris immadeat lachrymis.
162 563 743 598 N. Bano, Hispano, medico, Anduepæ àmeretriec
327 597 566 629 per ſopnrem iugulao.
48 637 588 680 Ergone Banre iaces cœlifatalis ab ira?
133 668 679 699 Anne ideo ad Scaldim miſerat vnda Tagi
71 701 621 734 Sæua ſoporatum quo te iugularet amica,
132 732 586 759 Per noctem nummis inſidiata tuis?
99 762 738 798 Nec tibi profuerunt monſtrati ab polline ſucci?
133 794 549 830 Nec pro te felix ars fuit vlla tibi?
100 826 630 857 Non fatum, aut læſit cœli reuolubilis ira,
134 859 579 893 Pto fato potius ſed mihi culpa fuit
103 890 740 920 Cur etenim oſtentans collectum perditus aurums
132 923 570 959 Ilexi diras in mea damna manus
103 952 739 989 Quiſquis es O taciturnus habe quodcunq paraſti.
135 986 586 1017 Solus & exemplo diſce cubare meo.
259 1040 635 1072 For uno Aſſ tao Mathematico.
103 1084 383 1115 Affaytate tuæ Forun
383 1083 571 1113 gloria gentis,
136 1115 570 1151 Arcana Vrani cui ſia ſcie dedit,
86 1149 406 1183 Pos longos terau
427 1145 713 1180 1s Plagique labores,
132 1179 503 1210 Audijtt tipa i cc.idiflt ſa
168 1213 351 1236 Tom Secunds.
752 1216 804 1249 u
