976 1432
909 12 957 39 4
289 76 652 102 VNERVMLIB.II.
781 81 835 110 a
140 119 621 150 Nec mors æternis vatibus vlla venit.
123 153 635 184 At fatis parere meam, te temnere fas &t,
147 183 620 213 Perpetuum Elyſijs perfruiture locis.
122 215 746 247 Laudibus ornaſti patriam: memor illa rependet
155 246 622 277 Elogium ci neri, dum ſtabitipſa, tuo.
124 277 693 311 Quin etiam ventura licet ſi pandere Parcis,
155 309 776 342 Et noſtrum quidquam ponderis omen habet
122 340 643 364 Iſtius vtifaciem obruerint telluris, arenæ
158 370 644 401 Quas vomit emotis Ennoſigæus aquis,
123 401 638 435 Ipſe per ora virûm volitabis viuus: & illa
155 433 673 462 Nomen inextinctum poſt ſua fata feret.
304 477 650 503 Ptro Druhexio, medico eximio.
124 523 744 553 Fatorum fuerat cui promptum inuertere leges,
156 553 660 591 Quo ſedit vacua vindice naue Charon,
124 584 668 616 Inuitis poteras qui ducere ſtamina Parcis,
161 615 632 648 Arteque præcipites ſuſtinuiſſe colos;
126 645 745 677 Et ſua cui Lycius transſcripſit munera Phœbus,,
160 677 649 709 Et cui Phyllirides ceſſerat monius,
129 709 666 743 Magnus in exigua Bruheri conderis vrna;
162 739 630 774 Quæque alijs, artes non valuere tibi.
309 798 651 830 Caroliab Haerlar Thodorici filio.
130 841 782 875 Clara Ducum titulis Burgunda àſtirpe propago,
160 875 697 906 Nuper & Herlaræ ſpes ego ſumma domus,
131 905 808 936 Carolus hic recubo; quem ſextum claudere luſtrum
163 937 613 969 Sors veruit, cœptis inſidioſa meis.
131 968 647 1001 Sdnniaci ſaltus obeo dum munia cuſtos
164 999 641 1033 Imperijs, o, rex magne Philippe, tuis;
131 1031 728 1064 Traiectus volucri candentia pectora plumbo,
146 1063 570 1095 Pro fida exitium ſedulitate tuli;
131 1094 734 1126 Paruula naſcentem quondam Viluordia vidit,
164 1125 698 1157 Nunc Bruxella meæ eſt conſcia facta necis.
131 1158 718 1188 Plura alij referant. mihi de me dicere tantum
164 1189 651 1225 Hoc liceat, nullimemocuiſſe grauem.
540 1227 612 1247 Se -
753 1230 833 1254 cd-
