976 1432
286 68 665 93 FVNERVM LIBII.
781 74 825 100 645
151 110 675 141 Cuius & obſtupuit turba nouena modos,
64 142 742 174 Parthenopes decus excelſæ quando occidis, Acti
148 174 601 204 Syncere, Aonij fama ſecunda chori,
60 195 689 238 Fons Aganippæus tedefleat omnibus vndis,
146 236 581 267 Aon & e ſacris te gemat ipſe iugis.
57 267 659 301 Et, quæ Virgilijtellus tegit oſſa Maronis,
145 299 687 330 Te tegat; & ſimilem proximus inde lapis:
55 330 819 361 Quem circùm æternas Lephyrus pater educet herbas:
143 361 649 391 Myrteaque in tota ſylua ſuſurret humo.
263 403 660 439 Iuſtinæ irgini ſubta morte extinctæ.
55 443 675 478 Dormiat hæc ſancto feliciter vmbra ſopore,
153 477 686 510 Liliaque huic caſta ſpargite carpta manu.
51 509 622 541 Gloria quæ Belgis fuerat Iuſtina puellis,
141 540 597 569 Cui dederat dotes Gratia larga ſuas,
49 563 678 610 oc tumulata ſolo eſt. vacuo nil viuere lecta
139 602 590 634 Profuit, & ſocij gaudia ſpreta thori.
1 623 626 666 Intempeſtiua ſecuit nam ſtamina dextra
141 665 718 696 Atropos, in liquido dum lauit amne comam,
53 696 647 734 Exanimis c ecidit, media florente iuuenta:
137 727 578 754 Certa eſt incertæ ſemita vita necis.
280 785 641 816 Lodoico Hungæaria tegi numerale.
56 827 655 860 Te Lodoice Getæ obiectas qui debilis hoſti
138 860 682 891 Pro patriâ; in patriâ, eum patriaque iaces.
293 916 610 948 Aſtrolgo, in rixa interempto.
104 959 646 993 Fatidico vitas hominum præcurrere verſu,
136 993 568 1016 Et coniurantes fata in acerba deas
101 1025 622 1056 Aſſuetus, nequij crudelia tempora lethi,
138 1057 604 1088 Telaue, vel cauſas ante videre mei.
101 1088 741 1119 Nam quamuis tremulum radiante à ſydere Martis
133 1119 629 1151 Falciferique fuit ſemper ab igne timor;
104 1152 711 1186 Vt tamen iratum compeſceret obuia amantem
135 1183 598 1217 Sperabam liquido Cypria nata mari.
757 1219 807 1245 la
524 1217 621 1247 s3
1 1228 60 1257 l d
