<PcGts xmlns="http://schema.primaresearch.org/PAGE/gts/pagecontent/2017-07-15" xmlns:xsi="http://www.w3.org/2001/XMLSchema-instance" xsi:schemaLocation="http://schema.primaresearch.org/PAGE/gts/pagecontent/2017-07-15 http://schema.primaresearch.org/PAGE/gts/pagecontent/2017-07-15/pagecontent.xsd"><Metadata><Creator>User123</Creator><Created>2020-04-19T08:48:33</Created><LastChange>2020-04-19T08:48:33</LastChange></Metadata><Page imageFilename="0863.png" imageHeight="1432" imageWidth="976"><TextRegion id="r0" type="paragraph"><Coords points="1,1 974,1 974,1430 1,1430"/><TextLine id="r0_l001"><Coords points="65,73 65,48 2,48 2,74 51,74"/><TextEquiv index="1"><Unicode></Unicode></TextEquiv></TextLine><TextLine id="r0_l002"><Coords points="674,91 674,79 538,79 538,86 544,91 551,92 633,92"/><TextEquiv index="1"><Unicode>V</Unicode></TextEquiv></TextLine><TextLine id="r0_l003"><Coords points="674,92 634,92 612,94 551,93 542,91 533,82 517,83 516,81 367,81 367,105 674,105"/><TextEquiv index="1"><Unicode>ICOL. u</Unicode></TextEquiv></TextLine><TextLine id="r0_l004"><Coords points="63,121 63,75 54,74 1,75 1,112 29,112 33,119 39,122 61,122"/><TextEquiv index="1"><Unicode></Unicode></TextEquiv></TextLine><TextLine id="r0_l005"><Coords points="148,89 148,114 224,114 224,89"/><TextEquiv index="1"><Unicode>G4s</Unicode></TextEquiv></TextLine><TextLine id="r0_l006"><Coords points="973,138 973,99 920,99 920,139 922,139"/><TextEquiv index="1"><Unicode></Unicode></TextEquiv></TextLine><TextLine id="r0_l007"><Coords points="154,125 154,157 719,157 719,125"/><TextEquiv index="1"><Unicode>IIla etiam viſa eſt tardum placaſſe parentem,</Unicode></TextEquiv></TextLine><TextLine id="r0_l008"><Coords points="16,126 16,163 63,163 63,126"/><TextEquiv index="1"><Unicode>I</Unicode></TextEquiv></TextLine><TextLine id="r0_l009"><Coords points="973,139 923,139 918,141 918,169 927,172 973,172"/><TextEquiv index="1"><Unicode></Unicode></TextEquiv></TextLine><TextLine id="r0_l010"><Coords points="190,157 190,186 633,186 633,157"/><TextEquiv index="1"><Unicode>Sede latus claudens inferiore poli.</Unicode></TextEquiv></TextLine><TextLine id="r0_l011"><Coords points="70,163 15,163 15,204 70,205"/><TextEquiv index="1"><Unicode></Unicode></TextEquiv></TextLine><TextLine id="r0_l012"><Coords points="973,173 927,173 917,171 917,201 973,201"/><TextEquiv index="1"><Unicode></Unicode></TextEquiv></TextLine><TextLine id="r0_l013"><Coords points="647,217 730,218 730,187 536,187 441,191 201,195 148,192 148,225 284,225"/><TextEquiv index="1"><Unicode>Phryx puer hoſpitium nitidâ de Pleiade nato</Unicode></TextEquiv></TextLine><TextLine id="r0_l014"><Coords points="70,206 15,205 15,229 70,229"/><TextEquiv index="1"><Unicode></Unicode></TextEquiv></TextLine><TextLine id="r0_l015"><Coords points="405,253 681,249 681,219 521,220 351,225 233,226 202,228 188,227 188,255 371,255"/><TextEquiv index="1"><Unicode>Quinta parte, vrnas inter, habere dedit:</Unicode></TextEquiv></TextLine><TextLine id="r0_l016"><Coords points="916,233 916,269 974,269 974,233"/><TextEquiv index="1"><Unicode></Unicode></TextEquiv></TextLine><TextLine id="r0_l017"><Coords points="114,297 129,297 138,290 153,289 293,289 343,287 358,285 454,285 582,281 734,281 743,286 769,286 769,250 565,251 460,254 405,254 222,260 176,260 142,258 135,255 130,250 105,250 101,253 97,260 24,259 18,264 18,303 39,303 46,306 49,309 56,310 113,310"/><TextEquiv index="1"><Unicode>Et prope, dans mandata patri portanda per auras</Unicode></TextEquiv></TextLine><TextLine id="r0_l018"><Coords points="688,312 688,283 549,283 454,286 358,286 343,288 293,290 187,291 187,315 515,315"/><TextEquiv index="1"><Unicode>Phœbus, ad Aſtreæ limina nota domus.</Unicode></TextEquiv></TextLine><TextLine id="r0_l019"><Coords points="68,316 60,316 50,313 48,309 42,305 31,305 31,345 40,348 68,348"/><TextEquiv index="1"><Unicode></Unicode></TextEquiv></TextLine><TextLine id="r0_l020"><Coords points="915,304 915,346 974,346 974,304"/><TextEquiv index="1"><Unicode></Unicode></TextEquiv></TextLine><TextLine id="r0_l021"><Coords points="720,313 463,316 211,324 154,323 154,348 467,348 578,345 707,345 712,348 720,348"/><TextEquiv index="1"><Unicode>Iuncta ſoror dextram roſeo Latonia Phœbo</Unicode></TextEquiv></TextLine><TextLine id="r0_l022"><Coords points="343,381 394,381 457,378 516,378 547,376 656,376 656,346 468,348 429,350 318,351 246,355 190,355 190,384 261,384"/><TextEquiv index="1"><Unicode>Spondebat longos viuere poſſe dies.</Unicode></TextEquiv></TextLine><TextLine id="r0_l023"><Coords points="54,385 54,354 12,354 12,387 17,387"/><TextEquiv index="1"><Unicode></Unicode></TextEquiv></TextLine><TextLine id="r0_l024"><Coords points="754,378 517,378 417,380 394,382 262,384 234,386 149,386 149,411 450,411 553,408 688,408 715,409 719,411 754,411"/><TextEquiv index="1"><Unicode>Interea tamen hic, miſeranda ſorte peremptus,</Unicode></TextEquiv></TextLine><TextLine id="r0_l025"><Coords points="59,385 17,388 7,387 7,421 17,421 24,426 59,427"/><TextEquiv index="1"><Unicode></Unicode></TextEquiv></TextLine><TextLine id="r0_l026"><Coords points="271,446 375,445 494,441 667,440 667,409 553,409 506,411 451,411 189,419 189,447 236,448"/><TextEquiv index="1"><Unicode>Ipſe meæ iaceo cauſſa pudenda necis.</Unicode></TextEquiv></TextLine><TextLine id="r0_l027"><Coords points="59,428 14,427 11,428 11,462 13,469 59,469"/><TextEquiv index="1"><Unicode></Unicode></TextEquiv></TextLine><TextLine id="r0_l028"><Coords points="573,472 647,472 647,442 494,442 375,446 271,447 236,449 147,448 138,446 133,442 122,442 122,474 502,474"/><TextEquiv index="1"><Unicode>Plus ſat forte nou, per Saturnalia læta,</Unicode></TextEquiv></TextLine><TextLine id="r0_l029"><Coords points="31,470 31,493 59,493 59,470"/><TextEquiv index="1"><Unicode>I</Unicode></TextEquiv></TextLine><TextLine id="r0_l030"><Coords points="682,473 432,475 190,482 190,503 682,503"/><TextEquiv index="1"><Unicode>Adbiberam muſti, Bacche animoſe, tui</Unicode></TextEquiv></TextLine><TextLine id="r0_l031"><Coords points="692,536 692,507 471,507 268,511 234,513 151,512 151,538 476,538"/><TextEquiv index="1"><Unicode>Rixantur ſocij: ſuccurro: miſceor armis:</Unicode></TextEquiv></TextLine><TextLine id="r0_l032"><Coords points="615,572 706,572 706,537 477,538 319,543 190,544 190,574 549,574"/><TextEquiv index="1"><Unicode>Tempora perrupit cantharus: occubui.</Unicode></TextEquiv></TextLine><TextLine id="r0_l033"><Coords points="65,534 41,534 35,537 35,570 44,572 65,572"/><TextEquiv index="1"><Unicode></Unicode></TextEquiv></TextLine><TextLine id="r0_l034"><Coords points="417,614 425,613 525,611 599,611 604,614 725,614 725,579 372,579 370,581 354,581 353,579 242,579 238,581 237,584 237,611 240,617 411,617"/><TextEquiv index="1"><Unicode>Rudolſo Carbafo amipingio diuiti, ſid</Unicode></TextEquiv></TextLine><TextLine id="r0_l035"><Coords points="66,573 44,573 30,569 3,568 3,644 6,647 66,647"/><TextEquiv index="1"><Unicode></Unicode></TextEquiv></TextLine><TextLine id="r0_l036"><Coords points="918,592 918,627 971,627 971,592"/><TextEquiv index="1"><Unicode></Unicode></TextEquiv></TextLine><TextLine id="r0_l037"><Coords points="465,613 465,641 549,641 549,613"/><TextEquiv index="1"><Unicode>ſordido.</Unicode></TextEquiv></TextLine><TextLine id="r0_l038"><Coords points="101,737 109,735 114,732 115,724 119,718 119,701 128,700 133,695 138,693 279,691 307,688 376,687 432,684 477,684 501,682 704,682 704,651 455,651 444,653 423,653 416,651 354,651 287,653 249,656 168,655 162,659 162,671 154,677 131,676 131,654 129,653 121,653 118,651 55,651 55,742 96,742"/><TextEquiv index="1"><Unicode>cabaigeneri, pata oroenigs aulæ</Unicode></TextEquiv></TextLine><TextLine id="r0_l039"><Coords points="451,714 515,715 567,713 675,713 675,684 478,684 343,689 307,689 279,692 191,693 191,718 368,718"/><TextEquiv index="1"><Unicode>Sectator longum, Carole Quinte, tuæœ,</Unicode></TextEquiv></TextLine><TextLine id="r0_l040"><Coords points="471,745 734,745 734,714 567,714 515,716 451,715 400,718 267,721 234,724 149,725 149,754 214,754"/><TextEquiv index="1"><Unicode>Atque Palatini titulo Comes, atque ſacerdos,</Unicode></TextEquiv></TextLine><TextLine id="r0_l041"><Coords points="916,736 916,772 974,772 974,736"/><TextEquiv index="1"><Unicode></Unicode></TextEquiv></TextLine><TextLine id="r0_l042"><Coords points="469,777 558,776 710,776 746,778 746,746 579,745 471,746 315,752 184,755 184,781 359,781"/><TextEquiv index="1"><Unicode>Doctor, eques, cantor. ſcriptor Apoſtolicus,</Unicode></TextEquiv></TextLine><TextLine id="r0_l043"><Coords points="259,815 320,814 341,812 478,809 654,808 735,810 735,778 559,777 469,778 434,780 320,782 205,787 150,787 150,818 202,818"/><TextEquiv index="1"><Unicode>Qui ſacras Solymas, qui fuſcos viderat Afios,</Unicode></TextEquiv></TextLine><TextLine id="r0_l044"><Coords points="264,846 524,840 715,841 715,810 548,809 373,812 236,818 203,818 197,819 192,823 187,824 166,824 166,848 233,848"/><TextEquiv index="1"><Unicode>Ambas qui, vt Friſiam, nouerat Heſperias;</Unicode></TextEquiv></TextLine><TextLine id="r0_l045"><Coords points="47,893 60,894 60,826 45,826 40,831 38,862 36,864 5,862 5,894 40,895"/><TextEquiv index="1"><Unicode></Unicode></TextEquiv></TextLine><TextLine id="r0_l046"><Coords points="350,875 400,875 446,873 691,872 691,842 524,841 264,847 233,849 148,848 148,880 228,880"/><TextEquiv index="1"><Unicode>Qui ſibi fecit opes aſinina voce Rudolfus,</Unicode></TextEquiv></TextLine><TextLine id="r0_l047"><Coords points="973,897 973,861 917,861 917,898 959,898"/><TextEquiv index="1"><Unicode></Unicode></TextEquiv></TextLine><TextLine id="r0_l048"><Coords points="536,908 711,909 711,874 515,873 446,874 400,876 350,876 272,880 229,880 185,883 185,910 462,910"/><TextEquiv index="1"><Unicode>Qui nunquàm vixit, mortuns hic habitat.</Unicode></TextEquiv></TextLine><TextLine id="r0_l049"><Coords points="68,898 65,895 5,895 5,917 38,917 46,922 67,922"/><TextEquiv index="1"><Unicode></Unicode></TextEquiv></TextLine><TextLine id="r0_l050"><Coords points="973,898 888,900 888,928 973,928"/><TextEquiv index="1"><Unicode>u</Unicode></TextEquiv></TextLine><TextLine id="r0_l051"><Coords points="246,927 246,960 762,960 762,927"/><TextEquiv index="1"><Unicode>Euerarde Nicolaio, Præſidi Machlini nſi fratri.</Unicode></TextEquiv></TextLine><TextLine id="r0_l052"><Coords points="890,929 890,962 974,962 974,929"/><TextEquiv index="1"><Unicode></Unicode></TextEquiv></TextLine><TextLine id="r0_l053"><Coords points="912,965 912,992 974,992 974,965"/><TextEquiv index="1"><Unicode></Unicode></TextEquiv></TextLine><TextLine id="r0_l054"><Coords points="737,971 146,971 146,1006 365,1006 526,1003 713,1003 719,1006 737,1006"/><TextEquiv index="1"><Unicode>Eurardus tegor hoc tumulo, de præſide præſes</Unicode></TextEquiv></TextLine><TextLine id="r0_l055"><Coords points="940,994 940,1010 972,1010 972,994"/><TextEquiv index="1"><Unicode>iie</Unicode></TextEquiv></TextLine><TextLine id="r0_l056"><Coords points="971,1010 947,1010 941,1008 933,1000 916,1000 916,1039 971,1039"/><TextEquiv index="1"><Unicode></Unicode></TextEquiv></TextLine><TextLine id="r0_l057"><Coords points="29,1033 35,1030 49,1029 55,1026 55,1017 42,1000 3,999 3,1033 21,1034"/><TextEquiv index="1"><Unicode></Unicode></TextEquiv></TextLine><TextLine id="r0_l058"><Coords points="470,1035 677,1035 686,1034 686,1005 431,1005 334,1007 304,1009 146,1009 146,1039 325,1039"/><TextEquiv index="1"><Unicode>Qui genitus, iuuenis reſpondi ciuica iura;</Unicode></TextEquiv></TextLine><TextLine id="r0_l059"><Coords points="55,1027 49,1030 35,1031 29,1034 2,1034 2,1096 16,1097 20,1100 28,1102 55,1102"/><TextEquiv index="1"><Unicode></Unicode></TextEquiv></TextLine><TextLine id="r0_l060"><Coords points="760,1035 470,1036 392,1039 231,1041 206,1043 144,1042 144,1069 401,1069 637,1066 708,1066 748,1067 752,1069 760,1069"/><TextEquiv index="1"><Unicode>Grandia dum fugio dum tuta &amp; paruula ſector.</Unicode></TextEquiv></TextLine><TextLine id="r0_l061"><Coords points="703,1068 490,1068 243,1073 144,1072 144,1096 703,1096"/><TextEquiv index="1"><Unicode>Inde ſenatorum Friſius me vendicat ordo:</Unicode></TextEquiv></TextLine><TextLine id="r0_l062"><Coords points="973,1094 973,1065 918,1065 918,1096 920,1096"/><TextEquiv index="1"><Unicode>i</Unicode></TextEquiv></TextLine><TextLine id="r0_l063"><Coords points="972,1096 918,1097 919,1121 932,1123 972,1123"/><TextEquiv index="1"><Unicode></Unicode></TextEquiv></TextLine><TextLine id="r0_l064"><Coords points="771,1099 524,1099 265,1104 152,1104 152,1135 277,1135 355,1132 465,1132 542,1130 693,1130 700,1131 705,1134 717,1135 771,1135"/><TextEquiv index="1"><Unicode>Quæ regio vt multos languentem viderat annos,</Unicode></TextEquiv></TextLine><TextLine id="r0_l065"><Coords points="2,1103 2,1140 54,1140 54,1103"/><TextEquiv index="1"><Unicode></Unicode></TextEquiv></TextLine><TextLine id="r0_l066"><Coords points="918,1124 918,1157 974,1157 974,1124"/><TextEquiv index="1"><Unicode></Unicode></TextEquiv></TextLine><TextLine id="r0_l067"><Coords points="714,1135 705,1135 700,1132 466,1132 304,1134 277,1136 142,1137 142,1160 714,1160"/><TextEquiv index="1"><Unicode>Iam meliore velut cœlo fruiturus &amp; aura,</Unicode></TextEquiv></TextLine><TextLine id="r0_l068"><Coords points="883,1158 883,1194 974,1194 974,1158"/><TextEquiv index="1"><Unicode>u</Unicode></TextEquiv></TextLine><TextLine id="r0_l069"><Coords points="145,1162 145,1196 675,1196 675,1162"/><TextEquiv index="1"><Unicode>Macliniæ iubeor magni pars eſſe ſenatus.</Unicode></TextEquiv></TextLine><TextLine id="r0_l070"><Coords points="935,1196 935,1213 974,1213 974,1196"/><TextEquiv index="1"><Unicode>(</Unicode></TextEquiv></TextLine><TextLine id="r0_l071"><Coords points="1,1188 1,1231 54,1231 54,1188"/><TextEquiv index="1"><Unicode></Unicode></TextEquiv></TextLine><TextLine id="r0_l072"><Coords points="140,1196 140,1231 694,1231 694,1196"/><TextEquiv index="1"><Unicode>Mox iterum Friſas præſes ablegor in oras,</Unicode></TextEquiv></TextLine><TextLine id="r0_l073"><Coords points="791,1229 791,1254 856,1254 856,1229"/><TextEquiv index="1"><Unicode>Inde</Unicode></TextEquiv></TextLine><TextLine id="r0_l074"><Coords points="1,1231 1,1253 44,1253 44,1231"/><TextEquiv index="1"><Unicode></Unicode></TextEquiv></TextLine><TextLine id="r0_l075"><Coords points="1,1253 1,1317 52,1317 52,1253"/><TextEquiv index="1"><Unicode></Unicode></TextEquiv></TextLine><TextLine id="r0_l076"><Coords points="1,1338 1,1387 36,1387 36,1338"/><TextEquiv index="1"><Unicode></Unicode></TextEquiv></TextLine></TextRegion></Page></PcGts>