976 1432
918 1 968 35 V
260 66 626 95 FVNERVMLIB. II.
771 77 821 101 64a
112 108 767 145 Atque amor, & pietas, formoſi atque oris honores;
139 141 503 173 Et qualis diuis gratia Pierijs.
114 171 696 206 Omnia falcifera abſecuit Mors impia dextra;
145 204 637 236 Ac tulit in cineres hora ſprema leues.
109 233 661 267 Infelix coniux mutam te plorat ad vrnam:
145 266 599 300 Nec ceſſat fati tempora tarda queri.
111 299 651 327 gra per ingratam tracturus tædia vitam,
145 329 645 362 Si qua manet madidis euigilanda genis.
112 359 718 393 Sed, bene, quod geminas lequiſti pignora natas;
144 392 646 421 Pignora non ſubito deſtituenda tamen
113 423 768 456 Quæ facie vt referunt matrem, ſic moribus æquent.
140 456 645 487 Viuere ſi longùm, te ſine matre, queant.
114 486 677 518 Sed benè quod tardo gla ciari frigore pectus
146 518 750 550 Sentio; teque ſequi ſpes quoque certa mihi eſt
4 539 68 579 m
114 550 775 581 Spes mihi certa ſequi eſt; gemitu irreuocabilis vllo
146 582 690 612 Quandos iaces. noſtræ maxima pars animæ.
1 604 59 635 us
113 612 749 644 Cætera quiſuperet? putet aut tellure manendum?
147 643 614 673 Opret an orba. diu parte manere ſui?
1 647 66 684 s
113 673 773 704 Te Deus at rapuit Morti, vt mihi;, chara Moyſſa;
147 707 632 737 Victuramq; domos traſtulit æthereas,
116 739 709 770 Qo tua nunc virtus huinili ſat cognita terræ,
147 770 665 800 Accipiat meritum per ſupera alta decus:
115 800 713 832 Deſuper vnde meos ſpectas miſerata labores;
149 832 734 863 Dum rigido de luchrymis ante ſepulchra meis;
116 864 743 895 Quæ quondam nobis ſtatui, & communibus ante
148 895 695 927 Conſului exſequijs, quod pia fata ſinant:
113 927 618 957 Signaq; ſolliciti cernis manſura caloris,
147 958 743 989 Quas modo nigranti in marmore figo notas,
116 989 726 1021 AEre notas nitido; quas ſpectet turba nepotum:
148 1021 644 1044 Nec tamen hic noſtri fi nis amoris erit.
114 1052 690 1084 Sed mihi nunc celeres Parcarum currite fuſi;
148 1084 738 1118 Vt cito. quæ dominam, me quoq; terra tegat:
1 1111 42 1136 M
115 1116 718 1147 Et quos iunxit amor iungant communia buſta;
144 1145 671 1179 Miſceat & tatum quæ modo mixta thoro.
115 1179 613 1210 irmaq; venturis teſtetur fœdera ſeclis
731 1219 817 1242 Hter-
537 1214 602 1243 S
