976 1432
237 69 591 94 sYLVARVM. BI.
748 80 793 107 653
80 107 600 141 Obnubens ſubita terras caligine preſit,
83 141 662 172 Et chara ante alias noſtræ comes va Danæ,
80 172 602 202 Saltibus Arcadiis, defe ſſa, Lycaone nata.
86 204 664 235 Depoſito curuoq arcu grauidaque pharetra.
84 235 716 268 Captabat molles fruticum ſub tegmine ſomnos;
86 266 666 299 Quam ſimul ac ſolam celſa deſpexit ab æthra,
83 298 608 331 Miracus roſeaſq; genas & virginis annos,
68 331 734 361 Rex ſuperum, infando mentem flammatur amore:
84 361 752 399 Et latitans cinctæ aſſumpta ſub imagine hœbes,
85 393 663 425 Securam amplexu ſuperat, ſoluitq; pudorem
117 425 673 456 An non &. primis uuenis C ephiſius annis,
84 457 789 489 Sæua hominum comitum, comitu fax ſæua deorum,
72 488 578 519 Deſertis ſyluis vagus & feralibus antris
81 520 630 551 Errauit miſer? & ſyluæ exſpirauit in vmbra
81 552 574 583 Inſelix? auxitq; nouo loca deuia flore:
82 583 643 615 Purpureas pueriq; genas, oculoſq; nitentes,
80 614 631 646 Formoſos artus pueri, geſtuſq de coros,
81 646 657 677 Et vidit ſtupuitque atque arſit Naias omnis;
81 678 723 709 Populeis ſeu propter æquam dum ludit in vmbris,
81 709 647 738 Brachia ſeu variat fugiente natator in vnda:
80 740 697 773 Ac quoties petit ima aut blandis redditur auris,
80 772 675 797 Nulla libens non cedit iter, non ſubleuat vnda.
80 804 590 836 Vos quoq; formoſo puero ceſſiſti. eunti
79 836 578 869 Frigentes piſces, atq; incaluiſtis amore.
80 868 635 898 Et vos remiag caluiſtis in æquore lintres.
79 899 611 931 Et vos frigidulæ caluiſtis amoribus vndæ.
78 931 569 964 Ipſa parens adeo nati mirata decorem
81 962 672 996 Lyriope, genitorque ſuo Cephiſus ab amne eſt.
1 953 53 978 A
77 994 765 1027 Et puerum hic dolet eſſe marem: dolet illa parentem
77 1026 601 1057 Aut ſc formoſi iunenis non poſſe negare;
78 1057 660 1089 Aut non poſſe piam deleſſe è pectore matrem,
77 1089 638 1122 Namq, volatilibus ſeu per nemora auia telis
79 1122 710 1152 Armatus. pharetraqe humeros incintus eburna
76 1154 664 1186 Dum graditur circum luſtris indagine clauſis,
75 1186 714 1221 Vulnificum ſinuauit in ltima tempora cornu;
722 1225 769 1250 Seu
1 1388 42 1418 æ
