976 1432
260 75 618 102 SILVARVM. LIB. I.
90 116 738 150 Bit licet hic gibbo,atque oculo deformis vtroque;
98 150 719 175 Texere nec calathos ſciat ille, aut vimine naſſas.
96 180 692 213 Aſt ego, non forma aut opibus non artibus vlli
90 211 609 240 Inferior, cœ lo exoſus, nec amabilis orbi,
97 243 595 274 En, ſolis iaceo reſonis miſerabilis auris;
96 275 598 306 Hiſque adeo ſaxis; olim miſerantia fata
98 307 644 337 Quæ noſtri muſco ſtrauerunt aſpcra molli.
97 338 695 369 Et mihi dirus Amor ſic torret lampade pectus,
96 369 711 400 Trinariam coquat vt non ſæuior æſtus anhelam,
98 400 635 431 Noctes atque dies. nec ſpes eſt vlla tenere,
94 431 742 463 Quam ſolam cupioquam ſolam ex omnibus opto.
94 464 681 495 Munere necreparor Cereris;nec dulcis aquai;
100 495 701 526 Nec me, terra nouos quum fundat læta colores,
95 527 654 559 Prataque florifero ſtent formoſiſſima vere,
101 557 641 590 Aſpirans leni zephyrus genitabilis aura
95 587 682 615 Flatibus ardentem recreat; nec ſub leuat æſtu.
104 619 675 652 Quæ mihi luxerunt naſcenti ſydera? vel quos
96 651 634 677 Offendi nocuus diuos? malefida Corinna,
103 680 648 716 Nuper diua mihi, quo te nam crimine læſi?
105 713 721 746 Quo non demerui potius te munere?demens
106 742 730 778 Qui non grata magis, quam me, mea dona putaui.
101 775 723 808 Sed nocuit mea magna fides. me perdidit ægram
106 806 655 836 Crudelitasnimis, ah, facilis cur deditus vni
107 839 671 871 Nam tibi, delatos aliarum aſpernor amores?
107 872 632 904 Niſa mihi poſito nudauit pectora velo,
109 899 656 937 Et cygno, & nouiter mulcto certantia lacti?
108 932 639 968 Decliui pexum dum ſiccat Sole capillum,
112 968 551 1000 Nuda genu, nudos exerta lacertos,
110 994 767 1028 Torrentem ad Sicorum; multumque morantia fixit
111 1028 657 1060 Baſia; & à noſtra longum ceruice pependit;
112 1059 709 1095 Triſte querens lucem optatæ non cedere nocti,
113 1091 658 1120 At me Niſa nihil. nihil oſcula roſcida labris
113 1123 652 1156 Preſſa meis toties nil & ſuſpiria morunt;
108 1156 666 1191 Dijmihi ſint teſtes & vindex audiat æther
111 1189 787 1224 amque ego ic, mecum;ſi linquere ſaxa tenaces
771 1222 814 1248 æ
581 1229 656 1248 2
