976 1432
297 65 634 90 sYLVARVLIB. I.
777 65 816 89 663
106 103 694 137 Et tu, Phœbe, nouos aliunde precaberis ignes;
108 138 608 170 Seraque iucumdo ridebit bruma virore;
107 170 660 200 VIla puella ſuo quum fida manebit amanti
2 185 64 211 l
137 200 732 230 Quid tamen hæc auras incaſſum teſtor inanes,
104 232 675 262 Si me dura fugis? ſi, non reditura, relinquis?
104 263 691 295 Sed cur diſpliceo tandem tibi? ſunt mihi rura
103 294 711 324 Iuncta tuis; ſed culta magis fœcundaque gleba,
104 325 805 358 Quam liquit moriens genitor mihi nuper Amyntas.
104 356 660 384 Sunt & oues; & ſunt aluearea tecta eniſtis,
105 385 706 422 Et quæ corticibus, quæ ſtramine clauſimus ipſi
100 418 650 453 Ergo floricomos ſueui ſpectare per hortos,
106 448 730 480 Gramen odoratum cafiæ & thyma cana, roſæque
104 481 676 516 Purpur: & aurati populante veris honores;
105 509 786 547 Mo quoque ſub rardas reuolantem inſepta tenebus
3 515 51 547 r
104 543 740 577 Cærea, mlle grauem, & defe ſſam crura volucre
104 574 664 609 Cecropiam tutis prædam ſubducere caſtris.
1 585 55 617 d
103 605 728 642 Agmin quid memorem mihi qu paſcantur c
104 637 717 671 Ouid, mihi barbatoſque greges, corutaque iut
4 654 32 684 p
101 671 665 701 Montibus, & referam ſyluis armenta vagat
102 698 714 731 Aut ſua rure meore petant quot tecta citn bæ
102 728 699 763 Aut, nihil vt deſit rerum, quarum iniget vſus?
104 761 693 797 Hæc ſed erant, per te licuit quum dotibus iſtis
105 793 677 829 Poſſe frui. periëre mihi iam cuncta tibique.
104 822 806 862 Nequidquam inclemens: quidenim prodeſſe, voluntas
104 857 664 891 Obſiſtat ſi dura, queat? Vos, o, mihi tandem
104 888 638 919 Vos manes, iſtas venio ſi ſidus ad vmbras,
109 917 717 958 Cætera quando meis perſtant coutraria votis
1 914 60 949 e
106 950 727 989 Eſte boni. mutate grauem mi hi morte dolorem.
104 982 687 1017 At vos, o, nuper grata vmbra, valeitis vlmi,
103 1014 630 1047 Fœderis & teſtis, periuræ & conſcia vocis.
104 1045 664 1082 Nunc neglecta malis albeſcat meſſis aueis.
103 1078 693 1109 Præfocet lolium ſegetes, ccu me ira Corinnæ.
106 1109 649 1145 Non ego, non Cereri libabo meſſor ariſtas,
106 1141 724 1175 Non mihi non pingues paleæ teret area culmos:
105 1174 664 1203 Omnia ſi votis obſunt contraria noſtris.
754 1206 817 1231 Non
