976 1432
169 62 289 89 664
351 64 703 90 NICOL. GRVDI
176 104 735 137 Non inſlare leues mihi poſthac cura cicutas:
170 138 744 170 Contempta hoc tenui pendebit ſiſtula ramo.
170 170 826 207 Non volucrem laqueo, non piſcem fallere lino,
177 201 759 234 Non madida viridans in valle putare ſalictum,
170 232 716 263 Robora nec valida proſternere dura ſecuri,
175 263 706 296 Non ſalientis aquæ riuos ductare ſequaces
171 295 808 330 Rura per, atque hortos, & oluſcula mollia tentem:
174 326 709 360 Nec leues facili iuncos implectere hibiſco.
166 358 738 390 Funiculostenui tortos neque ducere ſparto.
161 388 694 418 Omnia ſi noſtris pugnant contraria votis
174 420 751 453 Myrtilus haud poſthac pecuaria mollia radet,
175 452 741 481 Luce ſub aprica; aut fluida merſabit in vnda.
174 483 711 515 Ac neque cura ſues vernis pauiſſe geniſtis;
172 515 711 547 Seruatave famem pecori depellere glande:
165 546 715 572 Omnia ſi votis obſtant contraria noſtris.
173 578 759 611 Aurifera vmbroſis mihi non ſtet citrius hortis;
168 611 828 642 Nec vitem laqueare grauem, aut ſtrinxiſſe riuentem
173 641 761 672 Multa fronde iuuet, botroſque oſtendere Soli.
170 673 807 708 Nec mihi compreſſis fluitent noua muſta racemis,
920 700 974 730 is
169 705 656 736 Irato mihi iam nec pendeat vua lyæo.
167 736 720 767 Chara prius, pereant Bacheia munera vites;
911 767 972 802 i
173 767 747 798 Moraque, ſiue rubis, ſeu Panos in arborenata;
172 799 775 836 Punica poma. oleæ, baccæque, hirſutaque fraga
912 800 973 834 ò
171 830 756 861 Vos quoque ſanguineo lucentia corna rubore:
912 834 973 866 u
171 862 682 890 Omnia ſi noſtris certant contraria votis.
912 867 973 903 u
169 893 752 926 Contriſtet trepidas Notus atro turbine terras;
910 903 973 926 Iums
168 924 710 960 Æternoque ſilens Nox conſociata Sopore,
911 928 974 970 u
168 955 667 988 Velati gelidas nigrantia nubila ſrontes;
911 970 973 999 jt
166 987 671 1021 eucalionæis & tellus ſtagnet ab vndis:
910 1008 969 1036 l
168 1018 718 1052 Omnia ſi in terris pugnant contraria nobis.
911 1037 970 1060 Cu
168 1050 779 1088 Quin potius, tremulis ipos cum meſſibus agros,
911 1060 972 1096 t
167 1082 972 1131 Cumque agris pecus & dominum, villaſque ſonantes,
164 1113 729 1152 Seu louis infeſti iaculatum ex æthere fulgur,
914 1129 971 1160 Is.
163 1144 662 1176 Impia ſiue manus violenti militis vrat:
163 1176 973 1222 Cuncta aduerſa meis glomerant quando vndique votis.
8 1232 52 1252 l
819 1221 915 1246 Sed
8 1252 51 1277 u
