976 1432
262 67 656 96 SYLVARVMLIB.I.
771 79 822 102 665
138 105 713 138 Sed mihi genua labant: icco vox deficit ore.
101 138 709 172 Frigidus, en, totos iam diditur horror in atus;
70 172 750 206 Et nebulæ inuadunt defeſſa in lmina: & ipuſa hæc
69 202 683 233 Pendula in aerium vaneſcunt anitra colorem.
67 234 634 265 Sic iuuet immires tandem finire lauores.
145 265 718 299 Populus albenti tamen hæcin cortice ſeruet,
111 297 674 328 Quæ legat æſtiua pa ſtor reſupinus in vnbra:
108 328 598 363 Et fletus oculis uſpiria pectore ducat.
143 360 760 390 Myrtilus, vt lachrymis aduerſo exſuccus in antro
111 390 648 425 Tabut & longis vo eſt tenuata querelis:
103 423 671 453 Occidit. à ſlamis paulatim exeſus amoris:
112 454 725 490 Sæua Corinna ſuum morientem riſit amantem.
112 487 728 518 Etinctum at fontes vicinaque flumina flerunt:
112 519 655 550 Flerunt & ſcopuli: flerunt per deuia ſyluæ:
110 549 658 580 Floribus & myrtus ſparſis, & laurea baccis.
55 602 821 634 Gratulatio arolo V. quum anno c o. Valentianas ingrederetur,
190 634 735 666 Henrico Delphin, & Carolo Duce Aureliano regiu
352 666 571 688 liber comitan ibus.
112 706 708 736 Vnde noui motus? ſubiti quæ cauſa tumultus?
106 736 716 769 Vndique qu denſe concurritur? vnde repente
114 769 681 794 O ciues, vnde hæc animis tam feruida veſtris
113 801 673 832 Lætitia inceſſit? ſonitus qui verberat aures?
115 832 729 864 Quid ſacra tot ſummis reſonant de turribus æra?
117 865 668 897 Quo pius antiſtes? quo noſtræ ſigna ſalutis?
109 896 760 927 Paruorumque chorus? rutilaque in veſte ſacerdos?
116 927 703 959 Quo ruitis? quorſum muris effunditur ardens
108 960 782 989 Vulgus? & immixtæ properant nullo ordine matres?
116 990 744 1027 Qu proceres? ſanctuſque ruit ſinemore ſenatus?
139 1022 714 1050 Cæſar adeſt. An Cæſar adeſt ? an Cæſar ab oris
116 1053 674 1087 Carolus Heſperiis, eme nſus Francica regna,
117 1085 667 1117 Inuiſit patrias. mediis Aquilonibus vrbes?
117 1116 701 1152 Tantus amor noſtri ſanctiſſima pectora tangit
112 1151 699 1182 Illius?anne redis, patriæ pater, optime Caſar?
142 1181 760 1220 Ergone Cæſar adeſt ?magnus terraque, marique
529 1221 613 1246 Tt
731 1219 822 1247 Cæſar?
946 1336 974 1353 T
