976 1432
232 66 675 93 EPISTOLARVMLIB. I.
771 71 817 95 677
142 110 643 141 Congeminans diri carminis ore ſonos:
108 140 676 173 Ternaque de triplici Veneris diuerla colore
139 173 692 204 Cæreus implicitus vincula Daphnis habet:
106 203 701 235 Farraque compoſitis vritque bitumina lauris;
140 235 628 264 Vt malus vratur Daphnis ab igne pari:
105 266 764 298 Daphnidis & quodcunque tenet de corpore pignus
137 297 660 329 Limi ne ſub primo protinus abdit humo,
105 328 808 360 Quod reuocet, retrahatq; inuitum ad liminaDaphnim:
142 358 618 390 Atque domum foſſa cogat inire via.
110 388 746 416 Tum canit, vt tumidis Galatæam Mœris ab vndis
139 421 704 453 Sub ver purpureum, frigidaque antra vocet.
107 454 730 483 Tum Gallum indigno pereuntem mœret amore,
138 483 637 517 Frigora quod Rheni dura Lycoris adit;
104 514 680 546 Nec fontes liquidos, nec patra recentia curat;
136 547 739 577 Dum profugus lachrymis non reuocatur amor.
103 575 600 609 Reſponſa trices referunt ſuſpiria ſyluæ,
138 607 620 641 Ad latices claros, ſacra Arehuſa tuos.
105 638 607 671 Inde agros, ſegetes, & magni ſidera cœli
139 668 711 701 Seruanda agricolæ; & Bacchica dona refert:
105 701 667 734 Vtque tenax ſerpat vicinam vitis in vlmum,
137 732 667 765 Quæ tectam viridi fronde marita premat.
105 762 682 796 Lanigeri pecoris deceat quæ cura magiſtros.
139 793 665 827 Quo veniant ductu ſub iuga prima boues.
104 824 737 858 Arboribus quæ curanouis quæ semine iacto;
138 857 652 891 Quæque ſua, nullo ſemine, ſponte venit.
106 888 681 920 Ac ſparſam tellure Palen. quis ortis ad arma
140 918 671 953 Sit ſonipes: & quem curua in aratra legas.
105 950 638 984 Dulciaque aërij miramur munera mellis;
135 981 657 1016 Iraſque & leuium bella proterua ducum.
102 1012 653 1047 Denſaque quæ cæſis examina nata iuuencis
137 1046 617 1075 Paſtor Ariſtæus, matre monente, tulit.
103 1076 707 1109 Orpheaque vmbroſas fruſtra mulcere cateruas;
135 1107 636 1138 Ac fruſtra Euridycen præmia ferre lyræ:
105 1138 774 1170 Immemor, heu, verſuſque animi dum reſpicit; vnde
87 1172 696 1206 Aapta iterum cupidas effugit vmbra manus.
506 1208 576 1232 Vu3
730 1205 807 1230 Arme
