<PcGts xmlns="http://schema.primaresearch.org/PAGE/gts/pagecontent/2017-07-15" xmlns:xsi="http://www.w3.org/2001/XMLSchema-instance" xsi:schemaLocation="http://schema.primaresearch.org/PAGE/gts/pagecontent/2017-07-15 http://schema.primaresearch.org/PAGE/gts/pagecontent/2017-07-15/pagecontent.xsd"><Metadata><Creator>User123</Creator><Created>2020-04-19T08:48:39</Created><LastChange>2020-04-19T08:48:39</LastChange></Metadata><Page imageFilename="0896.png" imageHeight="1432" imageWidth="976"><TextRegion id="r0" type="paragraph"><Coords points="1,1 974,1 974,1430 1,1430"/><TextLine id="r0_l001"><Coords points="922,4 922,30 967,30 967,4"/><TextEquiv index="1"><Unicode></Unicode></TextEquiv></TextLine><TextLine id="r0_l002"><Coords points="93,28 93,48 160,48 160,28"/><TextEquiv index="1"><Unicode></Unicode></TextEquiv></TextLine><TextLine id="r0_l003"><Coords points="814,83 726,81 724,77 399,77 399,80 396,83 388,87 346,86 335,87 239,84 239,107 314,108 344,110 362,110 368,108 401,108 409,112 420,113 482,114 512,116 814,116"/><TextEquiv index="1"><Unicode>0LARVMELIB.I. 67</Unicode></TextEquiv></TextLine><TextLine id="r0_l004"><Coords points="398,80 398,71 227,71 227,81 235,83 335,86 388,86"/><TextEquiv index="1"><Unicode>Q</Unicode></TextEquiv></TextLine><TextLine id="r0_l005"><Coords points="617,119 410,114 408,112 129,112 129,143 206,145 264,144 298,147 360,147 534,153 617,153"/><TextEquiv index="1"><Unicode>Ipſe fui, domini iuſſa ſequutus eques;</Unicode></TextEquiv></TextLine><TextLine id="r0_l006"><Coords points="75,205 75,138 47,138 40,143 38,147 38,181 31,182 25,185 25,208 69,208"/><TextEquiv index="1"><Unicode></Unicode></TextEquiv></TextLine><TextLine id="r0_l007"><Coords points="760,154 730,154 679,151 670,156 626,157 435,150 298,148 264,145 100,145 100,173 162,173 215,176 364,178 391,180 448,181 461,183 760,183"/><TextEquiv index="1"><Unicode>Auctum de Gecico quum ſanguine videmus Iſtrum</Unicode></TextEquiv></TextLine><TextLine id="r0_l008"><Coords points="671,188 605,187 550,184 461,184 427,181 391,181 322,178 134,177 134,205 246,206 276,208 351,208 438,212 529,213 578,216 671,216"/><TextEquiv index="1"><Unicode>Voluere purpureas ad maris æquor aquas:</Unicode></TextEquiv></TextLine><TextLine id="r0_l009"><Coords points="633,218 548,216 497,213 438,213 351,209 91,208 91,235 130,235 154,238 343,239 370,241 454,242 482,244 534,244 555,246 633,246"/><TextEquiv index="1"><Unicode>Aut ego Cæſareo ſeruata tropæa Philippo</Unicode></TextEquiv></TextLine><TextLine id="r0_l010"><Coords points="676,249 585,248 534,245 482,245 454,243 370,242 343,240 141,239 141,267 146,268 233,270 338,270 422,273 676,273"/><TextEquiv index="1"><Unicode>H unc modo tut ntr mitia fata canam.</Unicode></TextEquiv></TextLine><TextLine id="r0_l011"><Coords points="724,281 645,281 559,277 475,276 421,273 366,273 338,271 96,271 96,298 247,300 298,303 503,305 588,309 724,309"/><TextEquiv index="1"><Unicode>Vt Iuuenem egregium patrias iuuet ire per artes,</Unicode></TextEquiv></TextLine><TextLine id="r0_l012"><Coords points="633,311 554,309 503,306 298,304 247,301 143,301 143,330 151,331 348,333 448,337 633,338"/><TextEquiv index="1"><Unicode>Prælia ſeu tentet, ſeu mage Pacis opus.</Unicode></TextEquiv></TextLine><TextLine id="r0_l013"><Coords points="60,344 68,344 67,317 4,318 4,346 57,346"/><TextEquiv index="1"><Unicode></Unicode></TextEquiv></TextLine><TextLine id="r0_l014"><Coords points="668,341 448,338 395,335 287,333 94,333 94,359 103,360 227,363 398,364 422,366 668,366"/><TextEquiv index="1"><Unicode>Vt, quæ debentur, malit tamen ipſe mereri:</Unicode></TextEquiv></TextLine><TextLine id="r0_l015"><Coords points="56,388 65,387 65,360 33,360 33,392 51,392"/><TextEquiv index="1"><Unicode></Unicode></TextEquiv></TextLine><TextLine id="r0_l016"><Coords points="658,371 603,371 578,369 486,367 422,367 398,365 141,362 141,393 658,393"/><TextEquiv index="1"><Unicode>Vtque liunc Antæi Barbara terra tremat:</Unicode></TextEquiv></TextLine><TextLine id="r0_l017"><Coords points="666,402 607,402 446,397 384,397 336,394 144,394 141,396 132,396 130,394 95,394 95,424 232,424 371,426 416,428 667,428"/><TextEquiv index="1"><Unicode>VtLibyen victor, Mauors &amp; conterat armis;</Unicode></TextEquiv></TextLine><TextLine id="r0_l018"><Coords points="667,434 371,427 137,425 137,454 143,455 239,457 358,457 492,461 667,462"/><TextEquiv index="1"><Unicode>Amlaga quoſque ſuis diuidit altus aquis.</Unicode></TextEquiv></TextLine><TextLine id="r0_l019"><Coords points="23,432 23,490 64,490 64,432"/><TextEquiv index="1"><Unicode></Unicode></TextEquiv></TextLine><TextLine id="r0_l020"><Coords points="725,459 721,459 714,463 708,464 651,464 588,462 492,462 358,458 97,458 97,487 159,486 324,489 725,489"/><TextEquiv index="1"><Unicode>Quæ mea me docuit ter quinos ante Decembres</Unicode></TextEquiv></TextLine><TextLine id="r0_l021"><Coords points="643,495 323,489 141,489 141,518 313,519 395,521 643,521"/><TextEquiv index="1"><Unicode>Vranie, quum me veſtra teneret humus;</Unicode></TextEquiv></TextLine><TextLine id="r0_l022"><Coords points="699,526 635,527 394,521 97,519 97,548 116,548 119,550 124,548 151,547 229,550 341,551 699,551"/><TextEquiv index="1"><Unicode>Diuinum &amp; puerum ſpectarem patris in aula,</Unicode></TextEquiv></TextLine><TextLine id="r0_l023"><Coords points="634,557 628,556 401,552 140,552 140,579 151,580 634,581"/><TextEquiv index="1"><Unicode>Certaque magnanimi pectoris indicia.</Unicode></TextEquiv></TextLine><TextLine id="r0_l024"><Coords points="682,586 615,587 553,585 437,585 274,582 95,581 95,609 97,610 413,615 682,616"/><TextEquiv index="1"><Unicode>O, mihi tam claris liceat ſupereſſe triumphis;</Unicode></TextEquiv></TextLine><TextLine id="r0_l025"><Coords points="601,617 413,616 264,613 139,613 139,641 146,642 378,645 601,645"/><TextEquiv index="1"><Unicode>Et videam euentus ominis ipſe mei.</Unicode></TextEquiv></TextLine><TextLine id="r0_l026"><Coords points="714,644 657,643 650,647 644,648 447,647 377,645 146,643 91,641 81,637 56,637 56,679 92,679 103,674 319,674 428,677 714,679"/><TextEquiv index="1"><Unicode>Tunc mihi ſumma dies ſatiatos claudat ocellos;</Unicode></TextEquiv></TextLine><TextLine id="r0_l027"><Coords points="653,680 543,678 428,678 319,675 143,675 143,704 506,708 653,708"/><TextEquiv index="1"><Unicode>Ad manes hi larem tunc iuuet ire ſenem.</Unicode></TextEquiv></TextLine><TextLine id="r0_l028"><Coords points="710,707 699,711 657,711 505,708 159,706 94,703 89,701 84,696 64,696 60,698 56,703 56,743 77,743 88,735 99,734 146,734 191,736 327,736 399,738 531,738 565,740 671,740 680,741 684,743 710,743"/><TextEquiv index="1"><Unicode>Tunc me viridicum laudent mea ſecula vatem;</Unicode></TextEquiv></TextLine><TextLine id="r0_l029"><Coords points="634,741 398,738 141,738 141,766 634,766"/><TextEquiv index="1"><Unicode>Et me per populos conſcia Fama vehat.</Unicode></TextEquiv></TextLine><TextLine id="r0_l030"><Coords points="62,775 62,757 60,755 26,754 21,758 22,775 29,778 55,778"/><TextEquiv index="1"><Unicode></Unicode></TextEquiv></TextLine><TextLine id="r0_l031"><Coords points="757,768 688,768 684,771 676,773 571,771 429,771 332,768 64,768 64,774 55,779 29,779 22,776 19,773 1,773 1,805 82,805 92,797 167,797 237,800 344,799 448,802 537,801 642,803 674,805 757,805"/><TextEquiv index="1"><Unicode>Nunc inter Dryadeſque vagas, virideſque Napæas,</Unicode></TextEquiv></TextLine><TextLine id="r0_l032"><Coords points="650,805 642,804 537,802 448,803 344,800 142,800 142,829 149,830 650,830"/><TextEquiv index="1"><Unicode>Dulciaque vdarum murniura Naiadum,</Unicode></TextEquiv></TextLine><TextLine id="r0_l033"><Coords points="617,835 287,831 149,831 93,828 87,825 82,820 66,820 48,823 25,823 21,825 17,830 17,890 23,896 617,896"/><TextEquiv index="1"><Unicode></Unicode></TextEquiv></TextLine><TextLine id="r0_l034"><Coords points="348,921 348,950 556,950 556,921"/><TextEquiv index="1"><Unicode>Hieroymo Faleto.</Unicode></TextEquiv></TextLine><TextLine id="r0_l035"><Coords points="146,959 146,996 731,996 731,959"/><TextEquiv index="1"><Unicode>Sicne tuos nobis mittens, Hieronyme, verſus,</Unicode></TextEquiv></TextLine><TextLine id="r0_l036"><Coords points="102,997 102,1028 606,1028 606,997"/><TextEquiv index="1"><Unicode>Mittere de rigido telores dicis agello?</Unicode></TextEquiv></TextLine><TextLine id="r0_l037"><Coords points="113,1028 113,1058 685,1058 685,1028"/><TextEquiv index="1"><Unicode>Mollibus aut illos prunis, rudibſve corollis</Unicode></TextEquiv></TextLine><TextLine id="r0_l038"><Coords points="101,1059 101,1090 673,1090 673,1059"/><TextEquiv index="1"><Unicode>Componis? ſic repere humi ? ſic celſa ſubire</Unicode></TextEquiv></TextLine><TextLine id="r0_l039"><Coords points="705,1093 571,1093 478,1091 104,1091 104,1123 168,1123 211,1121 705,1123"/><TextEquiv index="1"><Unicode>Nunc primum tete meditari in culmina rupis</Unicode></TextEquiv></TextLine><TextLine id="r0_l040"><Coords points="601,1124 212,1122 168,1124 114,1124 114,1149 601,1149"/><TextEquiv index="1"><Unicode>Aoniæ? ſic me ſacrato in vertice ſiſtis:?</Unicode></TextEquiv></TextLine><TextLine id="r0_l041"><Coords points="817,1154 641,1154 634,1156 416,1154 147,1154 148,1185 373,1185 506,1188 817,1188"/><TextEquiv index="1"><Unicode>Parce, precor verum fatearſunt nomina nobis</Unicode></TextEquiv></TextLine><TextLine id="r0_l042"><Coords points="732,1191 591,1188 506,1189 447,1187 109,1187 109,1221 478,1221 483,1218 492,1217 570,1218 582,1219 586,1221 732,1221"/><TextEquiv index="1"><Unicode>Vertenda, atque tuo mutandæ in carmine partes.</Unicode></TextEquiv></TextLine><TextLine id="r0_l043"><Coords points="1,1210 1,1246 65,1246 65,1210"/><TextEquiv index="1"><Unicode></Unicode></TextEquiv></TextLine><TextLine id="r0_l044"><Coords points="527,1224 527,1250 607,1250 607,1224"/><TextEquiv index="1"><Unicode>Vu</Unicode></TextEquiv></TextLine><TextLine id="r0_l045"><Coords points="758,1221 758,1255 817,1255 817,1221"/><TextEquiv index="1"><Unicode>Iſ</Unicode></TextEquiv></TextLine></TextRegion></Page></PcGts>