976 1432
226 71 667 100 EPISTOLARVM B. I.
776 81 819 105 61r
42 118 392 149 Et tot grata deis loca:
262 153 688 182 Sacrata & Satyris antra ſalacibus:
40 179 437 212 Ac myrtum Veneri ſuam:
262 214 770 246 Frondentemque tuo lauream Apollini:
42 233 460 281 Cultum quæ tibi verticem
264 276 724 307 Suſpirat meritis cingere honoribus.
68 305 460 338 Daphne nam tibi naſcitur,
209 338 784 369 Totus Pegaſidum quem celebrat chorus.
1 358 423 407 Ignotum at mihi ſit ſatis
263 400 715 431 Pallentes hederæ ſi caput ambiant.
233 514 696 547 IANG
331 583 598 613 Ad Reginam Britanniæ.
114 644 732 677 Vlta poëtarum quamuis tibi carmina culto
112 675 705 708 V Dixerunt laudes, Regia Nympha ſono:
114 708 659 737 Carmina, Parnaſi lauros ſapientia montis.
146 738 622 770 Carmina Pegaſei nectare tincta lacus:
114 767 760 803 Spero tamen quoque poſſe meæ teretiſmata Muſæ
123 801 590 826 Influere auriculis haud odioſa tuis.
112 832 690 865 Non quia vernanti decorentur & ipſa lepore,
146 864 623 896 Ijſque ſibi ſua ſit. gratia ſitque Venus:
113 895 672 927 Sed quia, ceu Regina audis puriſſima Virgo,
146 927 656 959 Sic quoque ſit virgo tota Camœna mea:
112 956 732 989 Nulliuſque vnquam laudandum, ſumpſit in ore
146 988 761 1018 Viui hominis nomen dum tuita ipſa diem eſt.
111 1020 777 1052 Tu modo nunc prima es, cui linguæ plectra reſignat,
147 1053 654 1083 Virgineoque iacit virgineum ore melos.
112 1083 780 1116 Quo tibi ſi poterit minimum minimumque placere:
144 1115 714 1146 Vt modo principium es, ſic quoque finis eris.
362 1162 553 1193 Ad Harmoſynen.
4 1167 68 1196 ,
112 1193 810 1227 Multa quidë, Harmoſyne miror; ſed nil mage, qu non
542 1229 608 1253 Vu5
741 1225 813 1252 Obte
