976 1432
346 77 589 102 VARIA.
757 84 806 106 6
75 120 689 151 Sic velut huius agis modo Phœnix rarior æui,
144 152 651 184 Illa quoque vnigenæ ſecla volucris agas:
75 183 638 216 Adſpice abortiui ieiuna Poëmata partus,
140 215 595 246 Diuinos ſtatuo quæ pius ante pedes.
67 245 724 283 Ipſa quidem referunt Vrſam de matre recentem,
141 277 618 309 Vſque adeo formæ linea nulla ſuæ eſt.
65 301 700 346 Sed quid? non poteram citiori munere mentes
140 340 571 362 Deuotæ Vvna nimas ex ſinuare fa ces
63 362 662 412 Forſitan & ſimili nimo. cum ſtipite malum,
138 402 708 428 Pro voue Alexicaco victima facta Deo eſt.
360 456 497 484 Hamoſna.
59 490 633 533 Vt te cerno tuis intexere crinibus aurum
139 532 663 563 Ipſumq; in varios flectere deinde modos
58 555 735 599 Obſtupui, rganam mihi cernere viſus Athenam;
141 594 661 625 vſq; a deo omnis erat ars minor arte tua.
99 624 628 656 Vt tamen inde tibi capior dare baſia, tuq;
136 656 607 686 Ex oculis curſu prætrepidante fugis:
100 687 598 717 Eſſe mihi Ixion ſub te Iunone videbar,
138 718 597 750 Amplexus nubem, ſed ſine nube, tui.
108 749 665 779 Aſt vt tandem aliquot de vertice fila reuellis
131 780 580 813 Iiſq; mihi armillas imperioſa facis:
107 812 721 844 Armillas quibus haud dextram læuamq; ligarer,
141 844 801 875 Sed geminum hinc armum, ſed geminu inde pedem:
101 875 694 904 Viſa mihi Venus es, trans ferreq; retra, queis te
140 905 626 936 Cum Mauorte tuo ceperat ante Faber.
107 936 772 967 Et mirararis adhuc cur non quoque deinde voceris
126 969 658 1002 Harmoſyue, verum uno, M inerua, Venus.
395 1015 512 1036 cellis eius.
103 1055 523 1088 Ah quid vos Oculi eſſei quid vos,
107 1087 621 1121 Quid vos eſſe Oculi feramanne gemmas
108 1119 649 1150 Gemmis gemmiferas mage? anne flammas
105 1151 613 1181 Flammis flammiferas mage? anne ſltellas
103 1184 542 1215 Stellis ſtelliferas mage?anne Diuas
717 1219 795 1246 iis
