976 1432
335 84 574 106 VAA.
761 88 853 124 685
133 123 646 157 Qui n genio adſurgat iure libenſque tuo.
103 157 705 186 icut & exaugent alj Pontum vndique fontes,
136 187 646 219 Eius & amittunt nomen in amne ſuum:
104 217 748 252 Sic quoque cunctorum tibi laus ranicribitur vni,
138 249 742 283 Nec quenquam minimum nomen hbere ſinir.
104 280 736 308 In ſumma, Oceanus merus es. reuerenter honoris
139 310 675 342 Cui decimas gaudet pendere quiſque ſuis.
364 342 528 369 De Harmſine.
105 372 626 407 Exſpectent alij bis ſenis menſibus annus
141 404 609 439 Signa ſuæ ſubeat dum duodena rotæ:
104 432 709 467 Et modo eos ſpebus ver atq Autumnus ineſcet;
137 464 678 503 Et modo vano Hſtas angat iemſq; meru.
107 494 737 564 e
105 559 683 591 Halitus ambroſij ſimul ris panditur, ac vox;
137 593 578 623 In me loriferi gaudia V eris agunt
10 610 554 658 Iratos quoties iime deſigit ocellos;
3 652 598 692 Triſte canis ſidus ſentio triſte Nepæ.
5 681 730 737 Verum vbi poma ſinus cernuntur roſcida, verum
138 716 619 746 Vt mihi crinitæ panditvua comæ;
1 734 726 789 Annon Autumno Autun.us locupletior omni
134 776 574 807 Alite ter fauſto ſub mea iura fluit?
374 810 512 832 Ad eandm.
107 838 649 902 s
106 899 685 933 Sic tamen humano generi ſua lumina prodit,
139 931 612 969 Splendet & Eois Heſperiiſque plagis:
104 963 709 998 Haud ſecus ingeritur cuntis tua frontis imago,
139 993 595 1030 Diua locis, radios ſuppeditatq; ſuos.
106 1024 746 1057 Verum vbi iam Titan hiemat, tunc noſtra profecto
137 1057 667 1089 Tantillo nunquam membra calore ferit.
104 1087 738 1125 At quo Nympha procul magis à te ſeparor, hoc me
136 1120 669 1155 Hoc mage me Cancri zona peruſta coquit.
407 1154 485 1175 Eidem.
103 1185 520 1220 Iam plures fateor mihi per annos
705 1217 791 1244 Perſtas
904 1244 974 1291 I
