976 1432
906 1 961 33 V
337 84 585 107 VARIA.
758 87 816 113 67
105 121 658 156 Atiuuenis, plenus Muſis, plenuſque Dione,
139 154 604 182 Delicies & amor publicus Orbis erat
104 185 721 214 Vir ſed enim; Charitum viſus ver, viſus amorum,
137 217 553 248 Ore loquebatur lilia & ore roſas.
104 248 612 278 Eius & Aonios fontes reperire per ædes
138 280 641 305 Fas fuit,& lauros maxime Phœbe tuos.
102 310 700 335 Factus vt eſt ſenior. Tithonum cernere verum
138 340 672 364 Et verum Anchiſen cernere. rurſu erat:
106 371 753 407 Quem dum Aurora ſibi totum dea pugnat habere,
138 403 679 432 Et ſibi dum totun pugnat habere Venus;
104 434 752 465 Muſæ interueniunt cœlique ad Olympica raptant
139 465 642 495 Sidera, vbi æternum Sidus & ipſe micat,
102 496 750 529 Delicieſque & amor cœlorum vbi publicus audit,;
133 528 616 557 Delicies & amor ceu prius Orbis erat.
259 579 625 611 De liſâ Britanniarum Principe.
101 623 610 655 Ahglia, no vna pridem vexata procella,
105 653 681 685 Oceani in tumidis naufraga agebat aquis.
99 685 722 717 Imque ſuis nimium temere viduata gubernis
129 715 612 740 Præda ferebatur, cuilibet horna vado
103 747 645 774 Oum ſubito, miruml cœlo deſendit Eliſa,
134 778 673 809 Duplice virgineas anchorâ onuſta manus.
99 810 670 841 Nomina eis Pietas ac luſtitia; vtraq; molem
133 841 670 872 Tam laceram in vaſto Docta ligare mati.
101 872 757 901 SIſtitur ergo: nec hoc ſolum; mare detumet ingens
132 902 601 934 Viſque cadit Boreæ fitq; ſerena dies.
101 933 682 964 Ex illo, medis tranquiila Britannia in vndis,
131 964 592 996 Halcyones veluti indulus alter, agit.
327 1008 512 1045 Puis euadet,
1 1041 743 1101 Vno nempe modo nunquam capiuntur amantes,
133 1079 635 1110 Vna licet cunctos pœna deindegra uet,
3 1102 682 1149 Iſte columbinis Dominæ illaqueatur Ocellis,
133 1143 595 1171 Cſtaneæ cirris vincitur & ille Comæ.
54 1163 661 1210 Hunc pia Virtutum meliorum gratia verſat:
697 1212 805 1242 Du ci-
