976 1432
336 71 574 103 VARA.
748 82 797 106 6I9
64 123 706 156 Currit agris pecorique nociuus tempore verno:
122 156 589 187 ſtate at nulli conſpiciendus adeſt.
40 179 654 215 Talis vena tuæ minime eſt, o Scæuola, Muſæ;
122 218 657 249 Quæ blanda ex vario fonte quieſque fluit:
63 249 759 283 Æ mulaque argentum criſtallumque æmula, Vatum
122 281 607 311 Nectareo ora adeo prona liquore beat
30 308 775 347 Ipſum vt hydropem aueant; vltro tua flumina quei ſit
124 343 633 376 Vſque ſitire grauem nec releuare ſitim.
291 396 568 425 Ad Hugonem Donelum.
31 430 696 468 Quod Doctrina ſimul virtuſq; tua incluta parui
122 467 636 499 Corporis in ſtadio, die Donelle, vigent:
36 496 751 540 Haud vitium eſt Naturæ imo imo hoc arguit ipſum
119 529 687 561 Doctius haud quidquam te melius ve magis.
1 531 768 599 Qui dquid enim pretio eſt rarum ac venerabile, eidem
123 591 626 622 IIi habitus breuior ſemper adeſſe ſolet.
29 623 718 660 Si lapidis punctum eſt Adamas ſic Vnio, quorum
120 654 627 690 Res nulla æſtimio par tamen eſſe queat.
25 686 640 729 Aurea ſic minimo cenentur pondere vaſa:
120 717 649 749 Grandior argenti ſic neque forma minis.
28 748 727 795 Quidmirum, Pontus multum ſi claudit aquarum:
61 778 692 809 Res noua, res mira eſt Fons, oui Pontus ineſt.
336 834 510 867 De Harmoſyne.
87 875 767 909 Si quiſquam in tenebris egit cœcum hactenus æuum,
68 908 585 937 Nec vernas vllo tenmpore vidit opest
2 928 94 961 i,
23 937 612 969 Ille licet brumâ media ver cernat, aprili
63 970 612 999 Si modo fas noſtræ Virginis ore frui.
31 1000 729 1033 Circum ipſam certe ephyrus Cephyriq; marita,
119 1033 642 1067 Imo adeo ipſa Venus ludit & ipſus Amor.
23 1066 706 1094 En vt cunctam oculo vel ſimplice recreetr aulam;
106 1096 584 1123 En vt mille vomat florifero ore roſas.
20 1128 637 1162 Aſpice purpureum malis vernare colorem,
67 1162 603 1198 Que m lilij niueus temperet ille nitor.
27 1186 617 1239 Quais ab Arrabiæ ſiluis diffunditur altis;
711 1227 801 1253 Tas
148 1227 338 1252 Tomus Secunds,
905 1244 974 1292 I
