976 1432
347 76 584 101 AA
772 85 821 106 9pE
60 111 674 155 Non tamenaudaci dextra ſua frena remitto,
141 150 711 177 Incutiuntue animum flammea tela metum.
61 179 706 217 Sed tanquam ſoboles Aquilæ genuina, patenti
143 210 612 237 Haſce tonitrales ſuffero fronte faces:
39 239 791 278 Meque probo dignum, quem mutuo honeſtet amore;
142 275 652 304 Vtpote degeneris cui nota mentis abeſt.
47 303 715 340 Tu tamen o Dea parce mihi parce olſat & ignes
4 337 530 367 Exploratrices ſit toleraſſe diu.
59 367 645 399 Si niſiquæ totas Soli iubar excipit horas,
146 399 778 430 Vis Aquilæ omnis hebet, vis Aquilæ omnis hebet.
324 453 532 477 De Iacobo Cuiacio.
105 498 664 523 E cathedra dum Cuiacii Romana docentis
147 530 674 559 Scita nimis cupide deuorat aure Themis:
52 552 697 594 Mirata eloquium, mirata adamantina dicta,
98 592 699 624 Vſque ſuum ſuberat fas quibus atque pium:
58 623 717 663 Aut nunquam meus inquit apinianus obiuit;
146 654 617 684 Aut ſuus Orbi alter Papinianus adeſt.
381 698 546 719 Ad Phœnicem.
60 733 672 776 Phœnix, Naturæ ſpes ac metus acrior, vt iam
146 772 590 798 Proximior viui funeris hora ti eſt:
63 803 682 845 Ecquid adhuc Solis matutini incolis hortos,
149 835 700 866 Heic nec ades regnum virgo vbi Eliſa tenet?
48 858 744 904 Heic certe tibi erat videndum Auis vnica ſempet,
1 898 609 939 Nolebas ſenio ſi tua membra premi.
65 929 690 970 Huius enim Reginæ oculis luſtratus lonoris,
150 961 657 992 Tempora nec morbi nec paterere necis,
27 985 664 1033 Perpetuo ſed ouans florentis vere iuuentæ,
152 1023 566 1054 Secla ageres ipſis inuidioſa Deis.
46 1050 707 1097 Quæris pro tanto quid rurſus munere pendas?
154 1086 629 1118 Quid? niſi gratantis dulcius oris epos:
68 1119 639 1161 Dulcius oris epos; cuius pellacia cunctos
155 1150 667 1181 Ocyus huc duplicis attrahat Orbis Aues;
25 1181 658 1221 Argutiſque ipſas doceas garritibus almum
614 1219 817 1248 x 2 V-
