976 1432
909 10 954 31 æ.
334 82 576 109 VARIA.
773 91 826 115 o
8 112 736 173 Nam certe quæ te orta oriente eſt primitus Orbi,
142 156 681 185 Orbi etiam haud nollet te moriente mori.
371 214 543 245 Capiti Dominæ.
110 254 599 285 O quodnam mediter, caput, meliſma
112 285 567 316 Te dignum tibi? quod decus decori
112 319 617 350 Æquem præco tuo? es quidem Cupitæ
112 349 559 380 Noſtræ tu caput: aſt idem profecto
113 380 562 410 Naturæ quoque es officina iunctim
113 410 511 443 Theſauros vbi cœlibes reſeruat
111 443 544 475 Quos à mille retro pepercit annis:
112 475 498 505 Ornatus vbi nubiles propalat,
114 507 610 537 Quos per mille dehinc refundet annos
110 538 536 570 Oris namque ego gratiam puſilli.
112 570 589 601 Linguæ namque ego gratiam diſertæ.
112 602 546 633 Naſi namque ego gratiam ſagacis,
110 634 593 665 Frontis namque ego gratiam arcuaæ,
113 665 555 696 Qua tandem exſequar elocutione
111 695 600 725 Aut quo quæſo Oculos canore fra tres,
111 725 559 758 Aut quo quæſo Genas ſono ſorores,
112 757 633 789 Aut quo quæſo Labrum melo gemellum,
113 789 603 815 Nec non dentium ebur, rubras & aures
112 821 562 852 Digne magnificem? vnicis capillis,
113 853 543 885 Qui cantor minus audio diſertus?
113 885 518 914 Longis, diuiduis, fabris capilis,
111 915 536 947 Et lentor quibus ille & illa virtus
114 948 563 978 Vt ferri genus omne vincat, omnes
113 978 503 1009 Et vincat chalybis tenacitares;
116 1010 574 1041 Ipſi vixque Adamas ſecundus extet:
111 1041 585 1073 Vix: ſed pluribus haud opus. capillis
114 1073 588 1104 Tam præfortibus, inquio, atque duris
115 1104 636 1136 Vt non totam hominum modo, ſed ipſam
114 1138 603 1169 Diuorum quoque vinci aut propagem:
115 1168 578 1202 Idque hercle arctius implicatiuſque,
116 1201 691 1239 Quam quondam Venerem ſuo atque Martem
749 1241 817 1264 Con-
544 1239 637 1263 x 3
