976 1432
336 66 573 94 VARIA.
770 74 815 97 S95
314 112 579 140 DeIani Doaſa Pëmatis.
66 147 704 183 Nox vbi Perſephones laxato carcere Olympum
130 184 417 215 Nigrante nubit infula:
98 215 780 246 Surſum homines tollunt oculos, mundique ſalutant,
128 247 498 272 Modo hæc modo illa lumina.
99 278 726 309 Sol at vt igniuomam quaſſando lampada, Noctis
131 309 428 341 Equabus iniicit fugam:
96 340 615 370 Ilicet exiguæ Faculæ moriuntur, vbique
129 371 479 402 Stetere, dicere haud queas.
98 403 743 435 Sic quoque, ſi libeat vatum monumenta recentum
130 435 512 465 Modo hæc, modo illa voluere;
97 462 665 499 Fors quædam melioris erit ſpectare monetæ,
127 499 422 530 Reconditæque adoreæ.
96 525 687 555 Douſeæ ſed vbi oſtentant ſe emblemata Muſæ,
128 562 444 592 Fabra Cupido quæ manu
96 587 698 620 Mille & mille locis ita vermiculauit, vt herbam
127 624 417 656 Apollo & ipſe porrigat:
96 652 611 687 Cedite Romani ſcriptores, cedite Graii,
128 684 524 718 Sonus vitûm vnus omnium eſt.
97 712 715 751 Qu volet ergo Eratus montes laticeſque fatiget,
1 735 38 764 i
128 749 403 774 Canorus ales vt cluat.
1 774 839 819 Douſæ ſcripta Helicon mihi erunt, mihi erut Aganippe,
64 813 406 848 Poëtamox vt audiam.
355 849 540 884 Adarmoſynen.
97 893 690 930 Quid non molita eſt, quo non ſe promptior ira
109 924 616 961 Extulit in pœnas, Harmoſynilla, meas?
97 955 649 986 Froditione mera dextram læuamque ligaſti;
131 987 641 1022 Cum iam expectarent præmia pacta ſibi.
96 1019 635 1055 Ecquis enim capitis tam leuia fila putaſſet
129 1051 593 1080 Carnificis tetricas poſſe ſubire vices?
98 1082 615 1115 Sic vincto, gemini furiato luminis ictu
131 1114 635 1146 Mille locis laceras pectora, mille modis.
60 1141 698 1186 Nec minus in linguam ſæuis, imitata Tyrannos
61 1178 614 1229 Tereas, in populos ne ſcelus iret atrox.
749 1212 801 1238 Sed
540 1213 637 1240 4
