976 1432
330 69 571 91 A A
761 74 812 99 697
404 113 493 136 Votum.
107 152 701 187 Si coneſſa mihi foret illa aliquando poteſtas,
136 187 621 217 Vt tria conciperem vota fauente Deo:
72 216 640 249 Non ego ſectatus Theſæi exempla furoris,
137 249 661 279 Carorum ſcelerem cæde frequente lares:
70 281 812 320 Primitus aſt optem; ne vnquam Harmoſynilla ſeneſcat,
139 312 669 339 Nec metuat formæ damna ſe cunda nouæ:
107 344 737 375 Deinde, vti longinque quouis riuale repulſo,
144 375 593 405 Vnicus ipſius temper amator agam.
108 405 685 437 Denique, nos ambos hiora fatum auferat vnâ,
148 438 678 470 Vnicus ac claudat corpus vtrumque lapis.
64 468 695 502 Quod ſi immortalem Diui fortaſſe iuuentam,
145 500 671 525 Carniſici nollent Mortis obire manu:
59 531 712 562 Tertia vota forent; vt ego quque perpete vitæ
145 563 737 597 Nobilis, Harmoſynen tempus in omne colam:
111 593 745 629 Longimanique vltra Thetidis pomœria, tranſque
146 626 612 657 Paſcua Solares qua ſtabulantur equi,
114 658 644 691 Condignæ vocis paſſim irrequiete canore
146 686 744 720 Vnam ipſam, ipſam vnam nocte dieque ſonam.
113 718 786 752 Id ſi contigerit, tum homines plauſu vndique dicent,
144 749 725 785 Hal quam præ Hippolyti patre Grutere ſapis.
334 794 600 827 In Fabullam lucifugam.
117 838 590 875 Qid te locis Fabulle elaudis abditis,
150 871 468 902 Foraſque trudis arbitros?
117 901 559 930 Ah falleris, Fabulle, ſi ſic omnium
150 934 425 963 Latere credis lumina.
115 963 669 998 Nam quid abeſſe conſcium prodeſt, ſi adeſt
147 996 413 1024 Fabulle conſcientia?
322 1040 652 1071 In ffigiem Carol Venhouii.
120 1086 758 1120 Pingere dum Gnydiam formn excellente Dionem
155 1120 631 1151 Quærit Apelleæ docta cupido manus;
112 1151 668 1182 Non vnam fertur veſte exſi nuaſſe puellam,
152 1183 582 1216 Arti ſicque ſuæ conciliaſe decus.
769 1213 826 1241 Ati
576 1218 661 1243 X5
