976 1432
308 82 545 105 VARIA
748 86 804 109 6y9
69 121 729 155 Sed propago aprica florum, fruticumque opacitas:
69 155 647 186 Nominiſque erit perennis Lucius Ducatius,
47 186 730 222 Quam diu mortalium vllus permanebit, quam diu
68 216 769 255 Fama rerum aget ſluperſtes, temporumque æternitas.
306 260 549 289 Deocellu Harmoſynes.
69 289 677 323 Efle quid hoc dicam, de tot quot millibus vni
121 321 673 354 Aſpectus noceat ceuiaculum Harmoſynes?
90 353 639 379 Cernitur his,illis, & cernitur hercule lætis;
118 382 679 416 Tanquam queis varie commoda plura ferat:
89 415 635 441 Hac mihi ſed viſa fit non mediocris amaror
124 446 740 479 Qui penetret corpus, qui penetretque animum.
91 478 610 511 Ha Natura parens, eius ſi pupula duplex
133 508 645 539 anta erat immerito totque latura mala;
94 539 669 574 Cur non temporius proueni in luminis oras?
125 571 598 598 Aut cur non tuita eſt ſerius illa diem:
93 602 692 637 Si tamen abſque ipſa noſtrum infelicius æuum
126 633 605 664 Eſſet, & è damnis fert lucra cara meis;
93 662 790 699 Nil queror, imo triumpho magis. nam publica quë res
63 694 657 731 Eſſe facit miſerum, quei miſer eſſe poteſt?
224 738 667 774 In pateram argeneam Donello donatam.
95 778 685 815 Ecc tibi pateram, cuius gremio aurea reſtat
130 813 659 845 iuſtitia, hinc gladio lance ſed inde potens.
95 842 665 877 Fallor? an & nutu vultuque fatetur, in orbe
123 878 534 911 Ingenio tutam ſe genioque tuo
94 902 668 936 Fallor? an & vadem noſtri ſe ſpondet amoris,
128 937 593 967 In terra dum vel nomen amoris erit?
97 967 665 998 Oita Diua velisl meruit ſic nempe Donellus
131 999 716 1034 De me: ſicque vouet corque animuſque mihi.
97 1032 806 1065 Cor animumque haud temne Donelle, imitate Deorum
130 1064 707 1098 Exemplum; queis mens noſtra vel vna ſat eſt.
99 1096 637 1127 Certe ſi cupiam te munera quærere digna;
133 1127 611 1159 Deficiatque ſolum, deficiatque ſalum.
18 1151 675 1198 Ambo deficiant; licet hoc vertatur in aurum;
66 1191 622 1228 Illudat electro chryſolitiſque fluat.
761 1224 811 1250 A
