976 1432
912 1 962 34 æ
302 81 544 108 AA.
740 97 789 119 70
62 120 792 161 aud tamen vnà optem lacrymas quoque: ſed mage vo-
907 126 952 150 I
61 152 792 192 Memnonis esſigis quam dare mane ſolet: cem,
18 174 623 218 ( t velut ipſe Diemnaſcentem rite ſalutat;
61 216 571 246 Sic ego præco tui te ſine fine canam
1 239 729 286 Ee Nam mihi, namq; Orbi Sol es, Sol vſque manebis,
60 279 670 314 Grande tui ſpargent dum iubar vſque libri.
365 325 496 357 Harmoſyne.
13 366 657 399 Iam mihi plus decies cupido vox torpuit ore,
108 399 629 430 Plectraque plus decies deſtituere manus;,
14 430 603 465 Dum linguâſociare tuæ miracula formæ
58 462 554 494 Molior ad citharæ floridioris epos.
1 483 739 525 Nam data largeadeo cum ſit tibiſumma bonorum,
55 526 589 549 Orbis vt exiſtas huius & huius honos
2 556 643 596 Obruor ingenti virtutum pondere mentem,
53 589 637 619 Et ſtupet ad landum cor oculuſque iubar:
20 617 711 653 Vixque datur vultuſque tuos numenque ſerenum
51 650 616 681 Pectoris intra adytum ſat venerare mei.
10 679 695 720 Netameningrati populis cognomine monſtrer,
52 714 520 748 Autreus infelix impietatis agar:
7 744 685 783 Iſta tibi, Harmosyne, breniter formauimus orſa;
56 776 595 812 Qis oculi adiicias ovtriuſque iubar:
11 805 695 845 Gnara ipſi gratos Puerrum quamlibet hymnos,
56 839 593 878 Ipſi, inquam cuius ſtirpis es, eſſe Ioui.
354 898 503 919 I Pudentem:.
57 931 595 971 Tam dicis Volerum, Pudens, nocentem,
56 970 400 1001 Vt vitæ vitia eius vniuera
57 999 497 1033 IHoris non foret explicare bis ſex.
57 1032 527 1066 Ferme credo Pudens. atipſe contrà
58 1064 550 1096 Tam purus ſœlcris probæque vitæ es;
58 1096 454 1126 t vix criinibus tuis minuti
58 1127 507 1158 Vndens repieam pedes Phaleuci:
59 1158 558 1196 Totusquippe Pudens es ipſe nil quam
59 1191 426 1244 Fur lurco paraſitus, aleator.
725 1233 774 1255 A
