976 1432
360 72 702 107 GRVTERI
176 78 236 103 o2
336 115 727 144 Ad lacobum Auguſtum Thuanum.
184 145 692 177 Antea licet te Virtus Literæque iam diu
180 177 734 207 Aurea penna per omnes auferant cœlivias;
915 189 971 217 as
186 207 860 240 Siſque amor communis Orbis vnà honorque, ne me
184 238 770 267 Ne tamen Thuane Muſæ ſperne gratitudinem.
913 255 973 288 L
178 270 754 304 Eſt quidem nimis puſilla ſeque vix leuat ſols:
178 301 828 335 Impotens certe eſt volare Lunæ ad vſque circulum:
178 333 711 360 Mentis at deuotione nemini conceſſerit;
183 363 768 397 Ne quidem aliti Diale fulmen vngue qui gerit;
180 395 761 427 Obſtinata peruicaxque, ſicut alter Terminus.
914 417 973 448 ſ
216 426 804 460 Ergo cum Deis voluntas atque niſus ſe probet,
914 448 973 478 u
184 459 687 486 Nudus hic & illa nuda; tu tuos eia Deos
184 490 688 522 mulare, nec recede cœlite ab origine:
915 511 970 542 c
186 522 807 553 Ac ſinas Camœna noſtra, quo poteſt modo, tuum
181 553 777 585 Os honoret atque adoret mente, voce geſtibus.
913 573 973 612 e
184 585 737 616 Cum ſuas inter ſorores Muſicus Pæan canit;
186 616 737 647 Aeremdiue rſa vocum verberat ſymphonia,
912 639 973 669 st
166 648 790 680 Sæpiuſque tam remiſſa qua mtoroſa perplacent.
913 670 973 694 e
216 678 811 710 Surge, Muſa, Muſa ſurge deq, aromatum arcula
912 707 970 735 up
183 711 824 743 Parmulam auream T huani prome pictam imagine:
183 741 877 777 Hancque collo pendulam omne fer refer per Belgicum.
913 767 973 804 ii
184 773 816 807 Monſtri ad inſtar delicati, quale ſeculo haud prius
913 799 973 833 l
182 805 721 836 Fas eis vllo videre, nec videre deincipe eſt.
913 834 974 874 u
180 836 715 868 Menſe primo inſiſte terræ penſili veſtigio.
182 869 849 901 AcThuano agalmate omnem inebiia prouinciam;
181 900 721 930 Ne puer puellave vlla, ne vir neve fœmina,
912 924 973 961 s
183 931 739 963 Ne ſenex anuſve viuat vel domi velpublice,
185 964 839 995 Quin honoret quin adoret Franciæ vnicum Alitem.
909 993 973 1025 lhre
184 995 745 1027 Menſe at altero. modeſtis nubium volatibus
183 1026 791 1057 Prima ſcande; ibique cunctis obuiè mortalibus
911 1025 973 1059 ei
183 1059 824 1092 Parmulam auream Thuani prome pictam imagine.
912 1062 973 1088 iget
183 1089 866 1124 Nam me cuncta, Muſa, fallunt, aut Charis noſtra prece
912 1089 973 1122 He
183 1122 728 1154 Victa, victus ac Cupido cæterique Cœlites
911 1123 974 1154 uv
184 1154 820 1186 Lumina æquo qui intuentr gratioſa pectora,
911 1154 974 1185 uu
183 1186 717 1211 Ilicet tuo de collo dulce id auferent onus:
910 1185 974 1221 l
799 1221 914 1257 Vtque
