976 1432
314 68 552 93 VARIA
744 81 787 103 703
73 106 683 142 Vtque Alexandreiæ in vrbis æde imago penſilis
58 140 655 170 C ernitur Reginæ nixa, nulla ab adminiculo;
905 138 954 181 I
74 170 592 202 Sic Thuanus aëre ipſus collocabitur ſuo.
76 202 715 233 Non tamen loco vſque vt vno pendeat, ſed æthera
79 233 641 264 Nocte obambulet dieque. ſidera vt cœleſtia.
76 265 702 295 Iam deſcende Muſa, uſa iam redi domum: aëra
77 297 636 327 En Thuana obit imago luculenter: en latus
76 329 735 358 Hinc Amor præbet, ſed illinc Gratiarum illex trias.
78 359 713 391 Pone & ante plurimæ ipſam proſequuntur Alites
77 390 665 421 Alites quidem figura, Numinum ſed hopites,
76 422 704 454 Orbis aut quas procreauit iam recenter aſtricus.
75 454 785 486 Hocq; & ordine hoc & voce prædicant plus qu pala
77 485 748 517 Nam quæ Auis choros eiuſmodi arte ab vlla duxerit?
74 518 709 549 Tale Cygnus, tale Aëdon quando protulit melos?
78 549 784 581 Ah ita eſtl nouem Camœnæ hoc delitent ſub ſchemate.
112 581 704 611 Euge io proles Monetæl euge io comes virûm,
77 612 705 644 Quos per aſperam raptauit Herculis virtus viam,
78 645 695 675 Inque templa ſacra Honoris duxit arcto tramite,
78 674 683 706 Famaque oſculis beauit, Gloria aſt amplexibus.
901 696 937 721 E-
77 707 686 736 Euge io proles Tonantisl euge gre Nouenſilis
77 735 737 766 Tanto honore, tanto amore qui Thuani icunculam
75 768 700 798 Afficis, viuum huanum amore digno percoles:
75 799 655 829 Percoles honore digno, quam diu mortalium
73 829 766 864 Orbe vtroque Amor ſuperſtes, orbe vtroq; Honos eris.
357 882 483 912 Harmyne.
11 916 577 964 Fingere te volui cera: ſed cera liqueſcit
112 956 614 987 gne. nec in longum ſeruat aprile decus.
2 982 603 1028 Fingere te volui cedro: ſed & illa ſecurim
52 1019 576 1049 Materies metuit fumificoſque rogos
8 1041 639 1084 Fingere te volui non vno marmore: marmor
52 1082 640 1112 Tale ſed hinc Boreas, hinc Caprifice teris.
11 1107 592 1150 Fingere te volui niveo flauoque metallo:
52 1146 613 1178 Hinc at item ærugo liuida furque nocet.
53 1176 641 1212 Fingerete volui manſuro Adamante: cruore
648 1219 774 1248 Duriciem
