976 1432
326 71 475 102 VARIA
750 79 800 112 7I5
82 122 674 154 Illa ſimulq; ſemelque tenet Natur per orbem
121 153 654 186 Dædala quod cunctis ſparſerat ante locis.
160 216 696 252 In antiquitatcs M Laurini Dn.dc VVatervliet.
79 279 795 311 Marce Alineruæ oculus Muuſarum os, dextera Pluti,
120 312 714 343 Cor Phœbi Chaiitum mens, Veneriſque latus.
87 343 640 375 Cur IVatervlitii triuiali gnomine gaudes?
121 373 627 409 Cur tibi ab argento tota ſit arcta domus.
85 404 664 439 Atria cum tumeat ſignis ex ære Corinthi,
118 436 656 477 Atque auro & gemma quælibet arca fluat.
85 469 786 502 Fallor?an innuis hoc, iapid omne atque omne metalli,
117 501 705 536 Tecum habitare genus, moreperennis aquæ?
84 531 755 574 Signa Monarcharutm non vna loca omnia inundant,
115 562 689 606 Effigieſque frequens obuia vbique Deûm eſt.
81 594 704 630 Heic Latium totumeſt heic Græcia tota, ſuaſque
113 628 582 670 Ipſe recognoſcit hic pror orbis opes:
70 657 690 698 Et fatur lacrimans: quibus ahmiſer ipſus vbique
99 690 632 731 Ante ſuperbibam nunc tenet vna domus.
287 753 567 784 Ad Iacobum Vlasium.
77 816 621 859 Aula ſplendidius, nileſt,nihilaltius Aula.
53 848 694 891 Inde vt opes manant ſic quoque manat honor.
2 873 609 929 5pes ſed ibi proprias ſedes cum fixerit, illa
54 914 564 959 Pollicitis opulens, ardia rebus Anus:
54 943 681 993 Ah vereor, tactu mutem licet omnia in Aurum;
54 973 656 1018 Aurum omne id teneam tonditione Midæ.
51 1007 593 1058 O Dea Libertas, Muſarum 0 florea tempe
55 1038 620 1091 Dulce mihi in veſro viuere, dulce mori.
334 1105 532 1136 Ad Hlarmoſynam.
55 1161 700 1217 Fulgura turbatis ſimul in me ſtringis ocellis;
50 1202 552 1243 Liuida iam fati ſentio cuncta malo.
696 1232 775 1255 Nec
542 1236 577 1264 I
