976 1432
918 1 963 33 4
8 24 173 45 tss
384 95 515 121 t
20 120 675 172 Dein ituum flatu, fiibus miſcere lyrarum,
137 166 488 197 Tubæqu bmos barbitis.
60 174 666 235 Omnibus exllis concentus qui fluet, is par
135 230 432 255 Vix verſibous fluet tuis.
400 286 532 310 Ad Olum.
25 324 597 375 Inſtas olle mhi vfquequaque & vrges
55 372 545 401 Mox ænigma tuum tibi esoluam.
55 402 594 437 Quid ſoluam cupis lle, quod ligatum
53 432 640 475 Sic nobis quoque plus ſatis moleſtum eſt?:
363 492 537 524 Fhilippo Pſſa.
101 548 627 581 Forte queam laudare fluenta illimia riu
131 581 581 612 Muloſo l pidis qui penetrale ſalit:
97 612 661 643 Verum vbi vicinus elago teretis male dulci
131 642 546 675 Ipſius in laude. totus abire paro;
96 674 780 706 Ilicet obſtrepitaut toniru horrifico vndique fluctus,
133 706 648 734 A bſor bentue meos ore tumente ſonos.
100 737 814 768 Quid quod & ipſe animo menſus maris illud apertum
90 770 542 799 In quo tot naues tot periere viri;
97 799 622 832 Lumina ſuffundor pulla caligine, viæxque
130 831 505 862 Acaſu ſeru debiliore pe des.
95 861 704 892 Sicquoque ſi leſæe vbi te celebrare laboro,
128 895 604 926 Materies linguæ ter decumana nocet.
93 925 689 956 Ingens Oceano aſſimilis doctrina tua, ingena
130 957 556 987 ODceano virtus aſſimiliſque tuaeſt.
93 987 720 1021 A velut ipſecaret ripis, tibi ſic Honor exper
123 1018 619 1050 Listore, ſic expers littore. Fama tibieſt,
352 1084 565 1116 Ad Harmoſynam.
91 1140 633 1173 Si tecum certare quis audeat argumentis,.
120 1171 585 1198 Audeat ille etiam bella mouere Deis
91 1203 648 1240 At quod pace tua liceat tamenarguo cordi
559 1243 809 1279 2 Faa
