976 1432
911 1 955 27 A
341 98 481 122 VRIA
769 105 810 134 7I9
1 125 745 200 ma
1 195 678 264 cee
1 259 664 305 O tu glis, tuque vrſe rigenti tempore Brumæ,
130 298 478 328 Quos perpes occupat ſopor
52 316 764 365 Tuque o Cœcigene vnica quem nox matris ab aluo
124 358 519 390 Ducit ſepulcralem ad ſpecum:
15 390 688 434 Cur non um ſimilis vobis, vt cernerelongum
129 422 445 454 Vultus Heræ detur meæ?
2 441 653 496 At cur non Epimenidis inſtar Endymionis
128 488 485 517 Somno perennt mancipor?
46 512 754 549 Vel, ſi mors nihil eſt quam fine carens ſopor & Mors
3 547 531 595 Ecquid te adhuc morus moror?
388 612 489 643 In Iſſam.
96 653 711 687 Cur tibi clauſa die domus eſt, cur nocte pateſcit?
127 687 685 717 Cur? niſi quod Veneri nocte dieque litas.
310 729 606 761 In opera Franciſci Duateni.
96 774 643 800 Aſtreæ verande Deæ, Duarene Sacerdos
127 805 675 837 Cui Sophiæ ambroſio lingua madet latice:
98 837 771 869 Quæ tibi quæ inſinuat ſe Sphinx atque invia magnis
125 869 599 899 Iura iubet fandi ponere Principibus?
95 898 648 930 O reſponſa ſacra Themidos librata bilance:
126 930 628 960 Oſenſa hauſta puto Mercurii è cerebro.
93 962 632 987 Felix cui licuit coram te audire docentem
126 994 649 1024 Qualia ſcire homines non potuere prius:
90 1025 592 1056 Ipſe nec infelix, ci fas tua ſcripta tueri.
127 1057 659 1088 Os in iis æque cenitur ac cerebrum
389 1104 509 1128 Amicitia
92 1146 599 1181 Nil ſale, nil ſole vtilius m ortalibus ægris
126 1179 615 1212 Fama ait; & famæ res ſtruit ipſa fidem.
92 1211 714 1245 Verum cum ſit vbique frequentior vſus mici
533 1250 791 1282 I Quam
