976 1432
339 72 507 105 VARIA
753 93 804 114 23
58 112 480 155 Totiuſque adeo tui:imo ſedes
59 156 629 185 Magnarum quoque Cœlitum :im ſedes
54 184 500 216 Totius ſimul Orbis atque Cœli.
53 213 496 248 Sedes, Harmoſyne illices Ocelli
27 245 578 279 Iſti, inquam Harmoſyne illices ocelli,
11 275 556 312 Sedes ſunt ſimul Orbis atque Cœli:
52 312 557 343 Sunt ſedes ſimul Orbis atque Cœli?
40 343 564 373 Imo ſunt ſimul Orbis atque Clum.
358 400 555 433 Superato maiores.
1 448 746 494 Cum virtus inſit patrum ſua quæque iuuencis:
129 491 658 525 Progeneret Paphiam nec Iouis ales auem:
1 522 625 564 Maiorum merito veſtigia quiſque ſuorum
129 554 594 585 Proximiore terat prætereatve gradu:
49 584 646 628 Degener an hominis cenſeri nomine poſſit,
61 617 685 658 Neſcio: bruta inter non habet hercle locum.
281 681 624 708 Ad Claudiu Puteanum. VC.
94 733 737 766 Ferre tellus omnis omnia haud ſolet ſed quæ tulit
919 746 974 772 H
95 767 720 804 Te parens laudi, ſirul ſemelque cuncta protulit
95 798 735 835 Improbo quæ vi petat voto impotens mortalitas.
97 826 807 870 QuidquidArs, Natura, quidquid, Sorſq; virtuſq; obtine
96 862 782 897 Singulæ in te id contulëre largiter tanquam horreum:
96 894 766 924 Horteum dicens Muſarum Gratiarumque horreum.
96 925 677 961 Ergo non modo florentis Galliæ Vnio vnicus
96 957 689 989 Orbis at theſauus audis vtriuſque:id eſt vetus
96 987 806 1023 QuidquidArs, Natura quidquid, Sorſq; virtuſq; obtinet
94 1022 701 1052 Cinnus eius, condus eius. promus eius es recens.
395 1086 493 1117 upidai.
95 1131 720 1160 An tot obarmetur fera dorſum haſtilibus hiſtrix,
127 1164 642 1198 Cypria quot medio ſpicula corde ſedent;
93 1196 643 1229 Neſcio:ſed male me noctuque diuque feriri
644 1228 825 1265 Perſpicuam
