976 1432
381 86 531 111 VARIA
743 100 796 123 727
81 125 687 163 Credideratque illic potuiſſe quieſcere longum,
122 158 597 192 Atque deinde ſuo liber abire modo.
78 188 643 222 Nunc vbi crinaleis deſperat rumpere nexus,
121 220 596 256 Inſtantis ſupereſt rima nec vlla fugæ:
80 253 663 285 Captiuas imitatur aues vafraque iuuentam.
123 284 575 310 In ſua non vafram retia voce trahit
85 315 663 349 Nec vafra modo voce, ſed & pellexit Ocellos
115 348 603 378 Sic quoque cuſtodis ad noua vota ſuæ:
85 377 671 411 Noſtra vti corda ſalire ipſo de pectore cogant,
116 409 564 442 Fallacique vltro ſe laqueare comæ.
85 441 693 476 Sic quoque capturego: qui ſpem licet eiurarim,
120 475 639 507 His norimque plagis eſſe neceſſe mori:
1 492 703 576 Quod meæ & heic auor mortis obibit Amor
83 505 708 539 Id tamen inter mille beat miſerum mala, mecum
322 596 560 629 Ad Lydum coquum.
30 630 719 682 Quid mihi Achæmenios concinnas, Lyde, Paratus,
50 672 553 704 Oggeris ac raræ mattya lauta gulæ?
50 697 645 739 Nulla mihi dapis eſt, mihi nulla ibido yæi:
51 733 780 765 Hic Heræ & hic oculus, dapſque merumque me eſt.
51 756 718 798 Ipſorum è radiis nectar ſolidum exprimo; eiſdem
52 797 660 829 Exprimo de radiis ambroſiam omne genus.
52 827 655 866 Quid nebulo exertis ſic aduerſare cachinnis?
52 861 653 890 Anne oculo inuiſa eſt menſa quod iſta tuoi
53 889 713 923 Ha, qua ſi non quæ Diis Gamymedes ponit & Hebe,
54 923 732 955 Viſum hominum effugiant eſfugiantque manus?
54 951 542 986 Scilicet èſolo viuunt animalia vento
54 986 692 1019 Queis nouus atque nouu ſumitur vſque color.
53 1018 582 1051 Scilicet Eois populus reperiur in Indis
53 1050 573 1081 Vita cui florum conſtat odore mero.
27 1081 698 1117 Et quideſi ſolidos alit Auta homineſque feraſque
1 1106 689 1146 Cur non vmbram hominis me bene viſus ala
378 1162 471 1188 Se
756 1254 849 1280 A
