976 1432
319 75 469 100 RIA
752 89 807 111 a
52 109 644 153 ignius oc vt agam dixit,non vna puella
123 144 635 177 Eſt oeunda oculis corporenuda meis.
20 177 743 214 Nec moraquam plures ad calcem à vertice pulcrâ:
51 208 571 238 Natiuum aitiici proſtituere decu.
1 233 706 288 pſe quod in quaque eſt perfctius enotat atque
119 272 590 301 Picturæ trans fert in monumenta fuæ:
23 289 710 339 mde abſoluit opus, nequeat quod carpere Liuor,
50 335 624 363 Cuique adeo vel ſic nobile numen ineſt
23 356 757 403 Hæo quondam: at modo ſrquid tale nouare neceſſe
121 396 621 428 Vna mea Harmoſyne ſit ſatis im ſuper.
1 415 668 461 Noc eſt;exemplar præſtet formoſius , ad quod
1 455 55 485 i
118 461 694 491 Eprimi ament vltro Iuno, Minerua, Venus:
314 524 568 557 liſæ Aglia Prmcipi.
47 577 612 624 Paciferas poſtquam terræ pomria Enyo
120 619 545 650 Præcipiti vrgebat deſeruiſſe Deas,
84 650 576 680 Aſſumti lis, vei ad tutamen Aſyli,
117 681 527 709 Conuenere tuæ ſedis Eliſa ſinu.
84 713 699 744 Vtque ib ab inſidiis ſibi ſatq; ſuperq; caverents
117 744 574 774 In ſumma veglem te ſtatuere Pharo:
85 776 705 808 Cordadam vigilem quæ oculi ſpeculamine pur
114 808 591 840 Long. ter ac late diſſita quæque notet;
84 840 624 871 Fulmineæ q e adeo frontis fulgoreſe vero.
100 872 619 900 Mox iiuicorum contett o ne genus.
83 900 694 928 Et miramur adhuc, cunco Orbe ardente dullis
96 933 675 965 Cur tamen hic vigeat perpes, Elifa quies?
83 962 699 995 Tu tu illa in ſpecua reſide inſomni. & hoſtem.
114 996 629 1029 Eminus hinc prodis, cominus inde necas,
250 1058 664 1088 Ad Darnæbam Briſſonium V. C,
80 1120 560 1154 Briſoni vt fieridebebas incola terræ
112 1155 555 1182 Con cilio coiit concio denſa eûm:
51 1185 689 1224 Et te decsrant Puerum effigiare Trimembrem,
669 1225 782 1259 He ſperii
