976 1432
341 79 577 103 V A A.
102 118 750 159 Vnca & vna ſalus certe eſt, cœlum omne ſolumq;
133 153 630 188 Siue nouercæ obeat ſiue parentis opus.
393 199 500 222 Ad Deos.
101 239 637 276 Ah ſortem miſeram meam, ah profanam
99 275 553 308 Sementem facit agricultor in iperm
99 307 629 340 Fructus: trans mare nauta currit in ſpem
99 338 617 370 Lucri ſolum ego amo coloque, nec ſpem
100 369 525 401 Propono mihi quam feri doloris,
103 402 567 434 Quam curæ ſimul & cruois perennis.
101 433 654 464 Alrt clauam prius auferam Hexrcul, acrem
104 465 558 499 Ah tygrin citius domem, ah calore
102 498 496 529 Incendam potiis gelu, ſeipſam
103 531 574 561 Quam comem mini præbeat Capita.
101 561 587 592 itæ ergo dum aliquid ſperſtat, illam
102 593 526 624 Crudeli eripiamus vngue amoris
866 619 974 633 e
103 624 573 654 Aut i Mars nequit llus Arſue nulla
104 656 638 689 Crudeli eripere illaamoris vngue:
102 687 607 719 Tunc ſaltem id daie Dii Deæque, ſicut
104 717 618 749 Abſque ſpe Dominam neceſſe amare eſt,
104 749 620 783 Ipſam ſic quoque amem doloris expea,
102 780 527 812 Et curæ ſimul & crucis perennis,
104 812 572 842 Nam cur obſecro damna ſolaæme me,
101 844 736 879 Damna, inquam, haud quoq; lucra conſequantur-
357 890 549 923 Ad Hſarmoſynen.
102 934 622 967 Si me læticiis lætum cupis omnibus, im
133 968 629 1000 Lætitiarum ipſum ſi cupis eſe patrem.
102 999 616 1026 Ne mihi delicias oculorum, dia, tuorum
135 1030 632 1066 Surripemeu longæ ſubtrahe filia comæ.
103 1061 658 1098 Fila, quibus nimium pulcrè ligor, imoligari
137 1092 720 1133 Queis aueam Lacheſi dum ſupereſt quod agat.
104 1124 768 1166 Turpe quidem vincir,at tunc folummodo turpe,
137 1155 614 1189 Infames pariunt illa vbi vincla notas.
104 1186 677 1228 Sed ſi aurum Reges, ſi Reges gemma coronat,
212 1223 389 1254 omu ſecundus
747 1234 803 1260 Ne
