976 1432
115 21 149 43 l
338 88 574 115 ARIA
764 99 807 121 7S
324 139 574 165 Ad Emericum Vicum.
58 170 609 217 Fama eſt, ſopiti vulgus leue For nicarum
136 214 564 245 Tritceis granis ora repleſſ Midæ
57 236 611 281 Fama eſt, teſichori clauſo ſediſſe palato
131 276 661 306 Luſciniam atq; illic dulce iteraſſe melos.
57 298 744 344 Fama eſt taurigenas labrum Apes puerile Platonia
136 338 562 368 Atheriis furtim perpoliiſſ fauis.
55 368 712 407 In cunis ſed enim tibi, Vice, Minerua medullas,
134 400 544 433 Ingenii indulſit ſugere poſſe ſui.
54 428 635 470 Clamq; ſcporato indulſit cum lacte Thalia
106 465 544 489 Doctrinæ rarum viuidioris ador.
52 487 745 535 Ipſaq; quidquid habet pulcrumq; ac dulce Dione
134 527 571 551 Haurire berius ſiui ab vberibus.
354 584 549 615 Ad Harmoſynen.
102 624 652 657 Obuius ipſe tibi quoties ſum, tuque ſerenis
103 657 621 687 Me viſus peetras fulgidi acuminibus
99 687 720 718 Haud aliter rigeo, quam ſi Afgocerota premente
135 718 674 748 Sole, habitarem vſtos figore Hyperboreos.
99 750 674 781 Denius ipſe à te quoties ſum, tuque micantis
130 781 536 812 Me radiis adflas nulla ſupercilii.
83 814 671 844 Non alier caleo, quam ſi canis ora premete
7 845 646 874 Sole habitarem vſtos æſtubus hiopas.
58 875 653 914 Ergo alium te fas Solem mihi dicere, faſque
132 906 584 937 Ammonis fontem me vooitare tibi
1 932 744 979 Ammonis fontem niſi quod cum oracula pandam
132 969 570 1007 era aliis, vni mentiar vſque mihi.
356 1030 537 1054 Ad Phœnicem.
97 1073 672 1104 Alituum princeps, obitu cui ſæpe renaſe
129 1104 651 1140 Ius datur ac ſenium ponere in igne rog.
99 1136 684 1167 Stibi deinde lbet genitalioccumbere letho,
131 1169 622 1199 H aud opus ad Solis mane volare rotas.
99 1199 744 1236 Succuſſuque frequente alarum quærere flammam
528 1239 799 1272 a A miplee
