976 1432
323 89 555 113 VARI.
755 97 799 120 a4
63 129 701 165 Mille ocul quorum certet minimiſſimus Aſtris
133 165 584 195 Imo etiam Lunæ Lucifroque Deo,
32 186 776 233 Monſtra quidem fateor mera profero. non tamen illi
62 226 738 265 Monſtrorum Harmoſynen qui didicere Chaos.
347 268 539 296 Roſarum frtuna.
96 311 576 344 Quid his repente Vita contigt Roſis:
98 344 650 376 Qu cum prius rubore matre Memnonis
95 374 568 408 Floramque odore vincerent Fauoni,
95 405 565 439 En vt modo pritentur eheu flaccidæ
98 437 548 464 Colore cuncto nec ſit iis odor ſuus:
97 469 553 502 Ipſa ſne ventus interemit peſtilens,
97 497 616 535 Aut ſanguiſugus æſtus, aut præceps gelu?
96 532 580 567 Ignota cladis cauſſa vera eſt attamen
98 562 572 595 Si locum habet ſuum apta diuinatio:
96 594 517 628 Illæ Diones inclitum genus Roſa
75 626 519 657 Ceſſere victæ, Vita, protinus tibi:
97 657 569 693 Atquae vt comæ ſenſere primitus tuæ.
95 687 615 720 Flauum rubentes puberem fragrantiam,
94 718 556 755 Elanguerunt omnibus mox artubus.
97 753 517 783 Sic interit maiore ab igne cereus:
97 782 593 810 Sic ſiderum cum Sole marceſcit decor.
96 812 613 842 Et hercle cum rem lance iuſta pondero,
96 843 579 875 Illam Roſæ inficete adibant quæ Roſa
94 874 600 912 ſſe iſamet quibuslibet quibat Roſis.
316 936 559 965 AdCaroluma luſium.
96 975 475 1013 Cluſi, delicies amorque noſtri
95 1008 495 1040 Maximi miliani, Opimitate
94 1039 510 1073 Quo nil nil Sapientia, orbe toto
93 1071 544 1099 Aut eſt aut fuit aut erit ſecundum:
79 1102 599 1133 Quam recte tua nominaomine imples
94 1133 567 1167 Quam recte inquio, Cluſius vocarisl
1 1138 71 1178 l
95 1165 538 1199 Non qnuod acra oculis tuis Apollo
92 1197 592 1235 Aonumque Machaonumque cludat
733 1234 790 1259 on
