976 1432
326 86 568 113 ARIA.
754 100 808 122 743
92 129 603 164 Hcq; adeo Veneris gnato felicius eius:
127 163 587 191 Nu mina cum long iam periere dic.
91 193 612 225 At Scfradæe tuæ creſcente ætate rapinæ,
124 225 589 253 ſtimii ac formæ nobilioris erunt
348 268 548 302 Ad Harmynen
93 314 687 345 Ecce meam libertatem; Harmoſyuilla, capillis:
133 347 653 379 Implicitam, ſpolium non mediocre, tuis.
93 377 644 410 Nam veluti libra quæſiſſes æreque, iuſtum
129 409 626 443 Mancipium poteris ſemper habere tibi.
97 440 700 471 Cerne minas vt adhue ſpiret ic capta, probetq;
130 472 584 509 In ſe degeneris ſanguinis eſſe nihil
95 503 619 540 Haud aliter certe debebat catcere condi
131 536 668 570 Conſtringique manus fortiter atq; pedes.
98 567 647 604 Ipſam igitur quæſo cures aductius: ipſam
131 599 618 633 Ferre doce ſeruum nocte dieq; iugum.
100 629 702 666 Quid loquor? imo, imo, mea lux crinalia tolle
130 661 593 698 Vincula, ſitq; illi qua iibet ire viam:
101 693 744 729 Sic quoq; te ntnquam vel latum deſeret vnguem:
132 724 666 760 Vſque aco formæ capta virore tuæ eſt.
101 755 603 789 Erecta fateor graditur ceruice, truceſq;
134 788 664 824 Hinc atq; hinc oculo voluit vtroq; notas.
101 815 746 855 Sed quid? is eſt hahitus cuſtodis, quem cupit vltrà
133 850 667 886 Impendiſſe dehinc tempus in omne tibi.
102 882 664 917 Fllor? anipſa tuo donec lateri hæſerit, Argi
138 913 574 946 Excubias vincat perpeante fide?
104 940 683 980 Hiſpanus nec ei cetet, nec Colchicus anguis,
134 976 572 1011 Herois quamuis hic era, ille Dei?
104 1006 687 1043 Iire quidem merito nam tu pretioſius ipſie
100 1040 570 1074 Auro pomorum lanitiiq; bonum.
363 1090 570 1124 Hominibus curioſis.
106 1138 746 1177 Quod mihi circumeant dextram læuamq; capilli,
125 1174 625 1208 Formoæ Dominæ verticis ante decus,
104 1205 668 1239 uxuriæ notor à multis, nec curo, gemellam
670 1236 799 1271 Dum-
