976 1432
326 79 572 106 VARIA.
750 93 794 115 4
322 128 560 157 De Auguſto Thuano.
29 156 696 203 Sada. Aſtræa, Charis, Iuno,. Cytherea,inerua,
119 200 557 227 Heic indiuiſos conſtituere Lareis.
86 232 727 268 Heic habitant iunctim, ſunt iis heic omnia præſto
120 265 635 296 Quæ poterant celebri vel decus eſſe poli.
82 295 645 331 Miraris? talem Saturnius ipſe Thuanum,
119 327 669 359 Talem inquam finxit prouida dextra louis,
16 342 651 390 Vt ſimul ad terram è cœlo properaret in illo
24 389 614 421 Cœlum aliud ſubito poſſet habere ibi.
362 438 507 465 Felia infeli.
82 480 576 512 Dum iuxta Harmoſynen ſedere fas eſt,
87 512 474 543 Ac fixi; oculis tuor, manuque
82 544 481 576 Lenta mulceo floreos capillos,
86 576 517 606 Quos ſic crebro adipauit vnione,
86 607 516 631 Vt formam refcrant recentis vuæ,
86 639 535 669 Aut cœli potius nitentis Aſtrum:
87 671 537 695 Non vnus mihi tunc Gruteridarum
86 702 497 731 Sed verus videor Deus penatum
2 701 54 731 t
87 732 497 763 Quos ver aſſiduo colit luuentæ.
86 763 491 796 Seu quid lætius eſt Dea iuuenta.
84 794 514 824 Hanc iuxta ſed vbi ſedere non eſt,
86 827 473 855 Nec fixis oculis tuor, manuue
79 859 474 891 Lenta mulceo floreos capillos,
88 890 506 921 Quos ic crebro adipauit vnione,
86 921 513 953 Vt formam referant recentis uæ,
86 953 505 984 Aut cœli potius nitentis aſtrum:
82 984 539 1011 Non vnus mihi tunc Gruteridarum,
87 1016 478 1045 Sed verus videor reus penatum
87 1047 525 1078 Quos Bruma aſſiduo colit ſenectæ,
88 1077 496 1111 Seu quid triſtius eſt Dea ſenecta.
359 1136 495 1166 Harmoſyna.
7 1178 694 1222 Grande putas facinus, poſſe hæc tua lumina visis
713 1224 787 1254 Quod
