976 1432
1 21 170 45 -
340 61 572 88 VAA
768 75 817 100 7
64 102 562 138 Multorum citharaſque barbitoſque.
63 135 493 167 Accentus generoſitate vincit:
105 166 464 195 Sicut Luoſcniæ canor puſillæ
50 198 536 229 Clamorem gris anteit fragoſum.
42 229 549 260 Aures grus fateor ſat implet: aures
53 261 585 297 Aſ mpiere parum eſt, ſonore ſi non
55 292 637 324 Sic cor ſicque animum replere eodem eſa
54 321 539 357 Vt quærant fier hi & illud aures.
238 368 679 400 In oitum ChriſtophrirThuani Præſidis.
3 391 704 443 Gallia huane tleſtor ſalue age, ac ſimul vale
50 439 727 474 Salue age ac vale Thuanæ: plura uon ſinit pudor.
51 473 755 502 Ladium tam qui tuaru imant coronam texere,
50 500 806 536 Pecore i qidem omnium in ſe prouocant fauentiarm,
52 534 658 558 Ore consra ſed merentur omnium ludibria.
104 560 810 596 Tant enim illud adequtur, quod qui ſympulo breui
1 591 657 627 Claudere vniuerſa aſti cogitat maris fieta.
103 626 690 654 Ah Thuanel ſunma virtus, maxima eruditio,
101 659 655 691 In ſo ens integritas & æqua Diis prue ntia,
104 689 664 722 Galliam totam heatrum nominis fecit tu:
102 723 768 753 Nocte vbi dieque plauſum perpetem ori ac manus
103 753 707 782 Eudicorum ac bonorum ideſinenter excipis.
103 784 651 818 Net pe te Dice chariſque de feretr uſtulir
105 815 681 849 Capſula talique ſucco mie bra bis ter abluit,
105 848 666 881 Spiritu t nouo re cepto ruſus incaleſceres:
102 879 631 912 Inque ſel a te Curuli colloares præſidem.
104 906 794 942 Nc mora vlla. vtrumque Numen ſic ſedentprotinus
102 941 769 971 Aſolo hinc & hinc leuauit addomos Olympicas,
101 974 650 1006 La è vbi ſplendre claro fuiguras & Gaſiiæ
101 1006 670 1035 Suicicis tuæ aboſolutam psæſidis i aginem:
100 1034 808 1069 Galliæ turimo Europæ, iriq; imo Orbi, imo omnibus
316 1083 558 1116 De Oceis Cupidæ ſuæ.
97 1126 528 1162 Ergo credam oculia meis? meiſue
98 1160 530 1194 Ergo oredam oculis: iuoque ver?
556 1195 809 1220 aa Certo-
196 1194 377 1225 omus ſecaundus
