976 1432
907 42 952 89 I
287 83 544 120 VARIA.
746 106 793 129 9
299 139 577 171 De Cupidine clis excluſo.
55 169 656 218 nihil occurrit toto orbe, potentibus armis
116 213 662 245 Ouin ſibi ſubiiceret Cypride natus Amor,
53 245 671 276 Intumuit pueri de more, frequentibus ac Diis
53 277 626 307 Nil niſi parta nouo Marte tropæa crepat.
53 303 595 341 Illi eadem toties pertæſi audire. puellum
53 341 552 368 Omni præcipitem deuoluere polo.
52 365 632 407 Exul erat, ſed non etiam ſibi diſplicet exul:
54 402 660 433 Sic quoq, ſed spirat fronte manuq; Deum.
53 424 672 471 Cet bus ac certus bellum acie inferre Deabu
54 466 628 496 Harmoſynes ponit callida caſtra coma.
52 487 621 531 Vix ibi conſediit vindicta en excidit omnis,
54 527 684 558 Dememinens cœli, demeiminenſq; Deum eſt.
54 558 728 593 Quid mitum oblitum rel qua ilicet omnia i quin t
110 592 591 623 Tantillum poterat rec meniimiſie ſu
322 650 506 680 AdHarmoſyin n.
54 690 595 726 Ah ira quænam erit tua ?ita quæ ram erit
54 723 593 757 Harmoſyna ſi iam mitis & comis noces ?
55 756 528 786 Meam eſſe te fateais, & vere es mea:
56 787 620 820 Flamm:s tuorum ſic tamen torus cremor,
56 818 531 850 Ocellulorum. nec mitus tots gelor
52 849 527 882 Linguæ pudicæ ctaſtinantis ſpritu,
58 878 634 913 Vt neſciam quid ſim, quid haud ſim ſed du
57 910 620 944 eCernam ire in vnum elementa vel contraria
39 943 568 976 Vt perdar vnus mutuo inquam pignore
4 959 529 1009 HFrigus calorem roborat, frigus calor
1 1004 592 1040 Ah ira quænam erit tua? ra quæ nam erit
1 1036 576 1069 armoſyaa, ſi iam mitis & comis noces?
279 1096 557 1127 Ad Hugonem Donellum.
60 1135 587 1174 Hngenii tot viua tui dum fulgura mentis
2 1163 572 1204 Irradiant nebulas, die Donelle meæ:
60 1203 640 1237 Iure ego te miror ceu lapſum deſuper Aſtrum
698 1227 810 1267 uod
460 1238 574 1268 Aa a2
