976 1432
310 73 605 110 VARIA
747 82 827 106 74
283 115 600 148 Ad Philinpum Marniæxtum.
1 162 683 199 Ero etiam ibi noſtra placent mins ot a iuge
127 191 713 224 Quæ mhi ncta faceſſut quæ diu r gotim?
1 200 55 232 s
29 224 764 260 Par e humlt parce ah animæ: non poſ mus omner
123 255 694 288 Omnia eſſ quod iuuenræ. ver fut Marnixiæ.
12 280 711 324 Tu qode hocael mlle virorum ſæcula vix vix
125 317 761 351 Imprba ptione ſperent. atmrhi et par quilibet.
1 332 65 360 e
60 349 735 380 Parce humili parce ergo animæ. Te ſtudo volantem
87 379 768 415 Si neget ceruum ſequi, laus eſt magis quam, inertia.
49 413 704 452 Satq ſupeiq mea hæc teſtudo tramite tuto
103 443 648 479 Repe ad vireta Cln ſi poteſt & gratiæ
2 475 590 519 . Egerit vt: illic vitæ quod teſtat, inans
140 505 705 537 onetæ tans feratur aureæ aureos tholos.
97 537 640 568 Illa ibiſeud bus nullis ohducta iacebit,
129 565 800 605 Siue qus de gente au o: eam induet chordis nou,
40 600 629 639 Quaſicumq mauu pulſabirur ocyus vltro
131 629 783 666 Proxime à Plœbo Philippum concinet Marnixium.
1 662 660 705 Oita ſir CloIota ſit charis ipſemet vt ſim
129 690 803 727 Mortuus cliens Dearum, quarum eram & viuus clis,
351 755 542 783 Fatum ſinitrum.
3 796 699 837 FHam premit Erigones lampas Phœbeia lances,
139 828 725 865 Dædaaq; omnimodo ge rmine vetna humus.
52 857 776 899 Quid tame hoc ad me ſi nox caput itud obumbrat
139 894 526 931 Spinoſo ariè cinca ſarellitio?
1 921 695 965 Quid tamen hoc ad me. ſi cordi cura ſuperſtat,
119 955 644 994 Et prohihet propius gaudia ferte pe dem.
1 981 747 1034 Ha ic yma:ha gemitus: niſi tu le o mea, ſudum
139 1020 618 1051 A cla ro exhibcas rontis hono e diem.
1 1051 699 1098 Obruor æteroum tenebtis, fruſtraq laborent
142 1084 682 1115 Ponere mœ: ori cuna venena modum:
1 1108 768 1161 on i ecyahis telenaobruataurea, queis mox
146 1147 613 1182 Thele achi indixit triſtitiæ exilium.
55 1180 655 1213 lNon i me Alcidæ deponat nectare coniux:
1 1206 56 1235 I
756 1207 834 1240 en
487 1217 645 1240 Aaa3
