976 1432
318 72 555 97 VARIA.
735 74 783 97 7
84 113 668 149 aic amorum eia choreæ gemmeas luce faces.
85 148 610 187 Igne tali fulgurantes, vtgenus mortalium
91 176 785 211 Alteram himc Solem alteram inde Lunam oriri ſentiat
90 210 738 242 exas eſt velut ſui Sol omnibus auclerquiut,
93 242 655 273 Sexus et velut ſui Luna omnibus francinula.
93 272 754 314 Hi trigeſimum modo implent coniugii vindemiam:
92 306 625 345 Vixrq; eis tamen videntur eſſe triginta dies.
92 339 642 375 Imo vix horæ videntur eſſe eis ter ac decem.
91 367 720 401 Mentior: vix eſie horarum ot minuta exiſtimant.
92 399 702 439 Aut ſi quidpiam eſt horarum ſcrupulis minutius.
93 434 757 464 Nec nouum idcolumbulorum more, more turturum
93 463 646 503 Abſq; iurgio abſq, felle, mutua inter Oſcula
2 501 32 520 .
93 499 631 528 Mutuos inter ſuſurros fœdera inrer mutu
93 525 690 564 Dum dies nocteſq ducunt, factus annas e ſt dies,
924 536 971 557 Iu
94 551 759 590 Imo factus annus hora eſ, factus hora ſcripulum eſt
2 562 34 583 t
95 585 762 630 Hocq; prompiius quod vlla haud interim domeſtica
95 619 736 657 Crux, crucis nec vmbra eorum decolorarit Lareis:
96 652 649 687 Mortuum nil extulere limine. imo è limin
96 687 660 718 Nulla ſeruæ nullus feruus tranſiit ad exters:
1 692 62 725 e
96 714 704 755 Perſfitere vſq; vfq eodem, vel piam per cpula
96 748 641 788 Nuptialem tranſiere proprtas inde ad lareis,
97 774 766 819 tq; heri exemplo exemploq heræ ſuaues coniuges
97 809 655 852 Abſq; iurgio abſq; felle, mutua inter oſcnla,
98 847 641 876 Mutuos inter ſurros. fœdera inter mutua
100 865 793 914 Noctem agunt omnemdiemq;, tempora imomegligt
99 905 665 943 Et velut Dei Deæq;. tempore absq; victitant.
102 935 691 970 Onimis vitæ innocentis dulce contubernium
103 967 712 1009 Quale quiſq; fi vellemus viuere æuum deincipess
103 997 786 1041 Non Enyo non Mars eſſet, non Eris, non Faſcinus:
102 1031 656 1065 Exſulet ſimultas omnis, omnis & calumnia.
102 1067 708 1101 Exſulent Quadtuplatotes iuriumq; lInteiprets,
101 1095 600 1131 Natio crumenimulga. ſan guiſuga natio.
1 1127 29 1147 i
103 1126 628 1158 Exſulent ſoni tubales, exſulent enſes feri
104 1157 696 1198 Pa vbique regnet regnet mentium concorda.
104 1187 795 1231 mque equis triuplet albis tam voluptas quam riet
521 1222 807 1252 Aa i
