976 1432
360 86 693 129 GRVTER
181 103 233 128 44
218 135 821 175 Ergo vos Dei, viciſſim tam beatam copulam
181 172 973 224 Quæ me honore quæ me amore maximo complectitut.i
185 202 829 235 aimeia nun amore. nunc honore maximo
182 233 785 264 Mactam habete eam inſolenti proſecui adorea.
919 250 973 282 i
183 266 780 297 Hru ilſiuſq; ftonde multa ambite erricem,
182 297 816 328 Fronde, luco de parentis ſegrege, in quam nil queat
183 329 773 358 Vel Noti brumale ſrigus, flamma vel caniculæ,
872 344 973 384 u
183 359 829 392 Sed viore quæ pe renni, ſed quæ odore perpete
183 392 799 422 Anteat myrtum Dines,laureamq; Apollinis.
181 424 816 454 Vle ſertum vterq, malt, quam coronis aureis
872 434 973 473 l
185 454 760 486 Colla ſi ac caput grauentu ſiq; de rubro mari
169 486 847 518 Grandibus micent pyropi, gtas dibus baccis micent,
182 520 971 558 Dexteram a læuam iis opertr ope: i & aures & comass
178 549 772 581 Attrahant ad ſe p peili lumina tq m urmnra.
918 567 974 598 s
181 580 973 623 Gemma morte. morteq; aur non caret flma improbp
163 612 814 643 Nunceis auferthonorem, nunc vetuſtas temporis,
919 632 973 661 s
182 644 683 676 Ne perirs ſæpe dicam vi vel inuidentia
930 659 973 692 i
179 676 756 707 Sæpe furto ſæpe caſu, ſæpe latronum impetu.
178 706 873 741 At quem amor ftatreſq; smoris floreo nqu aſpergine
178 738 781 769 Frondeaue vnquam coruna decorare obnoxius
177 765 972 801 Mortibus morbiſue non eſt. hunc ſuutas hunc enuspp
934 798 974 832 e
176 801 826 831 Hunc charis Lepoſq; chloris hunc na & Faonius
175 832 973 866 Tranſuehunt montes ad ills in quibus Phœbus ſedet,r
913 863 973 892 i
173 863 839 894 Tauuehunt fon es ad illos in quibus Muſæ natant.
922 896 974 928 Iuo
171 895 734 927 Heic ſemel quicunq; venit, viuit æuiterniter
938 928 974 953 H;
170 927 703 959 Nomen cius at tabellis annoratngloriæ
167 959 741 990 reditumq; honoris albo litetis mere aureis,
924 961 972 986 q
171 991 717 1022 Sumit alat atq; pennas, & vlatu præpete
905 995 974 1021 Au
2 1007 49 1028 ll
170 1022 838 1056 Inde abit terramper omnem, quaq; Titan æquore
899 1021 973 1054 i
168 1055 795 1088 Conditur proditq. quaqs regnat rctos ac Nepe.
169 1084 762 1118 Nuſpiam tranſit ſecundo gentium ſin omine:
898 1085 969 1110 ui
170 1117 839 1151 Ouiq; clamat,quiſq; plaudit. quiſq; ei laudes canit:
897 1117 974 1148 ti
168 1149 860 1181 Non m odo ore, at tympanorum ac tibiarum iubilis,
170 1180 800 1216 Sed te ſtudinum tenore, ſed tubarum flatibus,
902 1186 974 1213 r
168 1213 858 1250 Scd lyrarum ac cmbalorum cornuumq; vobus.
901 1214 974 1248 Iu
2 1220 55 1250 I
803 1248 911 1286 Dum
1 1255 51 1281 I
