976 1432
338 101 573 123 VARIA.
756 107 803 129 548
40 139 771 174 Dum ſiutantum increbreſcit diſſonans ſymplionia,
51 175 756 206 Templa, turres mœnia arces adſonant applauſibus:
39 198 786 242 Fluminum ripæ hinc reſultant, æquotum inde littora.
40 237 694 271 Antra valium reclamant, rupiumq confraga;
40 268 754 303 Collium accinuut arbnſta montiumq, vmbracula:
45 299 771 336 Cunctaq; hæc in vnum mixtaæ rgutia Echus gartulæ
42 330 600 363 Aëris per alta Diuûm iactat ad palatia,
41 360 771 397 Et replet Francinula omnia, omnia & Mauclerqui.
369 406 491 429 Ad Tiam.
57 448 677 493 Qod pretioſa tibi velamenta aſperet aurum,
137 482 649 517 Totaq grmmarum fulguret igne coma.
20 504 711 549 Vndiq quod talis celſum i plcet vnio collum,
142 543 633 579 Auriculis qualem nec C leopatia tlit:
107 573 802 610 Te Veneres, pia ſ.ripuiſſe vnam omnibus omnes
142 604 660 643 P lebs putat & per te Cypria null Dea eſt.
106 634 804 677 Plebs putat: atnon ipſe etiam. ſcin cur? mihi tantu
2 662 60 695 f
141 670 610 708 Illa placet vere q;uæ ſine veſte placet.
362 721 550 752 Ad Hſarmoſynten.
110 761 679 803 Dum perſæpe meo, mea vita. in corde voluto,
145 795 681 836 Quatta tuis membris re gnet vbiq; Venus:
114 827 641 867 Nec reſtet toto terrarum fœm ina circo,
143 859 624 894 Vitutum quam ſic b ga gemella beet:
112 891 682 930 Mœrorum maculas fundo de pectoris omnes
146 920 643 961 Exigo & inſo ita gaudia mente fero.
115 950 675 993 Non qnia te firſan ſpere quandoq; potiri,
133 984 628 1017 Aut ærmnarum corde f uere mius:
115 1014 723 1051 Lun ina ſed quoniam ſcio bina ſepulta tenebtis,
149 1050 585 1083 aauit qui me primus amo e Dei.
1 1051 64 1078 l
1 1079 65 1106 I
118 1079 674 1116 Nam ſi amot vti oculis poſſet lu, teq; tueri
150 1113 681 1144 pelace â ſummo vertice ad vnguiculos,
115 1145 649 1183 Ipſe tui uitus qurmuis deponere cultum
150 1178 581 1214 Cogerer imnrio urldiors heri
118 1210 697 1244 Sic eteim tabidifiama flagraret amoris,
783 1242 817 1266 t
556 1245 660 1268 Aaa
