976 1432
328 85 561 110 VARA.
756 91 810 115 4
104 125 680 159 iq; modo eſurie cruciatet hiante medullas,
136 158 570 188 Sicq; modo veni ſtaret iniqua ſiti.
101 190 650 220 Vndiq; vt vno omnes clamarent ore puellæ,
133 220 663 250 Nil mage te ſæuum, nil mage me pariens:
102 251 693 283 Suaderentq; ſimul, trux illud agalma fugarem,
133 283 536 313 nducta alterius Virginis effigie.
99 315 630 347 Non male, ſi foret è cera liquente cor, èue
133 347 608 376 Ma teria. in cidi cui noua forma queat.
102 375 719 408 Sed quid? me vnquam alia poſſet gaudere figura,
132 409 638 438 n ſolidum vertit cor Adamanta Venus.
364 453 534 483 De Harmoſyne.
101 496 650 524 Obuia cum mihi fit faciem velamine tecta
133 528 595 560 Harmoſyne viuens deſerit ora color.
99 558 711 592 Viſceraq; extremo quafſus moribunda tremore,
131 592 604 621 De feror ad terram præcipitante genu.
99 620 739 656 Iamq, omnis morerer, capitis niſi tegmen opacum
131 653 602 684 Tolleret, &nudi pnderetoris opes.
98 682 670 718 Nam ſimul ac vultus læto ſplendore lubeſcit,
131 714 624 745 Et medicinam oris ſpiritu hiante facit.
98 747 681 776 In cunctos redeo ſenſus, animaq; recepta
131 776 685 808 Tollor humo, atq; eius pronus adoro pedea.
99 808 661 844 O ſignum miſerantis heræ O pietatis imago
129 839 615 873 Vnica plebs fieri cum videt iſtud ait.
97 871 584 900 Sed falſo : Buiridicæ nec parte ſat vlla
131 901 643 933 Semina tantillum cognita mentis haber.
96 931 693 964 Præſtat id, hen, ſolum propri conſulta ſalutis,
129 965 572 997 Illo ne pereat quo peream ipſe die.
97 996 699 1028 ita etenim veluti mea pendet ab huius Ocellis,
126 1029 563 1060 Eſt & ei noſter ſic quoq; vita dolor
246 1078 617 1109 Contra Capillum armillæ intextum
93 1119 490 1150 Ha virtutis anu Capille, cuius
89 1152 458 1183 Libertas mea, ſic ligata nexu
92 1185 559 1223 Hærer ſimpliei e catena totam
698 1225 787 1249 Totam
918 1339 974 1361 .
