976 1432
338 91 575 116 VARIA.
764 98 809 122 75r
137 136 446 170 oluit catenis Hercules.
60 167 787 205 tme &dolor pudorques nunquam Heræ hinc feret
139 200 422 231 Placabilis benignitas.
347 245 577 276 In Dominæ picturam.
57 289 681 327 Heic tu picta quidem es, dici ſi picta meretur
135 319 611 352 Cui penitus formæ linea nulla ſuæ eſt.
57 349 697 384 Atq; vtinam foret heic ſaſtem te cernere Solis
136 385 632 415 Qualiter in ſtanti cernitur arcus aqua:
56 410 726 452 Quanquam pars ſit ibi molis minimiſſima vaſtæ,
138 448 596 478 At vaſtum vel ſic indicat ipſe Deum.
105 475 712 512 Atque vtinam foret heic ſaltem te cernere, Solis
137 509 625 540 ualiter in fluida cernitur orbis aqual
1 537 711 582 Quanquam pars ſit ibi lucis minim ſſima vaſtæ,
138 571 590 602 At vaſtum vel ſic indicat ipſe Deum.
1 602 631 636 Iſta tui vix eſt ſed imaginis altera imago.
138 634 621 664 Altera i non: vix eſt tertia imago tui.
53 663 780 711 Quid loquor? imo vix milleſima imaginis vmbra eſt:
132 696 659 729 Ime nihil prorſum eſt, Hrarmoſynillatui.
258 748 653 778 Ad Philomelam, in natalem Reginæ.
1 784 737 836 Mille & mille potens pridem Philomela ſonorum,
136 823 668 851 Primo vbi floriferas panderet annus opes:
55 850 660 897 Quid nunc in dumis alibi ila poetria ceſſas,
136 884 633 916 Tempus Eliſæ iſtud nec genitale canis?
1 912 681 956 At tibi iam mcdo erant linguæ vocalia plectra
136 945 611 976 Exercenda citis nocte dieque modisr:
54 970 706 1018 Cum tellus etiam ipſa, etiam ipſus vitulet æther,
137 1009 672 1042 Quotquot & ex magns fulmina nata mari.
3 1038 631 1089 An fortaſſe ile, reperire meliſmata tantæ
135 1073 700 1104 Taruula quod meritis non potes æqua De?
54 1103 718 1145 Ah ne ideo muſſsl quia ſi ipſam à nemine fas eſt
85 1136 578 1168 Laudari, quam cui ſic ſatis oris erit:
54 1161 687 1200 Omnes ad ſummum merito taceamus abimo,
55 1199 674 1231 Vſque adeo heic fandi vis abit omnis iners.
728 1238 795 1269 Quin
