976 1432
323 69 467 94 VRIA
752 66 810 102 s
17 108 541 142 Guttula, Mellerifama ſuperſtes erit.
211 175 679 205 Ad Carol. Vtenhouium de Conſt. Lisrchio.
13 235 573 272 Audio quæ dictas rarior vnio Suadæ
1 269 684 301 Vtenhoui; idque etiam quod cupis ipſe volo.
9 301 687 341 Sed volo ne quiquam velutiq; volebant Vlyſſes
58 333 595 364 Sirenum audierat cum gniale melos.
12 361 658 396 Nempe Acheliades cuprebat adire ſorores;
56 396 676 428 Vincla ſed obtabant hi:ic pedis indemanus.
15 421 689 463 Et mihi pro vinclis subeunt ratioque pudorquo,
55 459 674 493 Queis totus, ſanquam duro Adamante, ligor.
10 487 750 532 Nam quidivt æternis Lis:rchum annalibus addam
110 522 624 548 Lislcerchum cui dii cunca dedere bona?
8 547 630 588 Hucque ablegarunt regararet vtaurea ſecla,
107 585 615 618 Pandoræ quondam confœterara manu.
15 615 686 659 Ahnulli laudum mare fas tam grande merarum
55 647 565 683 Abſque necaturo currere naufragio.
9 675 749 724 Nedum id ego poſſim cui tantum cymbula præſto et
107 710 614 747 Remige arundineos fiudere ſueta lacus.
9 740 652 779 Ouin ipſum potius tacita intra pectoris abdo:
109 772 658 809 More ſacerdtum quos pia memphis habet.
12 806 606 840 Vtque deos adeunt pſi ſine voce; potenter
108 837 606 871 Sicego Lisherchum vel ſine oce cano,
73 868 714 901 Namque alias, ſolidum induat vt facundia corpus,
56 899 580 929 Liserchofuerit, vix tamen ipſa ſatis.
289 964 574 994 Ad Danielem gertem.
6 1020 725 1063 Parua quidem tua ſunt, ſunt pauca poemata Rogers
105 1061 604 1089 Pectora amicorum queis receare potes:
57 1086 736 1122 Parua ſed iis nequeant nequeant iis paûca videri
57 1122 644 1156 Pendere qui quæuisnon numerare, ſolent,
1 1151 574 1196 Pæonis integros auditur )ica per annoe,
48 1186 661 1221 Scandit & antiuolans clangor in aſtra Gruis.
537 1218 768 1247 BbbSed
183 1220 353 1252 Tomus ſeundus
904 1246 973 1306 I
