976 1432
358 77 521 104 VARRA
6 102 684 182 i extra eum it nilque intra mœnia mundi
139 149 614 184 Frontis iaſpidibus quin ſine fine riget.
55 178 779 219 Nuper & ho Maia genitus quoque ſenſit, Olympum
54 211 562 260 Et Stygaiuratus lce vigerenoua.
371 276 503 302 d Solem.
2 324 646 371 Luminis &ſæcliqu parens, cur alitecurru
127 367 596 403 Sic ſubit noſtris quæris abire plagis?
1 400 706 436 An properas narrare locis ſub Atlante repoſtis,
76 432 571 463 Heic regnare merè ſideris ora noui?
25 462 651 500 Aut illic potius pergis lucere, ſat heic quod
62 496 635 528 Harm ſynilla tuam ſuppleat vna vicem?
31 527 691 562 Sue hoc ſiue illud cauſæ eſt ne fic fge ne ſic
123 558 601 591 Flammigenis inſta ol generoſe feris.
52 580 686 623 Quin ſtriga q æſo, ſtiiga; atque diu aſpice lento
127 623 619 655 Intitu Harmoſine qaot ferat ore dies.
34 649 606 687 Vieius decora in tanto milleſima curſu.
125 686 606 715 Tamque interuallo diſpatiante notes.
1 707 617 748 Nil audis video:fgis imo hoc ocyus:eius
1 745 617 777 Vſque adeo vel ſic ſunt tibi crux oculi.
363 813 517 845 De upidine.
23 860 667 910 Dum non ceſſat Amor crebris vrgere ſagittis
119 906 619 937 ectoris anguſt durum adamanta mei,
1 925 679 974 Tenſa diu nimim tandem diſirmpitur arcus
121 969 676 1004 Chorda nec eſt telum qnuod iaculator agat,
88 1000 704 1039 Conſilii ergo exſors lacrimas tot fundit, vt eius
119 1033 702 1065 Imde extincta irepens ſit quoque fla ma facis.
82 1064 642 1095 I ſimul v video, metuoque ſeuerior in m.
118 1097 587 1132 Irrueret Veneris ira inopina Deæ;
83 1127 738 1167 Comiter his puerum plorantem accedparumpe
112 1157 549 1192 Fletibus o fiat pauſa Cupido, tuis
55 1176 775 1228 Fallorian Harmoſynes accendere lampada Ocelſis
513 1229 631 1255 Bbb 2
732 1236 790 1265 Irs
