976 1432
347 79 544 113 VARIA
33 117 774 154 Neemora totum iterum ſe ad calcem à vertice comit
118 152 654 183 Hrarumreſides nec ſinit eſſe manus.
4 170 741 216 Furibus hæ gemmarum oculis decorare iubentur
132 215 677 247 Quadriiugeſq; feros, quadriiugeſque rotas.
2 236 703 278 Ha magis horribiles radios de pyxide promunt,
130 278 714 311 Fulgeat indomitæ queis mage flamma comæ
4 299 691 341 r Iamque ſuo poſitus ſolio per inane triumphat,
132 341 668 377 Harmoſymæ certus vin cere frontis opes.
36 364 587 410 Alie ſed læuo. aam viſis eius ocellis
133 404 606 435 eficit, ac ſtero non regit arte iugum,
55 436 683 467 Redditus imo fibi,caput en auerſus in ortum
132 467 603 493 Flectit &Auroræ lumina rurſus initi.
10 495 699 532 Cogitur vtque exire minis louis; exit opertuss
136 531 636 562 Et Dominæ ignotum currere geſtit iter
41 560 715 595 Hæc vbi contingunt, Titane ego mſtior adſto
134 594 620 626 Omnibus ac ſudor manat ab articulis.
103 623 808 658 Eſtque metus modo, ne Domina ſpeculante metallum,
1 642 653 689 Narciſci renouet morte liquente necem.
64 687 713 716 Et modo ne Phœbus Furias ſtygis excitet: inque
139 718 682 749 Auricomi vultus lumen vtrumque volent.
59 749 651 787 Ergo ne Soli muteturmenſque colorque;
139 781 653 812 Et maneat deinceps illaque & iſte mihi
58 811 702 847 Ne mea Lux, te deinde illi da quæſo videndam
142 845 686 877 Quam fer vbi medium iam peragrarit iter.
64 869 795 909 Tunc etenim occiduo potius ca put æquore condet
1 906 690 948 l Quam velit emerios trux reuocare gradus,
2 938 702 981 Cui tamen ipſa bono de forma conſulis orbes?
142 969 739 1005 Quæ mouet inuidiam Phœbo, ea pulera ſat eſt
1 1002 713 1036 tImo imo Harmoſyne, ſi par eſt credere vero;
143 1034 734 1067 Quæ mouet inuidiam hœbo, ea pulcta nmis.
368 1099 575 1122 Deooulis Domina,
59 1160 714 1196 Lumina cum Dominæ fas eſt ſatutare decore,
144 1195 736 1231 Qam circum luut hincmor, inde haris:
769 1230 814 1253 Ta-
543 1228 655 1256 Bb
