976 1432
344 87 511 112 V ARI
359 155 540 178 Ad Leandrum.
57 201 626 249 Tpfetuos ;uoties recoloicander amores:
128 241 702 273 Vtque ſacram intulerir cœca lucerna necem;
2 265 662 309 Fit cito cordolium mihi pallentique colores
136 305 671 335 Millt. graue ex oculis depluit agmen aquæ:
54 333 631 374 ultaque tardipedi facio conuicia fabro,
137 365 640 397 Multaque ventorum de feritate queror.
53 396 745 427 Sic tamenat lætor tacite. mihi tale quod vnqua
141 427 652 460 Diſcrimen neqneat tædaue bſve dare.
11 454 772 500 Non quia formidem Nerei dare membra procelli
133 491 614 526 Crinibu abſtergat quæ mea vita ſuis:
106 522 670 558 Non quia formidem laciari totu, vt inde
142 554 628 586 Rurſus heræ tepea viuidiore ſinu.
52 584 711 625 Sed quia lux per aquas mihi ptælucerer: ab vllo.
144 617 700 643 Non minuenda fceto. non min uenda Noto.
48 649 671 686 armoſynes dico, dno ſidera: quæ licet irem
145 680 634 708 Solis a Aurora, Solis ad vſque Thetin.
55 711 659 746 Non allucerent aliterquam qnæ vomit alto
147 742 632 776 Veſpere centeno lumen ab ore Pharus.
56 773 808 805 Nunc ſedeninm heutua quam ſos eſt contraria noſtra
147 806 691 838 Pe iammas Dominam cogor adire meam.
109 837 748 872 Præc pites flammas quæque eminus ilicet, heu heu
147 869 719 901 Sic animi atque aninæ ſenſa calore coquut,
114 901 634 936 Sæpius vt fiat votorum ſumma, deinceps
146 932 618 963 Fro tumulo totum poſſe teneremare.
265 996 668 1024 Ad Eliſam Britanmiarum Pginam.
60 1059 657 1093 Oreliqua, Regina, tui Carbuncule ſexus,
154 1091 648 1124 Oobis præſens huius &huius honor:
115 1124 729 1156 Quæ ſtatuarum amplæ moles, quæ altaria, quæve
156 1155 580 1187 Virtuti cedant debita templa tuæ?
61 1180 696 1226 Fallori an vt luſtris operas hinc inde ducentis
478 1226 581 1254 Bbb 4
747 1235 883 1258 Co-
