976 1432
913 1 960 36 V
321 104 468 127 VARIA
750 111 795 135 7q
242 148 642 180 Tphyre morr inmitatio Scaligerana.
50 198 794 245 Quid rear hoc iLephyrus Dominæ circum ora vagatur
129 239 592 272 Ipſiuſque mouet turgida bella peplo.
40 258 699 305 Nec ſatis interius quoque ebur venerabile colli
130 303 562 334 Circuit, ac pergit baſia ferre genis.
38 321 700 367 Iudignum facinusltantoque indignius iſthæc
130 365 576 396 Penè vitio fieri quod ſinat ipſa ſibi
59 396 701 431 Mſe miſerum frontis turbet leuis erro coloremi
81 428 575 452 Aduena diiiciatſerica vela comis?
54 456 701 498 Luminæ non notus? meritus nihil oſcula carpat?
133 493 646 523 FPræcipue ille, domi enui ſua Chloris adeſt
54 517 765 559 Me ſed nim eiuſdem Patriæ, eorundemq ſacrorum
128 555 582 585 Et quem no bilitat prodigioſa fides,
53 575 687 622 Hactenus aucupium vix auſum ſimplice viſu
134 618 693 649 Viu auſm Hatmoſynes lumine obire genas?
100 649 745 686 Sed quid?an hæc ipſi cedunt impune, qnod exſtet
133 680 635 711 Perfricto impauide nullus in ore pudori
99 710 704 742 S ſic;e quoque me fortem: reuerentia nec quæ
131 742 662 773 Impediat iungam quin modo labra labris.
99 773 690 803 Ah anime, ah deſiſte Anime ah deſiſte fit ignis,
130 806 646 838 Fit pyra, fit buſtum pennipes ille procus.
311 872 547 898 Vita etra amantem.
1 920 58 957 l
97 928 763 964 Dum ſtellata procul facies Dominæ exulat, ecqu
135 964 767 994 Vita mihi eſſe queat quam miſera atque dolens
99 996 701 1026 Eſt miſera atque dolens certe mihi vita: carenti
131 1027 705 1058 Ti cordeatque anima vita homini eſſepoteſt.
98 1058 661 1089 Sed ſupereſt:alias nam quei ſentire tot igne,
134 1090 680 1122 Totq; ruces animofulgura totque queam?
96 1121 730 1152 Mentior:haud ſupereſt: nam ſi ſuper vlla maneret,
132 1153 596 1185 Igneexpulſa olim frigoribusve foret.
99 1185 699 1217 Si mihi vita tamen, mihi vitula ſi tamen vlla eſt;
130 1217 683 1245 Non mea, ſed Domius vitula tota meæ eſt.
756 1253 793 1278 In-
