976 1432
324 76 465 99 VRIA
752 80 799 121 7s
64 115 649 152 Eteua multiplici ſpecies tranſcripta figura,
128 150 585 178 Belgarum varie veſtiat omne ferum:
36 175 633 214 Nominis ac rcpleat clari late omnia laude,
129 214 624 244 Quacunque Oceaniterra feritur aquis.
17 232 647 278 Nam tibi nam longe cedit Dermetrius olim
128 276 627 307 Vrbicapus, rigidam res vbi poſcit opem.
22 294 645 346 Vnum ſique vices ſit opus ſupplere virorum
130 335 605 361 Mille, Siracoſium diſiicis arte ſenem.
38 357 711 404 Sin libeat quoque res reſtas memorare diserte,
81 400 677 435 Hic tibi vox Xenophon ſe ferat ipſe parem.
55 434 637 469 Et certe, quanquam præclaris ſæcula rebus
92 464 639 496 Iſta minus fateant, inuideantque nimis;
30 495 659 527 Conſilio tamen iis ſimul auxilioque putaris,
128 529 716 561 Cenatimanſque A gts, centoculoſque Gygess
297 591 579 628 Petro & Francioo Pthis.
1 645 688 693 Cum labris vtriufque fluat veſtrum aurea fanci
128 685 588 716 Copia, cui ſeſe vis ingat atque fides:
35 705 701 749 Cumque ambo reſereti operta ſacraria legum.
124 749 574 780 Doctaque veridicoſcita feratis epo:
30 775 617 811 Ecquis io negitet verè ſb imagine veſtra
123 811 693 842 Cum Peitho mixtim Pythium habere Deum?
264 875 598 904 Ad Frnciſcum Hotomannum.
39 937 656 973 Ve cathedra è pendente doces ciuilia iura,
119 969 666 1001 Temporibus priſcis Vrbs quibus vſa Remi:
27 1002 681 1033 Diſcipuli dubitant num vox humana loquatur,
63 1033 617 1065 Anne Dei;, aut quæ ſi munere ſicta Dei.
86 1066 656 1096 Aſt ego qui propius tete tuaque omnia noui,
117 1096 624 1126 Taiia diſcipulis reddo Hotomanne tuis.
1 1128 784 1172 Sic eſt Mercurius ſimul atque Aſtræa Hotomannum
121 1160 520 1190 Artibus à puero perpoliere ſuis.
63 1192 788 1230 Verum olim:nam nunc vltro ipſe Deamque Deumque
732 1230 788 1263 Flu-
