976 1432
388 75 541 101 VARI
327 114 564 149 Ad Reginam Aangli
36 173 713 214 to Thameſi cernis natitantes amne volucre
125 210 626 241 Eſſe putas cunctos forſan Eliſa cycnos?
53 239 648 279 At cuncti non ſunt. quin ipſos inter Horatii
124 273 649 302 Credibile est Flacci clam latitare caput:
34 298 617 344 Nam ſi pro voto cano etmutatus Olore,
127 336 623 367 Certe aliis iſtud prætulit æquor aquisa.
33 365 643 405 Heic vbi ius ac fa, o auguſtiſſima rerum,
128 397 548 431 Aſpectus oculos pafcere luce tui.
38 428 635 469 Miraris quod non reliqui ſua dulcius ora
130 460 658 492 Soluat, & occulta gra nde quid arte canat
2 490 697 533 Hoc plane faceret, metuat niſi ne tibi fors tune
125 523 548 558 Aſpergat tacita ſuſpicione iecur.
51 553 698 592 Anne malum oblita e facinus; talialite tectus
129 586 598 621 Quo d ſubiit Ledæ ſuppiter ille toros?
299 650 588 673 Ad Simonem Stenium.
38 706 688 747 Tantum imo Steni abeſt calones inter habere
7 741 652 778 Vt mihi vix aliquem commereare locum?
53 773 695 815 Vt contta, niſt amiccrum vel in ordine primua
125 806 591 837 Ponaris, Veneris fiam Eraruſque reus
54 837 737 869 Quarum hæc dar capiti talem trbi hiare corona,
131 868 736 901 Vis nihil in qum Hiemis Mulcilerique queat.
54 893 618 935 Illa ſed ora tibi diſtet dictvans mare nato
129 930 626 965 Nectare; quale bibit sæpius ipſe rlato:
3 936 63 960 5
54 959 767 1004 Non tunc inſanti ſibi. pum cum examine ab arcto
128 994 591 1027 Impleri ſenſit melleo adore labras
55 1025 632 1066 Sedcum oculos in ſe totius verteret orbis,
126 1057 660 1090 Dignaque Mer curio iam loeretur hero.
84 1087 716 1122 Ergo ades Steni & alicibus mea caſtia ſecundi
126 1121 604 1152 ſngreſſus, tabulis nomina crede nouis:
91 1152 630 1179 Nec ſacramentum lara meiue edere voce,
122 1185 619 1223 Ante ſibiâ quo totnon meuere proci.
