976 1432
325 66 564 95 VARI.
775 83 820 108 769
65 107 627 144 Quæ cum nec meditetur vlla Amantes
61 142 490 174 O ter ſorte miſerriſſima. nam
51 175 605 212 Q quærunt ſibi plura, plura perdunt.
357 221 545 249 Ad Harmoſynen.
59 251 776 305 Dum mihi. Lux, nuper nec inopino occurris amanti,
139 297 698 331 Hucque illucque oculos, fulgura viua, iacis;
5 316 683 361 Extimui ſubito tremuique vt bubſequa cœco
80 357 652 389 Qui pede ſerpentis tergora preſſit humi.
58 390 678 423 Saturniquememor legis, pœnæque nepotem
136 422 638 454 Qua Cadmi nemorum dilacerarat hera,
44 445 639 484 Ad terramlapidoſa genu lapſante ferebar,
134 486 606 518 Totus & Orcinas nare videbar aquas.
45 518 723 550 Cum tu me retinens dex tra candente cadentem,
131 548 753 582 Flamineque adſpergens timpus vtrumque nouo:
55 570 799 616 Quinam, inquis, metus eſt? non ſum quam rete, Diana
132 612 672 644 Qui nocet imprudens, non nocet ille mihi.
56 641 703 677 Hactenus: ac meme intuita ſpeculamine fixo,
128 673 580 705 Ieciſti in pectus mille repente faces.
57 705 733 747 Mille faces, quibus ſq; atq; ſq; miſerrimus vror,
64 736 629 766 Vritur in medio ceu hlege thonte reus.
2 755 688 807 Ah quid? an vnius facta eſt mihi gratia mortis,
127 800 655 831 Illam vti millecupla morte deinde luam?
58 827 669 868 An mage, carnificisritu, mihi vina propinas,
126 863 668 888 Inſtantem exanimer nemiſer antenecem?
232 907 645 937 In hortum Laur. Scholixi Vratilauia.
58 944 770 984 Tam benè, tam pulcrè cum curet Scholtzius hortum,
126 981 622 1012 Heic vbi ſemeſtri frigore regnat hiems,
93 1013 663 1047 Qualiter hà Veneris coleret Vulcania tempe
126 1044 726 1076 Ver quibus haud vnquam vel Cephyritis abeſt?
297 1098 573 1129 Ad Dauidem Chytraum.
88 1142 663 1176 Dum formam Veneris Cous molitur Apelles
120 1174 615 1207 Quæ ſolidè, Momo iudice, pulcra foret:
153 1208 338 1230 Tomu Secundus.
529 1210 579 1233 Ccc
715 1216 785 1242 Exſu.
