976 1432
368 67 609 91 ARIA.
797 72 847 100 77r
336 112 638 139 Ad Carolum Vtenhouium.
22 150 662 183 t ſculptos opera fictoris cernere vultus
164 184 668 216 Contigit Vtenhoui magne poëta tuos:
133 216 760 250 Quis putet ? in lacrimas oculo reſolutus vtroque
165 247 605 275 Deſubitas potui nil niſi flere diu.
132 277 788 310 Non quia fas tuum ibi tantum non cernere coram,
166 310 626 341 ar bonitate Deis, par pietate caput.
135 341 726 371 Sedquia Carolo eras ta ntum mutatus ab illo,
168 371 720 402 Quem quondam adſtierat Foixia cura ſibi,
133 402 670 433 Cum quo legatus dignè appareret in oris
167 433 730 463 Heic vbi Eliſa regit ſceptra Britanna manu.
132 465 754 496 Tunc tibi tunc ætas ver dulcis agebat amœnum:
166 497 745 528 Tunc tibi mens viridis, tunc t ibi pectus crat.
131 529 843 559 Tnc hominum in te omnes conuertebantur amores,,
167 559 647 590 Tanquam latoidæ Mercuriove ſatum.
98 590 760 620 Nunc, heul canicies ſubijt caput algida macrum,
165 622 667 652 Ooſeditque cauas plurima ruga genas.
139 652 746 683 Nunc, heul ſed nequeo præ fletu cetera. Diuûm.
168 683 627 714 Sat tacitè mecum de feritate queri.
135 714 651 746 Nam quid? tantillo ſi demutatus es æuo
170 746 653 771 IIle Eratus culor, Pallados ille cliens,
136 777 741 807 Cur non deterius fit contemptoribus harum?
168 808 698 839 Imo cur melius opſus & Anſer agunt.
316 865 675 890 Ad Laurentium Rhodomanum.
168 921 593 958 Quidnam carminis elegantioris
136 957 560 989 Hic quærit ſibi multipes paratus?
135 985 628 1020 Hæc quid pompa volubilis proborum
133 1017 586 1051 Argutat leuibus rotis Phalericûm?
133 1049 644 1080 An noſtrum appetere exteros fauorem,
130 1080 651 1111 An noſtrum appetere exteros honorem?
132 1114 641 1146 An noſtrum appetere exteros amorem?
134 1144 634 1170 Sic ſanè eſt: Rhodomanus ille, virtus
132 1177 516 1209 Cui claudit latus eruditioque,
558 1211 652 1234 Ccc
783 1214 840 1246 ii
