<PcGts xmlns="http://schema.primaresearch.org/PAGE/gts/pagecontent/2017-07-15" xmlns:xsi="http://www.w3.org/2001/XMLSchema-instance" xsi:schemaLocation="http://schema.primaresearch.org/PAGE/gts/pagecontent/2017-07-15 http://schema.primaresearch.org/PAGE/gts/pagecontent/2017-07-15/pagecontent.xsd"><Metadata><Creator>User123</Creator><Created>2020-04-19T08:48:27</Created><LastChange>2020-04-19T08:48:27</LastChange></Metadata><Page imageFilename="0990.png" imageHeight="1432" imageWidth="976"><TextRegion id="r0" type="paragraph"><Coords points="1,1 974,1 974,1430 1,1430"/><TextLine id="r0_l001"><Coords points="96,1 96,20 295,20 295,1"/><TextEquiv index="1"><Unicode></Unicode></TextEquiv></TextLine><TextLine id="r0_l002"><Coords points="355,1 355,17 416,17 416,1"/><TextEquiv index="1"><Unicode></Unicode></TextEquiv></TextLine><TextLine id="r0_l003"><Coords points="902,10 902,38 950,38 950,10"/><TextEquiv index="1"><Unicode></Unicode></TextEquiv></TextLine><TextLine id="r0_l004"><Coords points="353,17 353,47 415,47 415,17"/><TextEquiv index="1"><Unicode></Unicode></TextEquiv></TextLine><TextLine id="r0_l005"><Coords points="341,93 341,115 577,115 577,93"/><TextEquiv index="1"><Unicode>VARA.</Unicode></TextEquiv></TextLine><TextLine id="r0_l006"><Coords points="824,99 782,99 782,111 805,110 814,117 824,117"/><TextEquiv index="1"><Unicode>7</Unicode></TextEquiv></TextLine><TextLine id="r0_l007"><Coords points="116,136 116,168 607,168 607,136"/><TextEquiv index="1"><Unicode>Vla vnquam inuidiæ inquinauit aura:</Unicode></TextEquiv></TextLine><TextLine id="r0_l008"><Coords points="117,168 117,198 637,198 637,168"/><TextEquiv index="1"><Unicode>Totum, inquam ſimul &amp; ſmel cupitum</Unicode></TextEquiv></TextLine><TextLine id="r0_l009"><Coords points="118,198 118,223 645,223 645,198"/><TextEquiv index="1"><Unicode>Totum me Rhodomane habeto donum.</Unicode></TextEquiv></TextLine><TextLine id="r0_l010"><Coords points="380,242 380,270 547,270 547,242"/><TextEquiv index="1"><Unicode>De Harmoſyne.</Unicode></TextEquiv></TextLine><TextLine id="r0_l011"><Coords points="704,311 704,282 112,282 112,313 572,313"/><TextEquiv index="1"><Unicode>Harmoſyne Veneris ſoboli ſubduxerat arcum.</Unicode></TextEquiv></TextLine><TextLine id="r0_l012"><Coords points="651,343 768,344 768,313 148,316 148,345 490,345"/><TextEquiv index="1"><Unicode>Quæque arcum aucultant ſpicula cuncta ſuum:</Unicode></TextEquiv></TextLine><TextLine id="r0_l013"><Coords points="497,374 609,373 737,374 737,345 491,345 164,348 132,348 113,346 113,376 446,376"/><TextEquiv index="1"><Unicode>Spi cula. quæ quoties long emittuntur in vllum,</Unicode></TextEquiv></TextLine><TextLine id="r0_l014"><Coords points="766,376 121,376 121,399 766,399"/><TextEquiv index="1"><Unicode>Docta iterum ad dominas ſunt reuolare manus.</Unicode></TextEquiv></TextLine><TextLine id="r0_l015"><Coords points="116,404 116,439 771,439 771,404"/><TextEquiv index="1"><Unicode>Venit Amor ſupplex ſupplexque ſua arma repoſcit:</Unicode></TextEquiv></TextLine><TextLine id="r0_l016"><Coords points="583,467 685,467 685,439 423,439 215,441 147,440 147,469 525,469"/><TextEquiv index="1"><Unicode>Arma ſed Harmoſyne reddere velle negat.</Unicode></TextEquiv></TextLine><TextLine id="r0_l017"><Coords points="768,467 696,467 657,469 583,468 481,471 260,473 165,473 120,471 120,502 455,502 614,498 657,498 664,502 768,502"/><TextEquiv index="1"><Unicode>Sic tamen ignigenis puerum propere abdit ocellis,</Unicode></TextEquiv></TextLine><TextLine id="r0_l018"><Coords points="421,534 511,531 581,531 623,529 623,500 554,500 455,503 351,503 310,505 146,504 146,533 150,534 307,535"/><TextEquiv index="1"><Unicode>Inque ſupercilio degat vtroque iubet.</Unicode></TextEquiv></TextLine><TextLine id="r0_l019"><Coords points="788,530 612,530 581,532 511,532 421,535 307,536 172,536 149,534 114,534 114,563 539,563 635,560 665,560 671,563 788,563"/><TextEquiv index="1"><Unicode>Quid facis heu, mea Lux, mea Lux, quid neſcia lucro</Unicode></TextEquiv></TextLine><TextLine id="r0_l020"><Coords points="624,592 624,563 447,564 281,567 150,567 150,595 469,595"/><TextEquiv index="1"><Unicode>Afficis ingenti, cui dare damna paras:</Unicode></TextEquiv></TextLine><TextLine id="r0_l021"><Coords points="631,622 729,622 738,627 758,627 766,626 766,593 587,593 371,598 177,599 112,597 112,628 377,628"/><TextEquiv index="1"><Unicode>Ah ahl quin iam nunc male deſperemus Amantes</Unicode></TextEquiv></TextLine><TextLine id="r0_l022"><Coords points="490,656 690,653 690,624 581,624 544,626 431,627 377,629 146,630 146,658 443,658"/><TextEquiv index="1"><Unicode>Arma Gnydi certenunc triplicantur hero.</Unicode></TextEquiv></TextLine><TextLine id="r0_l023"><Coords points="706,655 614,655 443,659 309,660 113,659 113,690 403,690 662,684 694,684 706,690"/><TextEquiv index="1"><Unicode>Harmoſyneque Cupi dineis dum ſæuiet armis;</Unicode></TextEquiv></TextLine><TextLine id="r0_l024"><Coords points="595,716 660,715 660,688 513,688 403,691 373,690 147,692 147,719 535,719"/><TextEquiv index="1"><Unicode>Arcu in nos gemino ſæuiet ipſius Amor:</Unicode></TextEquiv></TextLine><TextLine id="r0_l025"><Coords points="342,751 420,751 462,749 627,748 691,745 769,745 778,750 800,750 800,715 693,715 647,717 595,717 535,720 372,721 307,723 234,722 151,723 112,721 112,753 267,753"/><TextEquiv index="1"><Unicode>Idque heu. perperuo. quid enim ouis appetat aulam,</Unicode></TextEquiv></TextLine><TextLine id="r0_l026"><Coords points="742,776 742,747 658,747 627,749 462,750 420,752 342,752 267,754 146,754 146,780 581,780"/><TextEquiv index="1"><Unicode>Cui modo in his terris Hoſpita es Harmoſyne:</Unicode></TextEquiv></TextLine><TextLine id="r0_l027"><Coords points="781,813 781,777 705,777 637,780 416,784 297,784 210,786 155,786 138,784 113,784 113,815 414,815 597,811 647,811 655,815 662,815"/><TextEquiv index="1"><Unicode>Hoſpita quæ ambroſiam præter nectarque, miniſtres</Unicode></TextEquiv></TextLine><TextLine id="r0_l028"><Coords points="610,843 610,813 538,813 414,816 146,817 146,845 511,845"/><TextEquiv index="1"><Unicode>De cilijs arcus, ſpicula deque oculis?</Unicode></TextEquiv></TextLine><TextLine id="r0_l029"><Coords points="1,836 1,858 28,858 28,836"/><TextEquiv index="1"><Unicode></Unicode></TextEquiv></TextLine><TextLine id="r0_l030"><Coords points="473,878 634,873 675,873 683,872 683,846 446,846 401,848 247,849 113,848 113,879 280,879"/><TextEquiv index="1"><Unicode>Spicula, non vllos auſus fruſtrantia: at atcus</Unicode></TextEquiv></TextLine><TextLine id="r0_l031"><Coords points="2,871 2,899 48,899 48,871"/><TextEquiv index="1"><Unicode></Unicode></TextEquiv></TextLine><TextLine id="r0_l032"><Coords points="146,875 146,911 700,911 700,875"/><TextEquiv index="1"><Unicode>Queis ſuus æternum vis super atque vigor.</Unicode></TextEquiv></TextLine><TextLine id="r0_l033"><Coords points="1,899 1,923 47,923 47,899"/><TextEquiv index="1"><Unicode></Unicode></TextEquiv></TextLine><TextLine id="r0_l034"><Coords points="265,920 265,949 660,949 660,920"/><TextEquiv index="1"><Unicode>Ad Iacobum Auguſtu Thuanm.</Unicode></TextEquiv></TextLine><TextLine id="r0_l035"><Coords points="698,983 794,983 794,948 614,948 562,950 455,950 229,954 218,953 210,949 113,948 113,984 127,985 227,985 264,983 417,983 522,981 586,981 593,985 659,985"/><TextEquiv index="1"><Unicode>Sunt quibus vna aliqua eſt indultum excellere in arte,</Unicode></TextEquiv></TextLine><TextLine id="r0_l036"><Coords points="550,1013 550,983 264,984 162,987 145,986 145,1014 433,1014"/><TextEquiv index="1"><Unicode>Siue ea ſit genij, ſiue ſit ingenij</Unicode></TextEquiv></TextLine><TextLine id="r0_l037"><Coords points="625,1043 625,1014 434,1014 171,1018 112,1017 112,1047 302,1047"/><TextEquiv index="1"><Unicode>Sed qui iudieio, ſed qui ſolertia opimum</Unicode></TextEquiv></TextLine><TextLine id="r0_l038"><Coords points="662,1075 662,1046 414,1046 143,1049 143,1077 522,1077"/><TextEquiv index="1"><Unicode>Obtineat quauis primus in arte gradum;</Unicode></TextEquiv></TextLine><TextLine id="r0_l039"><Coords points="731,1076 340,1078 260,1080 146,1080 134,1078 116,1078 109,1082 109,1106 731,1106"/><TextEquiv index="1"><Unicode>Illum oculo cernunt tenero cœli aſtra, voluntq;</Unicode></TextEquiv></TextLine><TextLine id="r0_l040"><Coords points="309,1140 683,1139 683,1108 617,1107 546,1109 392,1109 144,1112 144,1141 263,1142"/><TextEquiv index="1"><Unicode>Vnigenæ eſſe, homines inter, ad inſtar auis.</Unicode></TextEquiv></TextLine><TextLine id="r0_l041"><Coords points="638,1140 309,1141 234,1144 171,1144 159,1142 132,1141 129,1142 129,1152 122,1157 117,1157 117,1173 638,1173"/><TextEquiv index="1"><Unicode>alis es ipſe orbi toto, O Auguſte, potentis</Unicode></TextEquiv></TextLine><TextLine id="r0_l042"><Coords points="3,1149 3,1180 51,1180 51,1149"/><TextEquiv index="1"><Unicode></Unicode></TextEquiv></TextLine><TextLine id="r0_l043"><Coords points="529,1173 355,1173 189,1176 144,1175 144,1204 529,1204"/><TextEquiv index="1"><Unicode>Siue vſus genij, ſiue ſit ingenij</Unicode></TextEquiv></TextLine><TextLine id="r0_l044"><Coords points="705,1235 705,1204 569,1204 563,1206 335,1205 280,1207 174,1207 134,1206 115,1204 115,1238 554,1238 560,1235 700,1238"/><TextEquiv index="1"><Unicode>Nam quis te potior Ihemidos penetralia caſta</Unicode></TextEquiv></TextLine><TextLine id="r0_l045"><Coords points="754,1239 754,1260 812,1260 812,1239"/><TextEquiv index="1"><Unicode>Pan-</Unicode></TextEquiv></TextLine><TextLine id="r0_l046"><Coords points="534,1240 534,1263 623,1263 623,1240"/><TextEquiv index="1"><Unicode>C c c 3</Unicode></TextEquiv></TextLine><TextLine id="r0_l047"><Coords points="939,1354 939,1369 974,1369 974,1354"/><TextEquiv index="1"><Unicode></Unicode></TextEquiv></TextLine></TextRegion></Page></PcGts>