976 1432
302 73 548 102 VARIA.
741 92 799 116 7
89 110 685 157 Tam varius thenſarum ordo Circenſibus ipſis
124 143 575 181 Vix acto Viſus tempore Martigenis.
90 173 667 216 At tibi quid, Boiſſarde, boni pro talibus auſis,
122 205 604 240 Siue dabit Latium, Græcia ſiue dabit?
82 236 683 277 Namque licet radijs ornatoaſtriſque, Deorum
123 267 574 303 Cenſeret cenſu Principis eſſe loco
81 300 682 336 Qua ntillum hoc fuerit meritis illuſtribus itis?
125 332 583 364 Tot Diuis per te queis ſua vita redit.
79 361 807 410 Quin imo illa tibi ſua templaque ſacraque quamuis
120 394 712 438 Iam mdo tranſcribat concio tota Deim:
80 424 741 464 Haud tamen haud dignè, Boiſtarde, rependerit artes
120 457 612 494 Ipſa tuas: adeo ijs par nihil eſſe poteſt.
79 488 585 525 Non ſi ſubmiſſo proſternat poplite ſeſe,
120 521 708 558 Teque ſuum agnofant nomine reque patrem.
77 550 656 587 Diuos nempe fuit multorum gignere: Diuos
120 583 528 611 Vnius exſtinctos eſt animare tui.
278 632 599 665 In tumulum Nicclai Gruohij.
80 671 727 708 Ingeniorum excelſus apex, culmenque ſupremum
120 704 597 730 Doctrinarum iſta Grucius ædeiacet:
78 735 767 772 Paucorum æde pedum: ſed quam tamen occupat vn
118 764 669 796 Muſa, Minerua Dice, Flora, Iuuenta, Charis.
82 797 614 832 Sicut enim viuo vixerunt omnibus; ipſo
118 828 625 864 Omnibus & eupient ſic moriente mori.
78 859 643 890 Cfelix monuentuml infelix im; Dearum
118 891 595 924 Tot ſub qua æternum viva rnina latet.
322 954 537 985 Ad Harmoſynam.
20 985 527 1031 Si triſtiora perfero, quàm quæ tegi
54 1027 418 1058 Linguæ queant ſilentio,
12 1056 666 1095 Ah parce Nympha, parce quemlibet dehin
116 1089 454 1120 Queſtum mfhi interdicere
13 1108 612 1155 Phalaride quid crudelius? Phalaris tamen
55 1155 505 1183 Gemere Perillo haud abſtulit:
13 1182 534 1218 Lenta ſonos ſed aure lamentabileis
490 1227 584 1250 Ccc
743 1233 787 1256 Per
