976 1432
914 2 960 35 4
331 73 609 102 VARIA.
724 102 812 125 I
66 111 686 147 Tunclio: erratis germanæ. nemo Deorum
130 143 617 181 Abſque noſtra ex ſe tale poëma genat.
61 175 570 207 F.lius at ani Douſ cluit iſte; renata
60 207 808 245 Per quem hæc cùm atauis noſtra nouena cohors;
57 233 739 276 Qiid mirum ſibi ſi potuit quoque gignere noſtras
131 270 631 307 Qui ſine noſtra arteis calleat arte puer?
259 326 628 360 In lronicn Saonicum Chtræi.
133 363 520 396 Qæ cenſura ſit Orbis vniuerſi
99 396 510 430 De iuto Chronici tui apparatu,
98 429 524 461 Veracs Chronici, grauis, diſerti;
97 460 523 488 Nec ni ſatis, otiumve noſſe eſt.
99 490 589 520 Hoc ſolm ſcio tam rudem inuidumve
99 524 553 555 Vel nn: eſſe Chytræe vel futurum,
100 555 537 582 Qui non iudi cium meum ſecutus.
99 587 581 617 Simplex idicium, at tamen ſeverum,
97 618 495 653 Illud nomine clamitet venire
84 650 505 682 Veracis Chronici grauis diſerti:
96 682 582 714 Cum laudesadeo vſquequaque portet
95 713 514 744 Veracis Chrenici grauis diſerti;
96 744 518 778 Vt nullis reaireditum eſſe ſeclis
96 775 538 808 Quod famam mage ſuſtinere poſit
95 807 512 838 Veracis Chronii, grauis. diſerti.
93 839 588 872 Illic nulla quidem nitet ſupellex
95 870 439 899 Ornatu pha lerata delicato,
93 901 590 935 Cuique ordo ſuus eſt ſuuſque comptus
91 933 543 966 Comptulus nimis ordinatuluſque.
93 963 540 997 At non ſidera tot micant Olympo,
91 996 606 1029 Non gemmis mare tot rubrum repletur,
89 1028 542 1056 Nec tot vere nouo canunt volucres,
90 1058 515 1091 Nec tot floribus expolitur Hybla,
90 1089 586 1122 Nec tot ſiluæ Arabum educant odores,
90 1120 562 1154 Nec tot fingit Apum fauos iuuentus,
91 1154 558 1185 Quot gemmas reperire fœminarum,
92 1185 522 1217 Quot cantus reperire doctiorum,
486 1224 571 1251 Ccc 5
723 1231 795 1262 Qo
899 1347 974 1367 I
