976 1432
301 56 565 83 VARIA.
750 69 788 93 78I
75 95 698 130 Vox inquam Phœbi, vox inquam Pallados:in te
73 131 690 161 Qu tua contulerant cuncta tumente manu.
908 137 953 163 E
31 160 697 196 Quæ nuc ec ce ia cent tec um damata tenebris:
72 191 587 221 Smodo ſi poſſunt munera dta mori.
26 224 689 258 Sed nonquin Famæ potius ſubue ca quadrigis,
65 255 634 284 Omne obeunt mundi poſt tua fata latus.
28 283 685 322 Clareque in geminmant; eluti virtute ſe cundus
64 317 565 348 Doctrinaq; tibi nullus in orbe fuit
26 340 770 384 Sic neque nunc te aliquo Vatis dige ore ſonandum:
61 380 652 411 Vſq; adeo os meritis eſt minus oimne tuis.
240 444 592 473 In Poemata Stehani Paſchaſi.
59 467 614 506 Si Cupido, si Minerua, ſi nepos Alantius,
59 506 576 538 Si Camœna, ſi uada. ſi Dice, ſi Gratia,
62 538 634 568 Si Fauoniushloriſque. ſi apæa ſi Lepos,
63 568 653 601 Si Voluptas, ſi omona ſi Venus. ſi aſſareus,
62 600 589 630 Si Diana ſi Lucina ſi Dryas ſi Cynhius,
62 633 677 663 SBi Iuuentas, ſi Perenna in vnicum verti queant
61 661 695 692 Floſculum nulli ſecundum odoribus, coloribus;
62 695 624 727 Is merebatur coronæ flexus in diæ modum
62 725 668 757 Cingere hinc & inde docti verticem Paſchaſii.
62 755 752 794 Qui ppe nil Dei illi aut illæ nil Deæ vſquam poſſident
61 789 613 819 Serium pium. ſeuerum, liberale. ſobrium,
61 820 733 851 Vnnulum elegans facetum. delicatum, argutulum,
61 852 782 884 Carminum quod nG libellis quem faberrime explicet,
39 884 698 913 Sex libellis carminum, eius qui perenne nomine
61 913 780 945 Numen vſqueatq; vſq; habebunt Orbis omne per latus
61 946 732 976 Dum Cupido, dum Minerua, dum nepos Atlantius,
61 976 732 1008 Dum Camœna, dum Suada, dum Dice, dum Gratia,
61 1006 729 1045 Dum Fauonius Chloriſq; , dum Napæa dum Lepos,
60 1039 761 1069 Dum Voluptas, dum Pomona, d Venus d Baſareus,
60 1070 753 1101 Dum Diana, dum Lucina, dum Dryas, dum Cynthius,
7 1101 774 1141 Dum Iuuenta, dum perenna honori erunt mortalibus.
305 1142 506 1173 Ad Harmoſynam.
11 1177 678 1215 Sæpe quidem mihi cor volui recludere ferro,
689 1223 757 1246 Innu
