976 1432
319 64 570 90 V ARIA.
748 76 800 100 783
137 102 622 134 Contentus titulo ſimplice, lector abi.
52 121 731 173 Heic ægri tantum mera ſomnia pandimus, eſtque
138 166 652 199 Ipſe adeo titulus pars mage opima libri.
56 196 687 233 Mentior. imo liber tituli vix tenuis imago eſt
136 229 651 263 Si tituli eſſe tamen tenuis imago poteſt.
299 288 600 318 In ſepulcrum acobiCuiacii.
45 326 760 366 Sunt ſibi qui ſumptu ædificent locuplete ſepulcra:
135 362 597 394 Exterior quorum ſidera pulſet apex
52 393 622 426 Vt quia diffidant à ſeipſis viuere longum,
136 425 640 456 Vitam illis ſeruent Marmora &, æra diu.
46 456 608 492 Iſtorum e numero non eſt Cuiacius, alti
134 490 647 521 Igenii viuax quem manet vſque decus:
46 511 701 550 Quin contra marmor ſub quo cubat æternatur,
127 552 592 583 Illius quoniam nomina fronte gerit.
315 597 567 628 De Capillo Hſarmoſynes.
47 639 698 673 Quem tibi ego nuper vulſi de fronte capillum,
133 672 641 702 Heulcare nimium quam ſtetit ille mihi
60 703 680 733 Sic animi ſiquidem montem furiauit, & hiris
127 733 461 760 Iniecit is arte ferace faces;
49 766 632 798 t ſolide verear ne muter totus in ignem,
127 799 633 829 Corpus & in cineres protinus iſtudeat.
94 829 643 862 Hoc queinam fieri poſſit qui ſcire laborat,
109 861 596 891 Naturæ ignarus plus ſatis ille deæ eſt.
94 892 678 923 Nam ſi Torpedo longam vixtacta per haſtam
126 923 674 955 Quamlibet inuadit peſte vola nte manum:
1 930 50 952 u
60 951 683 995 Quid ni nuper item vulſus de fronte capillus,
125 986 561 1011 Poſfideat Dominæ virus auile ſuæ?
340 1031 524 1054 Pandora melior,
39 1074 739 1113 Si fuit ulla vnquam Pandora vocanda ſecunda,
125 1107 608 1136 Competit id proprie nomen Eliſa tibi.
58 1129 719 1185 Nam tibi quis Charitas neget exornaſſe pyropis,
123 1169 610 1200 Lumina, &electro perpoliiſſe comam?
722 1215 792 1247 s:
