976 1432
304 80 547 108 VAA
762 96 811 128 725
422 127 467 149 IIt.
44 140 653 191 Vidit vt inuidiæ flagrantes felle Themiſtus
68 183 572 221 Nata ſuos myſtas iurgia vana ſequi:
34 205 696 257 Poſthabitoq; æquo atque bono triciſq; doliſq;
66 249 602 284 Ingenuam Legum collutulare fidem;
14 270 697 318 Ito Donelle, inquit, noſtrique aſſertor honoris
67 311 616 339 Iura homines animo candidiore doce.
28 332 673 377 Sedulus officium implerat, rurſumq; vocatur
122 373 595 407 Aiuſta ad cœli templa rubentis hera.
57 404 726 441 Ipſum igitur nemo conſumptum morte quiritet:.
63 438 670 472 Viuit, & ad Themidos ſtat ſuper aſtta latus.
416 476 462 495 IV.
26 491 674 538 Quid audioran reprendor vitra quod modum
61 534 464 566 Laudes Donelli perſequar?
7 541 604 597 Quod huius, illum præferam ætatis vitis
19 593 387 623 Imo retro acti ſæculi:
30 622 610 665 Ogrande crimen. o ſacrum ſcelus:libens
117 661 513 692 Sed quod vel amplectar palam.
3 681 543 724 Benignitatis eſſe nam quid, obuiæ.
26 723 414 756 Culpa poteſt honeſtius?
19 755 538 793 Iſti tamen qui ſunt amicos penſius
55 787 538 818 Qui quam ipſemet norint meos?
55 810 599 861 Quiſue eſt Donellus cognitus cui magis,
59 852 456 883 Quam cognitusfuitmihi?
1 872 534 919 Et vt quis cxtet, cognitus cui magis
60 915 449 945 Quam cognitus fuitmihi:
1 938 579 976 Non ille perſuadebit, vnquam vt meos
112 978 432 1007 Amare me putem ni mis;
75 1009 661 1040 Nedum Donellum: de quo vt vndique omni:
59 1040 383 1070 Non vnus ipſe dixero;
1 1059 663 1104 Sed quotquoteſt virum vſpiam eloquentium;;
41 1103 456 1136 Haud dixerint tamen ſatis.
212 1154 608 1187 In efſigiem Iacobi ſegurii Pardiliani.
7 1186 663 1228 Sitibi Pardilianum omnem eſt nouiſſ( libido
177 1232 380 1262 Ious rsdus
553 1238 772 1264 Ddd. Galli
