976 1432
320 80 565 110 VARIA.
753 96 800 122 77
84 119 710 164 Verum ipſæ Charites, verum ipſa Patama virago,
125 153 687 191 Verum Heliconiadum terna ter ipſa cohors,
86 183 763 224 Hunc vnum inſequitur, lingua quaſi capta, nec huius
124 215 596 253 Alatere exiguum ſuſtinet ire pedem.
87 247 794 293 Vera loquorne, Meliſſe?loquor. mihi namque loquenti
125 279 568 316 Sic etiam ſurgit florus in ore ſapor.
82 311 687 349 Rem miraml non mel tantum tibi depluit ore.
125 342 628 379 Mel quoque qui de te cogitat, ille genit.
315 397 558 436 Adeginam Angliæ.
89 444 665 479 Maxime Alexandro felix reputatur Achilles,
124 476 631 509 Mœonidæ meruit quod decus eſſe tubæ.
91 508 675 539 Nunc ſed enim felix potius dicendus honores
119 538 611 570 Cui ius faſque palam dicere Eliſa tuos.
90 571 754 604 Qui ppe vnus multos celebrauit Homerus, & horum
124 603 580 636 Æ.quauit Graio maſcula geſta ſono.
88 634 591 667 At ſi de tumulo rediuiuus prodeat, & te
72 667 611 700 Naturæ eximium cernat ouantis opus,
81 697 642 727 Deſubito clamet, veraci effamine, Homeros
121 728 658 765 Laudibus haud centum ſat fore Virgo tuis.
353 789 492 819 Harmoſynæ.
89 828 686 863 Iam tibi iam certe dudum expugnaſſet Ocellos
124 862 579 890 IIla animi nimium vis animoſa mei;
88 892 692 926 Ni geminata ſuperciliorum hinc indeque rupes
122 923 635 956 Cuſpidibus ſtaret pluribus vſque minax.
84 954 634 985 Pilorumque ſeges iuxta præſumeret orbem
121 986 560 1017 Luminaq; ambiret more ſatellitij.
90 1016 749 1051 Non ſimul eſt proprius mihi mens accedere; frontis
124 1049 623 1081 Haud æquor videor come videre tuæ:
84 1081 756 1123 Ordine verum aciem denſam quadruplice, quarum
126 1112 633 1146 Quælibet innumeris par queat eſſe viris:
91 1145 696 1180 Imo etiam Diuis.me namque vel omnia fallunt,
123 1176 706 1217 Clam vel Amorum illic grex pharetratus agit.
543 1215 790 1250 Dd d a Ad
1 1388 46 1428 æ
