976 1432
317 76 564 108 VARIA.
742 89 795 115 79
62 115 701 156 Is nunquam vidit Conchas, neque Punica mala,
124 152 708 187 Quamq; breui claudant cortice grande decus.
31 178 621 217 Illic nam rubeo ſcintillant grana rubore:
69 215 573 243 IIlic nam niueo bacca nitore micat
30 247 647 283 Grana refrigerium ægrorum factura palato:
87 279 654 311 Bacca monarcharum ſæpe ferenda comis.
59 307 671 347 Scilicet hic ceruix hoc collum pondera regni
123 341 574 368 Suſtinet ſtreæ, cum libet eſſe catæ.
30 372 788 405 Hoc cerebrum hanc frontem Pallas colit innuba, lat
124 405 759 440 Mec Charis inde vnguem. nec migrat alma Fidem.
26 427 695 470 Hoc os, hanc linguam. Suadæ vis poſſidet, vnum
121 469 668 502 Cui tamen id curæ non niſi vera loqui.
29 501 664 534 Hoc cor, hoc pectus, Virtutum lecta quadriga
126 535 607 566 Occupat Horarum perpetuuſq; vigor
1 563 618 606 A Si mihi non credis, libris at crede Canaii:
109 596 719 627 Tam graphica has in quos tra nſtulit arte Deas,
40 618 565 654 Vt ſi forte foret fatis obnoxia Virtus,
64 659 679 686 Hora, Aſtræa, Fides, Suada Minerua, Charis:
29 684 653 723 Ipſius è ſcriptis refici queat illico Virtus.
61 722 675 750 Hora, Aſtræa, Fides, Suada, Minerua, Charis.
334 780 504 802 I Frontinum.
1 817 714 862 Quod te Patronum, quod te mihi dico Parentem,
123 854 628 886 Et ſi Patrono quid prius atque Patre eſt:
2 867 687 920 Ne tibi ne nimium placeas Frontine: profanam
124 917 630 949 Pro diua coluit ſic quoq; Roma Febrim.
369 971 458 1000 Aſrica.
26 1007 668 1053 Si cunctas quis auet Serpentum noſcere vires
125 1048 656 1080 Africa quas peperit torrida quaſque parit:
24 1080 648 1116 Ille viæ parcat longæ licet: Africa nam vel
58 1112 669 1137 Heic Oculis Dominæ tota videnda meæ eſt.
56 1134 744 1180 Certe ibi vel Iaculos, vel cernere Dipſadas vltro eſt,
126 1177 735 1208 Cumque ſuo quidquid Spes dat Ophite malum.
95 1208 687 1243 Sed nec ibi Natrix ſuus aut Hæmorrois ingens;
539 1246 786 1272 Ddd 3Sed
