976 1432
337 75 573 101 VARIA.
764 81 811 104 9
14 113 690 156 Ifa vt enim viuo varie dat vulnera vultu,
128 151 677 182 Et ſolide penetrat cordis in vſque ſinus:
37 171 692 212 Talis item quoque vis innata eſt crinibus, imo
127 213 573 244 Veſtibus ipſius queis ſemel vſa fuit.
29 243 793 280 Hoc ideo; vt quoniam ſitit vſque atqueovſque nocere,
127 276 565 307 Pluribus exiſtat pernicioſa modis.
341 330 562 359 Ad Cart haginenſes.
33 368 499 396 Et iure& merito, doloſe Pœne,
31 400 534 436 Pœnas veſtra luit graues iuuentus,
53 433 510 467 Quod contra radios meridianos
30 463 469 497 Siſtens Attiliumgenis reciſis.
29 494 568 530 Is prorſus. pudor. O, dolorque ſenſit
30 527 532 564 Furuis claudioculos ſibi tenebris.
26 560 523 590 At ſi nunc tamen oppido maneret
96 589 605 620 Veſtra ila Vrbs Libyæ. Lareſque vinclis
51 622 509 663 Patritis quoque poſhaberet ille
31 652 565 691 Diſcors Regulus; haud inepta forſan
3 684 486 714 Præſt adſit ratio, viri Africani
3 716 571 753 i Quæ veſtnm bene vindicet dolorem
52 747 571 785 Tot pugnis genitum minus ſecundis.
52 779 591 818 Quæ captum, inquio. luce priuet omni,
27 811 517 849 Imo ſenſibus omnibus; nec ipſus
29 846 511 879 .Interim tamen aut velit queatve
29 877 454 911 De veſtrate queri ferocitate:
2 907 586 945 NedumPœnam ideo ſtatim iuuentam
52 937 525 976 Sæuis muricibus necent Quirites.
51 964 748 1005 Scin quid? noſtræ Oculum hunc videre & illum
3 999 519 1044 Siſaltem Dominæſemel poteſtas
38 1032 433 1075 IIli facta fuiſſet; vtriuſque
34 1064 448 1097 Sic arſiſſet amore pertinaci,
2 1086 511 1129 Vt non inde ſuos mouere vultus,
53 1127 529 1161 Nec frontis foret albicantis orbes,
1 1150 595 1193 Splendor quam prius abſtuliſſet ingens
26 1190 578 1233 Omnem illi ocyus vndiquaque viſum.
744 1225 802 1248 ec
517 1222 635 1251 D dd 4
919 1354 974 1374 G
