976 1432
337 75 584 103 VARIA.
776 90 829 116 797
47 113 684 154 Barbarus Aonidum decus indelebile, dignus
138 148 466 178 Nec nomine ipſo Barbari.
59 178 768 213 Deerat adhuc veteres tib qui inſtauraret honores:
142 210 450 234 Hos Pincianus reddidit.
15 242 724 275 Reddidit ille quidem, ſed recti præmia facti
141 274 517 304 Nulla inſequuntur vindicem.
52 304 620 336 Sicego: cui contra ſpecioſo Plinius ore:
143 338 519 367 Humana gens quam fallitur
55 359 738 401 Nullum à plebe operæ pretium tulit ille profana:
140 400 455 423 Verum à Senatu Muſico.
57 431 720 465 Vtqueis forte etiam ceſſet; cere ipſe ego dicar
141 463 408 494 Gratus fuiſſe gratiis.
4 495 694 533 Barbaro enim fateor memet debere ſalutem;
139 529 436 559 At Pinciano alipticam.
260 582 658 614 In nuptias Friderici IV. Palat. &c.
2 618 726 669 Quis non coniugium felix fauſtumque precetur
137 655 526 683 Seu Friderice tibi, ſiue Loſa tibi?
56 687 701 728 Quin par ſub cœlo nequeatcomponier llum,
140 718 602 750 Vnius deceat quod magis eſſe iugi.
56 742 662 790 Relligia vnaeademque pie curatur vtrique,
138 782 629 813 Cuncta ſuperſtitio cui popularis abeſt.
105 813 746 846 tas pæne eadem eſt ambobus: & vt tibi primum
140 845 603 878 Purpureis prodit flos, F lrice genis;
108 876 730 905 Sic ſocia ad formæ ſummum procedit honorem,
138 908 644 940 Et fit quotidie pulcra mage atque mage.
2 920 41 944 E
104 938 643 967 Vena tibi Heroo de ſanguine ducitur: ipſa
138 969 638 996 Nec minus a claris ſtemmata texit auis.
105 1001 654 1033 De meliore tibi ſtant pectora ſicta metallo:
142 1032 612 1065 Ipſa pol & ſexus gemma ſerena ſui eſt.
104 1064 622 1093 Parca tibi puero vitæ ſila improba neuit:
136 1095 590 1126 Neuit & illa ipſi vellera nigra nimis.
104 1128 645 1160 Hinc vobis cari rapiuntur morte parentes,
132 1160 594 1190 Illorum cum iam ima ximus Vlus erat
102 1191 758 1229 Sed bene habet. perteſa tropos tam triſtiaſemper
726 1234 799 1256 Nere
