976 1432
339 65 571 91 ARIA
761 79 812 100 7o9
64 92 772 138 uæris,id vnde habeam? quia, Princeps, nulla venire
135 133 620 166 Sola ſolet, ſeu ſit ſors bona, ſiue mala.
419 178 469 199 IV
26 210 692 250 Vt pretium omneſuiſecum fert Vnio, conchæ
133 249 583 280 Primitus vt ruitur de genitale ſinu;
67 281 659 314 Nilque catiargutæ mangonis ſupplicat arti,
133 311 656 346 Sculptoriſe aliquâ parte requirit opem.
58 342 667 375 Sed tamen obryro ſimul illum gnariter auro
133 374 578 405 Vt ligat artificis nobilitata manus;
34 404 644 437 Neſcio quo meliore nitet fulgoris honore,
131 438 785 473 Et magis ad ſe hominum mentem oculoſque trahi.
35 470 738 505 Sic quoque, baca Loiſa ſoli Bataui vnica, quamuis
131 503 597 532 Fama tuæ excellens virginitatis erat,
33 533 668 565 Nilque videbatur iam poſſe accreſcere Iaudi,
131 565 641 596 Quam tulerat virtus, formaque rara tibi
32 598 676 630 Nunc tamen Heroi Friderico vt iungeris, atque
131 627 561 658 Se tibi perpetuâ glutinat ille fide;
28 649 721 693 Iupiterl vt magnum virtus tua formaque ſumpſit
129 692 669 723 Augmentum ac pretio ter grauiore venit
60 718 724 753 Nempe, prius quæ nil poteras niſi gemma vocari,
128 754 691 785 Iam modo Gemmarum vel noua mater eris.
430 797 458 816 V.
40 826 778 867 Quod tibi cuncta fauent, Princeps, terrâq; & Olympa,
126 858 645 887 Ducitur in thalamos vt noua nupta tuos,
61 888 702 919 Idicium eſt, hoc coniugio mox moxque futura
125 919 657 950 Proſpera multa polo proſpera multa ſolo.
33 950 748 990 At quod, vt Haidelbergæ intras modo mœnia, largâ
62 982 592 1013 Deſuper illuuie præcipitantur aquæ;
62 1012 773 1052 Omen & hoc fauſtum eſt. nam ſe gratum ille benignus
123 1044 624 1075 Dum properat Delphin exhibuiſſe tibi;
61 1075 615 1114 Imbellique nimis radio contingere terras
62 1106 573 1132 Non foret, ob Solis ſolſtitiale iubar:
61 1136 714 1177 Quod reliquum fuerat, feſtos tibi depluit imbres;
61 1169 595 1204 Sic quoque fœcundi ſigna futura tori.
708 1216 808 1251 .
