976 1432
334 70 582 101 VARIA.
773 90 825 111 or
136 105 680 149 Orſa Adoleſcentis tam ſacro ſancta Ducis:
66 137 815 190 Dico tamen graphicè heic cognoſci ex vngue Leonem,
144 171 705 215 Et florem fructus cui modo abundus erit.
39 199 755 249 Certeibi conſpicere eſt pondus geniale loquendi,
141 236 674 272 Et melos ingenuas quod trahat auriculas.
18 250 709 307 Certèibi nil vacuumnhnil eſt ibi ſordis amuſæ.
141 298 730 337 Certèibi nil ſcabrum, quodque licenter hiet.
58 320 719 370 Certè ibi multifida metæ properantur habena,
140 361 587 397 Et proprio ſenſus exſinuantur epo.
60 379 660 425 Inprimis Pietas ibi clara in luce videndam
138 425 611 457 Se dat & integrior Relligionis amor.
60 446 714 493 Certè ibi: ſed mea iam lVeihi cenſura laborat;
128 490 686 524 Deque Duce hoc ſat habet dicere posſe tuo:
1 504 33 538 u
61 520 610 556 Incepit quo finis erat quum illius imo
131 553 605 584 Principium pauci vix meruere ſenes.
434 600 469 621 II.
60 628 668 674 Ergo putas ſummis, uVeihi, non poſſe poetis
134 672 647 704 Conferri Heſfiaci carmina ſacra Ducis
60 704 684 735 Carmina ſacra, ſuus finis quibus adfuit, annos
13 735 670 770 Cum vixdum ter ſex natus ephœbus erat?
36 766 595 804 Aſtego vel ſummis affirmo poſſe poëtis
131 799 620 825 Ptæferri Heſſiaci carmina ſacra Ducis.
60 821 749 866 Ipſum vt enim ingenio fortè ante car vnus & alte,
60 863 598 896 Iudicioque exſtet iſte vel ille prior:
1 880 715 929 Hoc tamen hoc omnes, vel iudice vincit iniquo,
121 925 654 958 Audiat id quamuis Momus & ille niger
1 949 41 973 -
61 957 715 993 Tale quod auſus opus nemo eſt puerilibus annis;
74 989 621 1022 Talequod & citius nemo peregit opus.
414 1043 469 1064 III.
61 1076 637 1115 Aſtreæ Peithuſque rotundior vnio, IVeihi;
1 1098 67 1134 u
113 1115 658 1143 Quo nec Athenarum caror alter heræ:
37 1145 607 1184 Ergo tui mea deſcriptis vt Principis vrna
120 1177 635 1213 udicet, imberbeis quæ dedit ante genas?
149 1211 344 1233 Tomus Secundus.
516 1216 574 1239 Eee
722 1226 834 1263 Ergo
