976 1432
361 60 707 87 G M
415 61 706 76 7
126 64 237 83 3d
181 104 758 137 Ergo vt diuexem cenſuræ opus vngue ſeuero,
214 137 722 167 Publicus ad cœli quod rapit aſtra fauor?
184 168 828 199 Dij meliusl quin me populo magis aggrego, curæ
895 194 973 228 i
218 198 755 228 Hlaudere queis orſis voce manuque Ducis:
184 229 755 260 Regificis orſis; quibus ipſe adſurgat Apollo,
217 260 739 291 Submittatque ſacras Muſa nouena lyras.
187 291 750 323 Quippe adeo teneris alibi tot taliaque annis
215 323 784 351 Carmina nemo dedit, carmina nemo dabit.
455 365 577 392 Ad Vras.
184 396 973 454 Magna minorque feræ, cor adhuc quid mœror acerbas
218 439 754 468 Hactenus immunes quod datur eſſe maris?
185 470 726 505 Quodque nefas fixa ſtatione recedere cœli,
215 504 821 532 Cæteræin Oceanum cum tamen Aſtra cadant.
186 533 695 567 Quin in læticiæ potius ſit origo recentis:
216 564 727 596 Natura hoc veſtro fecit enim ipſa bono.
184 597 827 628 Hacque vna iam nunc triplicem ratione ducatum
218 627 755 659 Præ reliquo fratrum fertis ouante choro.
184 658 787 691 Sic ſanè Hatmoſynam nullo non tempore vobis
214 691 660 715 Fas inconniuis cernere luminibus:
182 721 862 760 Illam aio Harmoſynam Suadæ Catijque cor atque os;
215 752 855 790 Nec minus & Charitum Mnemoſydumque iubar.
918 758 974 785 i
180 784 734 817 Hoc quanti faceret ſtellarum ceterus ordo,
213 817 811 850 Clamque palamque ſatis res facit ipſa fidem.
182 848 740 878 Quippe ideo cœli forma orbiculatur, vt eius
211 879 759 913 Hinc atque hinc propius virginis ore frui.
904 887 974 924 l
408 936 622 959 Ad Pritanniam.
920 960 974 982 u
179 975 782 1012 Qui minimas tibi dixit obeſſe Britannia noctes
211 1008 614 1034 Illius à vero vox nihil oris abit.
920 1026 969 1050 q
178 1039 825 1071 Nam tibi nox minima eſt; imo nox nulla, tametſi
931 1055 969 1075 o
208 1072 762 1106 Longius thiopum Sol face luſtret agros.
920 1083 971 1119 i
179 1102 746 1140 Scilicet ipſa vicem Phœbi tune præſtat Eliſa:
210 1134 748 1163 Praſtat & mbrarum non ſinit eſſe locum.
178 1166 752 1204 in rutilæ licet emaneat iuhar vſque Diei:
794 1208 873 1233 Han
