976 1432
3 12 102 35 r
357 62 599 89 ARA
791 75 845 98 S3
153 101 204 125 7A
194 104 404 128 dms
414 109 669 136 cis lraere mius.
275 136 625 173 tretis noctis opacum
124 136 256 159 Veiu æt
155 168 596 200 Iila tua tibi cum rapictur heræ.
122 199 660 237 Æ t ernæ noctis niſi Naturæ ordine rupto
156 230 691 262 Sol tibi de tenebris det nouus inde diem.
382 274 569 306 Ad Harſinen.
120 312 742 350 rgo etiam Harmoſpne miraris ab igne tuorum
132 346 791 380 Cur oculorum omnis non quoque morte cadam?
56 376 699 412 Totque tua illa inter durare incendia poſſim,
153 408 658 436 Haud etiam dudum factus æduſta cinis?
1 423 52 453 u
68 435 663 469 Scilicet in naturam Amianti verſus, obire
149 473 694 504 Cur nequem integro corpore tanta mala?
117 504 726 536 Illc vt enim impoſitus carboni igneſcit, & inde
1 526 51 551 a
152 536 593 560 Sblatus forma candidiore nitet:
65 568 690 602 Sic quque luce tua non vna à labe repurgor,
1 593 66 623 I
149 598 755 633 Qas varièadfricuit ſpes mihi, quaſque Metus.
2 623 707 664 Quin ego,quin potius miror cur vrere pergas;
147 662 701 693 Cum mihi mens quauis ſit magis alba niue
403 720 582 746 Ad eandem.
2 752 65 785 i
115 760 709 793 Vtfuit in iugulos nuper tibi verticis aurum,
150 795 696 824 H c. quam mens aini territa tota mei eſtl
74 824 751 861 Namque tot vndantes humeris ſine lege capilli,
147 857 600 888 Exlribue re oculis vera flagella meis.
1 887 767 923 i.Iamque requente datura meo ſua verbera, tergot:
146 919 583 950 Ah vbinobilitas illa atauita iaces?
112 951 736 982 Nec tanen impedio: pergas modo ſæua: ſecuris
145 982 645 1017 Quin etiam in collum ſi lubet iſtud eat.
1 1012 560 1050 Antiqua nam ſi Saturni lege videre
141 1045 729 1079 Nemo Deam inuitam fas habet abſque malo
1 1074 728 1123 Maieſtas fateor tua cæſa malè eſt mihi; longum
118 1107 525 1137 Iniuſlu vidi qui tua vulta tuo.
63 1139 687 1173 Ergo etiam tibi me dedo ecce, paratus obire.
1 1156 29 1178 5u
139 1171 634 1208 Qualiacunque voles Dea, ſupplicia.
539 1209 634 1244 Eee -
756 1217 822 1243 Hoe
