976 1432
898 1 971 34 4V
312 72 556 98 VARIA
765 77 813 102 05
95 108 525 147 Is ſed neſcio quid ſubeſſe fraudis
96 147 520 177 Tam promptæ veritus ſolutioni,
97 178 476 208 Mox ala trepida petiuit aſtra.
96 209 560 239 blitus nimium pharetræ & arcus.
76 240 669 272 Quem poſtquam Harmoſyne tetendit atque
92 272 592 303 Depromptis pharetra occupat ſagittis,
72 303 617 333 Quænam non mala amantibus timenda:
93 336 599 365 Arcum namque regenite Amore, quouis
95 365 547 395 Tenſus tempore non fuit locoque.
95 397 573 428 Illum aſt tlarmoſyna regente, quouis
95 428 584 461 Tenſus tempore erit, locoque quouis,
94 461 632 492 In luctum, in Iacrymas piorum amantum.
95 492 565 524 Nam quamuis viduauerit pharetram
73 523 503 555 Qualicunque Cupidinis ſagittâ,
92 555 477 587 Nec neruo fuerit relictus vſus;
91 586 564 619 Haud vnquam deerit ſagitta, neruus
73 617 589 650 Haud vnquam deerir: coma eius, eheu,
92 648 579 679 Neruos mille nouos, nouaſque ocellus
92 680 528 714 Hic atque ille tot aggeret ſaittas
71 711 520 745 Ijs vt perdere non modo potis ſit
93 738 671 778 Quotquot nunc hominum alma terra nutrit;
81 776 579 810 Sed quotquot polus obtinet Dearum,
93 808 578 842 Sed quotquot polus obtinet Deorum.
169 848 723 884 erg. Mich. Lingelſemio innatalem Friderici filij.
62 894 626 933 Cm tibi Lingelſemi ea ſit pellacia fandi,
71 927 617 958 Vna ſui quam fert muneris vnaVenus:
62 958 686 997 Cumque tuæ mores eadem illa afflarit Amatæ,
123 990 641 1014 Nec minus & formæ rara venena Venus:
61 1015 706 1052 Iure etiam, vobis qui nunc modo pipilat infa ns,
1 1043 576 1083 Purpureo Veneris naſcitur ecce die.
61 1077 677 1121 Inque omni doctrina ac virtute ominat idem,
120 1116 678 1147 Rite ſibi Veneremmox fore moxque ſuam.
1 1138 738 1186 Hoc eſt, ad ſe oculos quo ducat vbique bonorum,
125 1180 589 1213 Sicut eos ad ſc ducit vterque parens.
723 1213 795 1239 In P
493 1217 576 1241 Eee 3
