976 1432
307 78 556 110 VARIA.
736 97 795 122 o
53 104 729 160 Non modoeum tuus ille vigil reuocauerit ardor;
108 149 607 190 Fecerit ac Solis cernere rurſus equos:
38 175 697 222 Verûm etiam Auſoniæ decorarit munere veſtis,
26 214 605 247 Atque vrbis ciuem iuſſerit eſſe Remi.
12 241 705 284 Certe non tantum facto hoc ter maximam iniſti
116 277 733 318 Gratiam apud Phœbi doctum vtriuque gregem:
36 307 649 341 Sed tibi cuncta tenace ligas animalia vinclo
120 340 695 376 Qæque fouet tellus, æquora quæque fouent.
35 362 787 412 Nec leuibus volucrum vlla ſecat liquid æthera pennis
118 402 587 431 Quin & in ære libens ſe ferat eſſe tuo.
34 425 662 469 Quare ſic habeas; moritura in rempore nullo
118 465 634 496 Illa tua in Græcum totbenefacta Philen:
51 485 650 540 Vque ſed hoc Crbis triplici victura theatro,
71 531 621 560 Donec erit Tiſcis, donec & Ales erit:
29 560 651 597 Donec erit Serpens, donec Pecuina propago;
52 591 601 622 Donec erit Vates, donet erit Medicus.
315 641 557 671 Ad Reginam Angliæ.
31 670 706 715 Inſula cincta truci mare quod ſibi vindicat ortus
116 712 536 741 O ſecli triplicis gloria tri na tuos;
30 736 705 778 Haud ratione caret: nam præſtantiſſima quæque
55 774 581 808 Natura abſtruſis gaudet habere locis.
923 772 974 801 5
35 806 692 843 Sic duplicem de vepre roſam producit obunca;
114 837 548 870 Sic cochlea baccas aſperiore tegit
71 870 718 902 Sic Piceo montis gtemio flauum excubat auruin:
116 901 560 932 Sic pelago gemas intriore parit.
79 932 686 963 Recte igitur terra in ſola non naſceris infans;
115 963 546 988 Inſula natalis ſed tibi facta locus.
74 996 746 1028 Geinmea nam gemm magis es. magis aurea es auro:
113 1026 629 1059 Vnio tota eadem, tota eademque roſa es.
333 1082 508 1114 De Hlarmoſyjne.
77 1122 683 1162 Stellave ſic igitur maleme gemina illa reliquit,
114 1157 618 1187 Quæ ſuper errantis lux erat vna animæ?
80 1189 643 1224 O dolor lin ſummis ergo mihi vita tenebris,
466 1227 550 1255 Eee 4
684 1230 781 1263 Perq
