976 1432
517 1 590 24 L,
292 71 563 99 VAR A.
758 86 819 107 80o 9
31 103 733 154 Solis at Heſperio cum mergitur æquore currus,
129 145 628 181 Stridenti querulum iugiter ore gemit:
903 162 974 223 I
37 177 738 210 Sic etiam Harmoſyne ipe tuis vbi luſlror ocellis,
129 209 717 241 Quos ſronti geminam cernimus eſſe Pharum,
45 230 710 276 Vnde faces vato è mare lucet amantibus, atque
126 272 724 303 Ad portum, ad requiem deuocat almus Amor.
30 304 669 341 Ilicet exanimo ac ſtatuæ muto mage, ſenſim
129 335 657 363 Sponte ſua inſinuat ſemihi molle melos:
30 357 769 404 Molle melos quale ipſa Venus Charites docet, inter
125 398 695 432 Mnemoſidas agili cum pede pulſat humum.
31 420 695 468 Oris at omnigenos ſimulac ſubducis honores,
64 463 665 495 Exque oculis oculos fers mihi torua tuos;
19 493 661 532 Rurſus fio lapis mutus, niſi quatenus inſtar
128 526 543 556 Saxosæ Niobes nocte dieque fleo
34 557 718 595 Sin quidquam crepito vei sibilo, triſtius eſt quàm
63 591 643 621 Aut plantus viridi quem ciet axe rota,
34 619 629 657 Aut queſtus ranarum, aut argutatio picæ,
58 653 628 685 AÆuſpiciumve vlulæ, barbarieſve ſtrygis.
2 686 777 721 iEius hic ecce liber ſpecimen; quem dum geno,nulla
131 716 557 749 Aſpectus eheu copia facta tui eſt:
57 749 584 786 At me ſi vatem ſieri vatum cupis, eia,
131 779 616 810 Eia oculi gemini nobile prome iubar.
96 812 719 843 Non facis? ah miſero quando continget amoris,
132 843 631 874 Vltima, ſi nondum linea prima mea eſt?
302 897 589 929 Ad Hlippoytum àCollibus.
95 937 771 971 Nulla tua heic culpa eſt, Præſes ſcitiſſime: culpæ
129 971 639 1003 Vtilior nam quid nomine techna ferat?
96 1003 675 1034 Iſta namque mora voluiſti intendere orexin,
1 1005 33 1040 p
130 1036 534 1067 Et deſiderij vim geminare mei:
96 1067 654 1098 Qualiter ardores iuuenis ſuccendit Amica,
130 1098 654 1129 Cum propius poſito cuncta licere vetat.
96 1129 592 1162 Et ſic eſt. cui mox forſan faſtidia nuper
130 1162 621 1195 Mouiſſet lectum vel ſemel illud opus:
97 1194 749 1231 Nunc mihi ter quamuis ad calcem a fronte legatur,
1 1210 38 1241 L
512 1231 589 1256 Eee5
736 1235 810 1267 Qo
