976 1432
293 82 540 107 V ARIA.
752 91 794 110 I
64 119 688 158 Ter mage felicem, cum quo tua cædere dulceis
64 158 676 189 Non iiquando negat vinnula lingua iocos.
44 186 644 227 Bis decies mage felicem tangi oſculi agreſti
95 220 620 251 Cui tua ſiue manu. ſiue mamilla poteſt.
20 242 681 290 IIlum at felicem quoties numerabile nulli eſt.
65 284 655 314 m partem accipies quem pudibunda tori.
28 308 617 347 Vtque tui adflatus tonitrali numinis aura
121 346 648 377 Mox animam, Bacchi more parentis, agat.
63 374 762 412 Hoc tamen hoc damnum mortis ſolabitur, vſquam
63 410 603 441 Non fato poterat quod potiore mori
63 440 641 479 Inuideatque ipſi totus ſimul Orbis & optet
63 473 609 508 Sed fruſta ſimili poſſe perire modo.
366 519 522 541 Ad Amorem.
64 559 712 600 Nomina qui ferret tibi cunque, Cupido, tyranni;
71 594 582 626 Næ nimium ferret nomina veia tibi.
38 624 728 668 Sicut enim ille inhians opious concordibus vrbis,
109 658 596 694 Quam belli nulla vincere callet ope;
2 689 638 732 Ciuium amicitias exambit munere crebro;
122 720 681 758 Seque probum cuiuis exhibet, atque pium.
63 750 789 798 Iamque adeo à Patribus facile introitum obtinet in his
69 783 709 816 Dmmodo ei comitum non ſit abunda manus:
62 796 636 854 a
122 849 680 877 Fas habet, ac nullum on penetrare locuns.
71 880 695 914 Sed ſimul vt nummis hun c o ccœcauit, & i llum,
75 910 541 943 Promiſis plures fecit & eſſe ſuos
74 941 664 978 Sed ſimul vt tantus ſubijt clam mœnia miles,
118 976 595 1005 Vrba os vt vel vincere Marte queat;
86 1005 664 1038 Conſilium prodit dirum, ac diſcrimine nullo
118 1037 601 1068 Multa facit laqueo finera, multa lacu.
1 1068 729 1103 VSic quoque ſic primo cum me aggrederere, Diones
116 1099 534 1128 Ofili ore tuo mellificabatapes.
85 1131 721 1167 Haudqu alios mihi praſtabas ſubmiſſus honores,
119 1163 690 1202 Quam ſi quis Superûim de grege Semo forem.
66 1195 767 1232 Quin etia mipſe Chorus Riſuſque ocuſque creabant
744 1235 782 1259 Ii
