976 1432
319 69 564 96 VARIA.
760 80 809 102 Hi
121 109 678 145 Nunc Amphioniam tangat habere chelyn
59 131 699 175 Non vt ſponte petræ coëant in mœnia:non vt
132 173 563 205 Fluuiorum retio ſuſtineatur iter.
46 205 678 238 Sed mage, virginei quo nobile nomen Eliſæ,
146 236 608 262 Æterna intexam verſibus arte meis.
52 269 705 302 Verſibus, ingentis Aquilæ quos præpete penna,
134 302 699 331 Per mare. per terras, tempus in omne ferant,
53 331 675 368 Sic ego:ſic contra vox deſuper accidit. ecquid
135 363 650 394 Plectra lyramque cupis quæ periere ſitu?
54 389 653 425 Quin opta potius, tibi ne adſpirare recuſet
127 427 552 453 Illa ea, virtutes dicere cuius aues.
41 451 706 496 Sic poteris formare melos, cuncta vndique ſaxa
104 490 701 522 Flumina quodque ad cuncta repente trahat:
44 521 708 550 Quorum hæc innumeros nauſtu potiore Poetas
132 554 604 585 Virgilio faciant M œonidæque pares.
37 584 753 621 Illla habitum capiant Templorum grandium, Eliſa
128 616 577 650 In quibus exiſtat ſola colenda Dea.
242 664 617 695 In Palterium Gregorii Berſmani.
56 702 677 742 Ailicet Autumnum talem præſtare decebat,
58 739 591 765 Flore cui multo veris ouarat honos:
43 763 656 809 Flore color nullus cui ſe componere, nullus
130 803 589 828 Poſſet aromatici turis adultus odor.
56 828 713 874 Nam quos non fructus large Berſmane refundis
124 866 689 897 Nam quas non triplici fœnore promis opes
56 888 597 927 Ecce Dauid Quirinali procedit amictu,
11 917 653 960 Principe quo Solymum ſloruit vber agri.
56 959 650 999 Regalique ſacro vultus ſplendore tuentum
129 991 667 1021 Ad ſeſe, hinc oculos hinc animoſque lacit.
56 1014 649 1060 Vtq; chely carmen palmare maritat ahenæ,
126 1055 616 1077 Immemor auditrix con cio tota ſui eſt.
50 1077 685 1123 Vſque adeo mortale nlil vox dædala profert;
128 1117 645 1150 Corda ſed ad culmen ſurripit vſque poli:
35 1140 700 1189 Heic vbi ſidereique glohi Angelicæq; phalanges
125 1180 623 1208 ternum celebrant & ſine fine Deum.
683 1221 790 1251 Opexos
