976 1432
1 20 83 40 ,
437 54 594 79 RIA.
770 62 831 84 SI5
142 92 660 124 Mox aliquem dignum ſubſtituiſſe loco.
24 124 684 159 At vero Mortis cum falce quis occidit, idem
141 157 583 188 Orator, Vates, Hiſtoricuſque teres:
59 188 690 223 Fit mundo iactura grauis, tandemque vacanti
145 220 676 251 Vix aliquem dignum ſubſtituiſſe loco eſt:
66 249 701 281 Qalis cum fueris Calamine; notabilis omni.
362 297 531 328 De luto Lipo.
55 338 719 370 Si proprie Heroum eſt toti ſuccurrere mundo,
144 368 600 401 Ac e progenitis poſtgenitiſq; dare:
56 400 688 434 Lipſius Heroo plus eſt quam nomine dignus,
130 433 682 468 Quem per & exſtinctis vita ſaluſque redit:
56 455 691 495 Vita taluſque, dein haud vlli obnoxia morti
140 497 681 530 Progenitis vt itempoſtgenitiſque vacent.
278 554 642 585 Ad Antonium Mantlerquium-
59 591 674 626 Mauclerqui, culus nitidas migrauit in ædes
137 627 647 659 Anguſti quidquidTempore Reoma fuit:
104 659 693 690 Priuatæque domus minime iam iura recuſat,
137 690 589 721 Sueta prius toti ducere iura ſolo:
104 720 755 755 Quid fruſtra Vtenhouo impendis ſuſpiria, longum
133 753 611 785 Ingeminante melos exſequiale tuba?
104 786 633 817 Quidue ſepulcrales illi moliris honores,
135 817 578 840 Interiis manes nec ſinis eſſe rudes?
107 849 722 881 Talia debentur tantum illis munera, quos Mors
2 857 39 890 -
134 881 618 912 Tranſcripſit Lethes dira tenacis aquis.
101 912 699 942 Viuit at Vtenhouus, Manclerqui; viuit, & ecce
131 944 589 974 E ſpecula aſtrati fornicis ora mouet:
99 974 636 1006 Ora mouet, clareque videtur dicere;ſe cen
132 1005 675 1036 Lux erat ante Orbis, nunc decus eſſe Poli,
249 1061 638 1088 De aiuſlem Caroli Vrenhouiiobitu.
1 1098 69 1129 I
99 1108 706 1144 Lugerem tecum merito, Vtenhouique rapinam
131 1139 607 1176 Proſequerer ſubi tam flebiliore ſono:
98 1171 648 1204 Vtpote communi tecum fraudatus amico,
727 1219 801 1252 Quas.
