976 1432
297 67 546 95 VARIA.
761 75 812 102 ſI
86 107 534 139 Quin imo; tali inſaniam ex furore
92 142 523 174 Prognariter natam, ſalute quauis
95 173 528 204 Optatiorem habebo: morſque tali
92 204 543 236 E vulnere haud ſecus placebit ac ſi
93 237 479 261 Vitam dediſſes æuiterniorem.
91 268 625 301 Mirabilem vah ſortem Amantium, queis
91 301 543 332 In pœna habere diſplicet ſodalem,
92 332 516 363 Vt vniuerſi vt ſinguli cachinnent
91 362 672 395 Noſtrum ad malum, ſimuſque maximi omni
91 397 494 426 Emorionum gente moriones.
252 447 620 484 In conradi itterſnſi Feudalia.
32 483 764 528 Quis neget exigua nuce clauſum opus illud Homer
125 526 625 557 Tro ca quod Graio carmine fata canit?
56 551 670 589 Quis ve Siracoſium vitio non credatin arcto
127 588 654 620 Compegiſſe ſenem templa nouena Iouis?
54 618 690 657 Cum tumateriem feudorum, ingentibus olim
123 651 634 684 Quam vix claudebant iſte velille libris,
53 678 631 723 In tabulæ Ritterſhuſi compegeris orbem,
121 716 592 746 Et totum concha ceperis Oceanum?
15 742 669 780 Macte hoc ingenio, macte his eia artibuslipſa
121 777 649 811 Pro quibus indulget iam modo fama tibi,
1 801 705 849 AEius vt adſumptis volites totum æthera pennis:
57 840 673 874 Moreque Triptolemi, non noua farra ſeras,
55 866 633 936 .a
54 930 762 974 Donec vtrumque ſuis complerint meſſibus Otbem:
54 965 601 1009 Imo ipſis Orbis non ſit vterque ſatis.
377 1009 521 1041 Harmoſynæ.
57 1051 602 1088 Ah. ſine te tuear vicinius;ah ſine ocellos:
117 1084 566 1117 Metiar ipſe acie, lux, propiore tuos.
83 1115 653 1147 Nam ſi ſic perſtas intendere fulgura frontis,
111 1147 608 1180 Cur mihi par grandi non videare feræ?
57 1181 721 1213 Tali nempe hominumnemo adſpirauerit, ingens
576 1211 855 1246 Fff Qui
145 1213 341 1237 Tmus Secundus, .
