976 1432
337 97 578 129 VAIA.
42 129 706 181 Semper Ariſtoteli qua patet Orbis iter:
52 169 618 207 Illam tunc putas iugulari poſſe repente
149 201 616 238 Aterræ hac turpi, Scæuola, progenie?
114 231 598 268 Imo vel alterius fuerit ſatis vna ruina,
148 265 600 300 Qua tuus obtrito dux pereat capite.
52 296 692 337 Sed te vere vlulamlnocturuis ad facis ignem:
145 329 600 357 Cœcus at es meiio Solis ad ora die.
329 382 586 414 In Vmbrum pulchellum.
9 420 749 469 Dum fueras iuuenis, rem quamuis nullus haberes
145 453 676 490 Res tibi cum multis attamen Vmber erat.
54 485 654 523 Iam ſed vt es ſenior res etſi ſufficit, Vmber;
144 519 591 548 Cum nulla res eſt attamen vlla tibi.
57 549 735 585 Res votaldeſiceret cum res, rem multus habebat:
144 581 746 617 Nunc vbi res ſupereſt, rem minus, vmberhabes,
339 628 569 658 Ad Animum ſuum.
112 669 584 701 OQuo quo ſic Anime impotente curſu
110 702 596 735 Quo tendis? Dominæ ad meæ capillos:
110 732 567 766 Quorum hæret meditullio Cupido,
112 765 644 799 Tanquam illex Auis oreque inquieto
107 796 544 824 Ad ſe lætæ Animos vocat iuuentæ?
106 828 598 864 Ah ah noli Anime, abſtineque teipſum
107 859 439 890 Atriſti exitii grauis ruina.
106 894 600 923 Nam quos purpureos putas capillos,
106 922 557 955 Non ſunt purpurei, vt putas, capilli:
107 953 489 982 Sunt ah retia lentiora, ſunt ah
106 984 490 1010 Caſſes caſſibus heu tenaciores
108 1016 669 1054 Quam queis Ignipotens Venuſque capta eſt:
1 1018 33 1035 ?
108 1049 580 1077 Quæ te mox gremio male inuolutum
106 1079 504 1110 Iugi carcere perpetim tenebat;
106 1111 552 1141 Solue adum prece præmioue nullo.
107 1143 589 1176 Sunt, inquam meræ Araneæ, quibus tu
107 1173 512 1206 Inuoluere necaberiſque muſca.
108 1204 676 1246 Nam muſca ipſe Anime, & quidem puſilla es,
571 1246 804 1279 Ff 2 e
