976 1432
317 63 557 88 V ARIA.
758 68 809 90 x
375 110 513 141 Harmſynæ.
110 148 654 181 Diſtinctos lepide gemmis auroque capillos
142 180 606 211 Pileolo aptaſti, Nympha ſerena, meo.
60 207 736 244 Sed tamen illa eadem collo quoq; vincula necte:
92 243 700 275 Cruribus illa eadem necte, & vtrique manu.
55 265 700 308 Sic tibi non captiuus ero tantummodo, verum
142 308 588 338 Illud idem toto fiet in Orbe palam.
55 338 740 369 Quid refugis ſignum imperii tam nobile?certe
144 370 602 401 Pauperies non eſt vlla timenda Deæ.
53 395 737 432 Perpetuumq; ideo Coma plena manebit, ab ipſa
146 433 638 464 Quamuis ter tanto vincula plura feras.
55 458 666 496 Ecce:licet cunctis ſua ſpargat lumina terris,
149 496 603 529 Nil de Sole perit, totus & ipſe ſui eſt
107 527 746 560 Quid quod integritas pelago ſua ſemper abundet,
146 560 631 591 Aſtra licet paſcat Luciferumq; Deum.
61 590 705 624 Sic cedat quamuis Animantibus omnibus aër,
148 621 687 655 Atque alat i nnumeras vnica fſamma faces;
55 653 647 692 Aër vſque ſibi conſtat, ſibi conſtat & ignis.
146 686 573 716 Maieſtas proprie ſcilicet iſta poli:
56 716 650 747 Nedum deficiat tete, Harmoſynilla, creare
150 749 654 780 Quæ valeas anima cuncta elementa tua.
56 778 619 814 Tete inquam, cur de maieſtate, Deorum
140 812 609 844 Maieſtas oritur perpetuatque decus.
282 856 610 889 In Cyngetica Mich Piccarti.
108 899 564 931 Dum Piccarte polo beas Quiritum
109 929 620 963 Gentem quadrupedum, antea obſoletis
118 961 524 991 Clauſam carceribus Soli Pelasgi
118 993 583 1026 Moreſque ingeniumque gloriamque
120 1025 576 1057 Sic horum graphice exhibes, vt ipſis
119 1058 463 1088 Lætas cedere lineas Apellis
111 1087 560 1120 euxis diceret, arbiterque euxis:
112 1122 486 1147 Deuinxiſti adeo tenace nexu
115 1154 678 1185 Gentem quadrupedum vndiquaque totam,
118 1185 615 1218 Cunctoſq; eſt quibus vſus aut voluptas
750 1219 823 1244 Gen-
557 1219 645 1247 Es 3
