976 1432
311 74 557 98 VAIA.
752 81 801 104 S25
116 112 653 141 Tranſtulit & ſolitum iuſſit habere decus.
40 145 694 176 Vis flores fructuſque oculos hilarantia? fructus
130 176 663 209 Vis floreſque quibus ſtat medicatus odor?
25 199 680 242 Vis frutices pariter folio ac radice ſaiubres
129 241 772 272 Vis queis Bruma nequit, queis Nepa ferre malum
25 272 664 303 Eſtne volup vitæ ſcatebris accumbere fonti:
130 304 704 336 Pergula denſa placet? gramina tonſa iuuant?
12 325 726 373 Innumerarum auium gratum eſt audire ſuſurros?
131 367 617 390 Arboreis libitum eſt delituiſſe comis?
53 398 713 436 Heic heic iſtorum dubia est tibi copia: quodque
133 431 647 463 Nuſquam alibi eſt, iſtis fas reperire locis.
10 437 676 495 Oonitor & odor, color genuina voluptas
136 494 691 527 Par quid an his mpe cœlica ferre queant?
41 525 645 559 Non rerer cere: ſi nu era deſuper horti
137 556 613 588 Demiſſa huc ad nos huius Eliſa fores.
57 586 672 621 Quippe Orbi toto, Liuore fatente vel ipſo,
126 620 757 650 Non modo Flos Florum; Ver quoque Veris ades.
283 674 606 708 In Hugonis Grotii Tragcdias.
54 713 622 757 Dia cothurnatæ tot miror vt orgia ciſtæ,
127 747 630 788 Quæ primos vulgat Grotius ante pilos;
1 779 679 844 ae
1 841 699 885 uGrotius excepit charta: Themis lma poliuit,
142 873 692 906 Suada recognouit Mnemoſideſque nouem.
58 904 774 937 Mercurius Phœbuſque deinde probauit ad vnguem;
141 935 728 971 Omniaque ad tragicam ſic cecinere tubam.
57 967 656 1010 Et miramur adhuc Iuuenis regnare libello,
135 998 769 1037 Quo d Sophocles cupiat, quod Seneca eſſe ſuum?
387 1043 529 1074 Harmoſyna.
56 1081 698 1118 Ah vtinam propere redeas, ilſRdque propines
146 1118 678 1150 Harmoſyne, noſtris par Oculorum oculis
57 1150 790 1183 Par Oculorum, animus mihi quo cordiſque medulla,
138 1182 665 1215 Menſque refrigerii ſemina cuncta trahit.
549 1215 645 1244 Fs
751 1219 821 1243 Nam
