976 1432
912 10 960 40 æ
317 65 556 90 AIIA
747 77 791 97 37
59 104 557 139 Deuinxit duro plus Adamante ſibi;
24 128 737 174 Gramineum hoc tibi habe viridi de ceſpite donum,
112 171 578 196 Perſtet vt æternum nominis Ara tui
18 191 741 239 Nunquam illi flores. nunquam illi frondea deerunt
54 235 599 267 Tegmina. ab Aoniis vſque petita iugis.
5 256 630 299 Interea has violas has accipe lilia; nec non
54 298 580 330 Oebalios flores Cyprigenæque roſas.
53 330 647 367 Et da, Diua, triplex Huttenum viuere ſeclum
54 360 630 392 Neſtoris, expertem triſtitiæ atque metus
54 383 744 432 Obſequiumque vt ei Muſa obſequiumque Minerua
110 425 595 457 Præſtat, & Idaliæ terna clienta Charis:
55 456 631 488 Sic illi nunquam ſua Fama aut Gloria deſit;
56 485 563 519 Viuat at æternos illaque & iſta dies.
55 514 710 551 Cumque inſtare ſenecta vtrique videbitur vlla,
55 551 585 577 Sic illam occulto tunc Dea rore foue:
54 577 736 616 Vt pateat Vatum te haud ſimplice iure patronum,
109 615 623 647 Vatibus & quotquot pectora fida gerunt
52 641 687 678 Fac, inquam, ver nent iterum iuuenilibus annis,
52 677 652 711 Huttenumque alte per loca cuncta vehant,
53 705 774 743 Quaque arctos ſtat aduſta gelu, quaque India flammis,
53 740 643 773 Quaque vigent Euri flamina, quaque Noti
75 771 788 804 Viuat vt ore hominum atque animis Huttenus vbique;
106 804 642 835 Donec erunt Animi, Oraque donec erunt.
224 862 638 893 In Dominicum Cſtodem, ſculptorem.
74 903 701 936 Quam bene Cuſodis tribuit tibi nomina fatum
103 936 601 960 Nulla vetuſta ſiuis, nulla nouella mori.
166 979 692 1007 Ad Iohannem oſthium & Paullum Meliſſum.
55 1017 699 1055 Poſthi Heliconiadum mera adorea germanarum,
104 1055 579 1080 Nec non tu Clius dulce Meliſſe latus.
73 1087 629 1121 Quid mirum vobis ego ſi Iou diligor quo,
1 1119 554 1151 Quid mirum ſi vos relligioſus amo?
73 1151 773 1186 Qualis enim mens atq; animus veſtrum extat vtrique,
6 1183 630 1220 Extat item parilis mens animuſque mihi.
682 1216 779 1250 Viuitis
