976 1432
324 78 575 100 VAA..
755 83 810 105 829
64 121 628 157 Fallorne? an quoque ſic imago quondam
32 154 451 187 Narciſſi pueri calore eodem
26 183 591 221 Torquebat Dominum,ipſe quo ſolebat
39 216 570 261 Torquere ante viroſque fœminaſque.
263 248 626 272 I Pcata Maæimilia Vrintii.
60 279 814 321 Quale nouum monſrMors vndiq; & vndiq; Mauors:
127 313 621 344 Omnia Belgarum culta pererrat eques.
32 340 665 382 Inſonat auriculis paſſim taratantara paſſim
128 375 628 403 Terra cadaueribus tecta cruore putret:
40 399 675 449 Et tamen. hæc iuxta crudelia Numina, Muſæ
132 435 612 475 Expediunt ſtudii cuncta elementa ſui
59 468 673 512 Ecce cliens vt multus earum Heliconia vere
131 499 649 531 Concinat ad citharæ ſplendida fila mele.
60 528 720 565 Ecce. choros vt rite tubas agat inter & enſes,
134 562 633 600 Bellerophontææ ceu foret hoſpes aquæ.
2 592 657 639 Illorum in medio caput alte Vrintius effert,
134 624 674 664 Carminaque antiquis Vatibus æqua genit.
56 656 745 697 Vnde ſed hæc veniunt, Vrinti, miracula? num vos
58 690 619 725 Reddit inaſpicuos annulus ille Gygæ?
58 715 739 767 Num viridis mores Salamandræ aſſumitis, & ſunt
135 751 598 793 Bellorum vobis grata alimenta rogi?
59 783 654 831 An potius medico cuncta exarmatis odore,
137 815 616 854 Vt torpedo ſis vtque Echeneis aquis?
59 845 659 891 An magis, neæ conceſſit vt hoſtis & ignis,
58 876 684 920 Sic Mors ſic Mauors vos reuerenter habet?
58 909 647 956 Siue hoc, ſiue quid eſtaliud, ſaluete Poëtæ
138 942 658 980 Belgiaci, Charitum Pieridumque genus.
58 971 670 1020 Nec tantum è mediis ſpinis ceu lilia, ſuaues
142 1003 671 1035 Fundite candoris, fundite odoris opes:
57 1033 733 1076 Verum etiam Martis Mortiſque infringite vires,,
145 1067 666 1098 Ad vos dum redeat Pax, redeatque Salus.
57 1099 692 1144 Euentura loquor. totum certe vnicus Orcum
145 1130 684 1161 Si cithara olim Orpheus in ſua iura trahit::
111 1161 774 1194 Cur non ex ſacili Mortem Martemque triumphent,,
142 1195 645 1228 TotClaro iuntim pectora plena Deo.
