976 1432
16 20 175 43 l
327 73 558 98 VARIA
759 84 797 105 S3
314 107 536 147 AdHamoſynen.
27 147 748 190 Laudaremmihi te Solem, Solem. inquio, per quem
124 184 573 209 In terris nocti non licet eſſe locum:
87 215 607 246 Si non, Vita, mihi vel in vno ſæ pius anno
62 246 575 277 Deſi ceret media ſic tua flamma die.
376 290 518 315 Alter Iæion.
53 329 502 370 Si quis ſupplicum videre noſtro
24 362 570 397 Priſci Ixionis hoc quoque ambit æuo,
19 394 580 434 Me tantum videat: mere ipſe nam ſum
54 522 513 558 Non gyis imodo verſat inquietis:
1 555 543 591 Verum præterca lgatum amantem,
35 585 544 617 Verum præ terearotatum amantem
27 613 546 649 Sic ſingultibus vſquequaque paſcit,
88 648 559 682 Sio ploratibus ſquequaque potat,
88 678 575 711 Mortem vt qualibet ipſe nocte poſcat,
86 710 555 742 Mortem vt qualibet ipſe luce poſcat,
87 741 479 776 Quæ tantos ciio sfiniat dolores.
88 772 560 800 Sed fruſtra tamen hoc. in æuiternum
87 802 550 835 Sic nexus male pendeam neceſſe eſt,
88 835 546 869 Sic tractus male circiner neceſſe eſt,
86 866 511 901 Sic paſſus male farciar neceſſe eſt,
84 897 533 925 Sic ſiccus male inebrer neceſſe eſt,
81 929 499 962 Dum fiat ſatis ac ſuper Cupitæ,
82 960 540 994 Pul cræ illi atque truci meæ Cupitæ;
82 991 508 1022 Haud Martis ſimilimodo parenti
81 1023 429 1055 Vtraræ ſpecioſitate formæ,
82 1055 517 1085 Sic raræ quoqu atrocitate pœnæ;
83 1084 553 1116 Sed ter, ſed qater hac prior priorque
81 1116 428 1149 Vt raræ ſpecioſitate formæ,
83 1147 515 1183 Sic raræ quoque atrocitate pœnæ.
82 1179 501 1216 Nam certe etuc alla luuo ſaltem
690 1225 794 1248 Se nu-
1 1225 59 1255 I
