976 1432
318 63 557 94 V ARIA.
769 84 813 107 S3
68 102 679 143 Qui plus teamauit. filius quàm amat patrem
68 135 663 174 Quem plus amaſti filium quàm amat pater.
67 166 620 200 Muſſo, inquio & ſitu ac tenebri abditus,
65 198 512 230 Silentioque pertinace clamito,
99 230 529 256 Honoribus nihil, nihil virtutibus
100 259 571 288 Poſſe adſtrui, ſeu voce ſeu manu tuis.
334 302 581 334 Ad eginam Angli.
37 337 726 383 Sic eſt: priſcorum virtus Regumque Ducumque
86 375 626 409 Pleraque non vero nobilitata ſono eſt.
48 400 654 439 Tanta ſed ipſa fuit, quantam voluere videri
134 439 627 472 Cura quibus chartas vna polire rudes.
46 466 668 504 Hinc vatis melioris ope, æui illuſtrior audit
136 502 629 537 Fax noſtri ille ſui qui fuit ante pudor.
62 532 655 571 Hinc vatis peioris ope, æui obſcurior audit
134 565 603 597 Fax noſtri ille ſui qui fuit ante decus.
39 591 684 630 Hæc, o Eliſa. loquor, minor vt ſi duplicis orbis
134 628 629 660 Exiſtat meritis famaque lauſque tuis,
57 660 699 695 Increpites ſterile hoc æuum, cui non ſatis oris
12 691 634 726 Ingenijque tenax contulit aula Deûm.
40 717 667 764 Sic tibi nam fauit Virtus, Fors. Gtatia, Muſa,
136 753 682 790 Quidquid & apparet quattuor hiſce Deis,
59 785 760 826 Vt quamuis redeat Cicero atque Demoſthenis orco
116 817 692 847 Suada, & Homerus ei det latus atque Maro;
58 845 741 890 Seque inter nil non fingant ſimul atque refingant;
2 880 591 928 Mentiri de te nil aliquando queant.
387 936 521 966 Harmoſjnæ.
57 969 725 1023 Ipſe quidem poſitus ſum quàm volo longius à te
136 1009 724 1044 Harmoſyne: at vel ſic te quoque vt ante fruor.
56 1038 638 1087 At video Solem, video ipſam te ſimul: vna
138 1070 619 1109 Vſque adeo vobis forma duobus ineſt.
56 1100 802 1149 IIle oculus mundi eſt:mundies quoque dulcis ocellus,
141 1133 643 1164 Nec ſecus ac Titan Iumine cuncta beas:
56 1165 756 1209 Cuncta beas cœlo terriſque, nec angulus eſt, quo
547 1200 597 1231 s
175 1200 361 1237 Tomus Secundus.
749 1207 808 1231 Non
