976 1432
916 13 962 42 a
337 73 573 98 ARIA.
786 81 831 105 ;
148 114 635 148 obiſcum Hutte ni dum pius ora colo.
3 149 742 178 Admittunt quemuis Capitolia celſa Quirinum,
150 180 652 210 Tollere qui puras audet ad aſtra manus.
61 210 778 247 Tamque ouem placat cui non nſi thurea micaeſt,
149 242 661 273 Aruicolæ quàm qui porricit exta bouis.
59 267 777 306 Vos igitur, quibus ſcra patet labrumque Medusæ,
146 305 631 336 Parnaſique ocres,tdaliumque nemus;
58 333 646 371 Hutteni ante pedes lauri defigite ramos,
148 368 690 399 Plurima perque eius tempora myrtus eat.
59 400 616 439 Ipſe ego quæ Veneris collegi lilia prato,
147 431 689 464 Et violas Charitum, Pieridumque roſas,
60 462 689 496 Illius in caput inque humeros effudero ſuaui
146 494 759 527 Deſuper imbore, ipſam pingatvt inde domum.
60 523 774 560 Qrd ſi etiar liceat per vos mihi, tenue quid vltr
146 556 740 588 Succiete, Huttenus quod tenera aure probet:
59 582 737 617 Forſitan nunc veſtrum candorem poſtuma ſæcla
144 620 607 646 Saturni veteris moribus ante fe rent.
198 675 735 711 Ad Criſpinum Vaſſum abr. ollenhagium
63 719 584 750 Eta ſe fateor ſatis illecebroſa poeſis;
144 751 640 783 Picturæque vltro gratia ſumma ſuæ eſt.
58 783 757 813 Hæc ſed vbi ſimul, & ſimul iila iugantur in vnum;
143 815 580 846 Coniugio tali dulcius Orbe nihil.
57 846 718 885 Sic adamanta aurum, Lunam ſic aſtra coronant:
143 878 557 907 Si c eoëunt rubris lilia cana roſis.
7 890 715 941 Quis feret heic primas? vt Rollenhagius aures,
144 938 567 970 Lumna Paſſæus ſic beat arte ſua.
56 963 710 1008 Paſcere poſſe aures eſt ipſam paſcere mentem:
142 1001 658 1032 Qique oculos paſcit, paſcit & ille iecur.
109 1032 695 1062 Mente nihil prius: iecur eſt nutricula cordis:
143 1063 682 1095 Vt nil mente prius, ſic quoque corde nihil.
108 1095 681 1129 Palma igitur neutri cedet, vel cedet vtrique;
144 1126 747 1161 Aut adeo hanc Charitum cedet terque choro
110 1159 682 1193 O certamen acnm o ius mirabile palmæ
142 1192 706 1224 Vns erque lacot, victer vterque iacet.
