<PcGts xmlns="http://schema.primaresearch.org/PAGE/gts/pagecontent/2017-07-15" xmlns:xsi="http://www.w3.org/2001/XMLSchema-instance" xsi:schemaLocation="http://schema.primaresearch.org/PAGE/gts/pagecontent/2017-07-15 http://schema.primaresearch.org/PAGE/gts/pagecontent/2017-07-15/pagecontent.xsd"><Metadata><Creator>User123</Creator><Created>2020-04-19T08:48:31</Created><LastChange>2020-04-19T08:48:31</LastChange></Metadata><Page imageFilename="1054.png" imageHeight="1432" imageWidth="976"><TextRegion id="r0" type="paragraph"><Coords points="1,1 974,1 974,1430 1,1430"/><TextLine id="r0_l001"><Coords points="41,1 41,17 133,17 133,1"/><TextEquiv index="1"><Unicode></Unicode></TextEquiv></TextLine><TextLine id="r0_l002"><Coords points="349,12 349,36 569,36 569,12"/><TextEquiv index="1"><Unicode>-</Unicode></TextEquiv></TextLine><TextLine id="r0_l003"><Coords points="909,10 909,38 958,38 958,10"/><TextEquiv index="1"><Unicode></Unicode></TextEquiv></TextLine><TextLine id="r0_l004"><Coords points="574,72 520,72 520,75 516,80 511,83 504,84 460,84 454,82 449,77 448,72 344,72 344,93 574,93"/><TextEquiv index="1"><Unicode>VA2A.</Unicode></TextEquiv></TextLine><TextLine id="r0_l005"><Coords points="511,82 515,79 515,71 451,71 451,78 454,81 460,83 504,83"/><TextEquiv index="1"><Unicode></Unicode></TextEquiv></TextLine><TextLine id="r0_l006"><Coords points="783,71 783,96 824,96 824,71"/><TextEquiv index="1"><Unicode>S3</Unicode></TextEquiv></TextLine><TextLine id="r0_l007"><Coords points="364,122 364,151 567,151 567,122"/><TextEquiv index="1"><Unicode>Ad Hamojnam.</Unicode></TextEquiv></TextLine><TextLine id="r0_l008"><Coords points="144,173 144,204 615,204 615,173"/><TextEquiv index="1"><Unicode>Vahl vt non ego te meum celebrem</Unicode></TextEquiv></TextLine><TextLine id="r0_l009"><Coords points="615,207 482,207 408,205 156,205 100,202 95,201 88,196 62,196 62,233 66,234 615,235"/><TextEquiv index="1"><Unicode>Solem fulgidulum, vnicumque Solem?</Unicode></TextEquiv></TextLine><TextLine id="r0_l010"><Coords points="61,236 61,268 604,268 604,236"/><TextEquiv index="1"><Unicode>Solem inquam mage ſole luculentum</Unicode></TextEquiv></TextLine><TextLine id="r0_l011"><Coords points="583,270 114,268 114,298 583,298"/><TextEquiv index="1"><Unicode>Qui terram radios ſerit per omnem,</Unicode></TextEquiv></TextLine><TextLine id="r0_l012"><Coords points="943,281 943,313 971,313 971,281"/><TextEquiv index="1"><Unicode></Unicode></TextEquiv></TextLine><TextLine id="r0_l013"><Coords points="508,301 347,299 164,301 137,300 113,303 113,330 508,330"/><TextEquiv index="1"><Unicode>Candentiſque cluit pater diei</Unicode></TextEquiv></TextLine><TextLine id="r0_l014"><Coords points="11,304 11,339 66,339 66,304"/><TextEquiv index="1"><Unicode></Unicode></TextEquiv></TextLine><TextLine id="r0_l015"><Coords points="110,331 110,361 575,361 575,331"/><TextEquiv index="1"><Unicode>Ah Lux, ah mea Lux, Sole ipſa certè</Unicode></TextEquiv></TextLine><TextLine id="r0_l016"><Coords points="496,363 118,363 118,373 115,376 115,392 496,392"/><TextEquiv index="1"><Unicode>Triplo clarior elegantiorque,</Unicode></TextEquiv></TextLine><TextLine id="r0_l017"><Coords points="111,395 111,425 524,425 524,395"/><TextEquiv index="1"><Unicode>Triplo dulcior es potentiorque;</Unicode></TextEquiv></TextLine><TextLine id="r0_l018"><Coords points="110,425 110,458 630,458 630,425"/><TextEquiv index="1"><Unicode>Id quanquam ore neges, negeſque nutu.</Unicode></TextEquiv></TextLine><TextLine id="r0_l019"><Coords points="544,458 112,458 112,487 544,487"/><TextEquiv index="1"><Unicode>Nam Sol ille polaris, vt caballos,</Unicode></TextEquiv></TextLine><TextLine id="r0_l020"><Coords points="627,487 569,487 549,489 356,490 128,490 100,487 60,487 60,520 627,520"/><TextEquiv index="1"><Unicode>Ruptos hinc via &amp; hinc flagris caballos,</Unicode></TextEquiv></TextLine><TextLine id="r0_l021"><Coords points="114,521 114,552 557,552 557,521"/><TextEquiv index="1"><Unicode>Iam tingit pelagi occidentis vndis;</Unicode></TextEquiv></TextLine><TextLine id="r0_l022"><Coords points="114,552 114,579 587,579 587,552"/><TextEquiv index="1"><Unicode>Seſe autem ex iteris labore curui</Unicode></TextEquiv></TextLine><TextLine id="r0_l023"><Coords points="2,555 2,586 41,586 41,555"/><TextEquiv index="1"><Unicode></Unicode></TextEquiv></TextLine><TextLine id="r0_l024"><Coords points="63,583 63,615 538,615 538,583"/><TextEquiv index="1"><Unicode>Deſeſſum Tethydis ſinu reponit;</Unicode></TextEquiv></TextLine><TextLine id="r0_l025"><Coords points="550,645 550,616 392,615 313,617 188,616 169,617 154,615 129,615 92,616 84,622 64,623 64,646 420,646"/><TextEquiv index="1"><Unicode>Sol ille tlarmoſyne mere dialis,</Unicode></TextEquiv></TextLine><TextLine id="r0_l026"><Coords points="566,646 421,646 271,649 95,649 70,652 62,650 62,673 69,676 83,676 90,679 102,678 120,680 262,680 380,677 499,677 505,680 566,680"/><TextEquiv index="1"><Unicode>Aut terris nihil. aut profecto parcè,</Unicode></TextEquiv></TextLine><TextLine id="r0_l027"><Coords points="97,711 277,711 316,709 398,708 473,709 473,678 380,678 262,681 120,681 102,679 90,680 83,677 69,677 62,674 53,665 1,665 1,697 49,698 50,707 52,711 59,716 88,716"/><TextEquiv index="1"><Unicode>Impartire ſui poteſt caloris,</Unicode></TextEquiv></TextLine><TextLine id="r0_l028"><Coords points="472,739 472,710 316,710 277,712 172,713 111,712 111,741 344,741"/><TextEquiv index="1"><Unicode>Igniti &amp; generabilis caloris,</Unicode></TextEquiv></TextLine><TextLine id="r0_l029"><Coords points="480,741 476,740 281,742 250,744 113,744 113,770 480,770"/><TextEquiv index="1"><Unicode>Scintillantis &amp; aurei coloris.</Unicode></TextEquiv></TextLine><TextLine id="r0_l030"><Coords points="370,802 440,803 500,801 500,771 371,772 283,775 112,775 112,804 349,804"/><TextEquiv index="1"><Unicode>At ſeu ſum tibi iunctior. tuisve</Unicode></TextEquiv></TextLine><TextLine id="r0_l031"><Coords points="535,802 475,802 440,804 370,803 349,805 263,807 161,807 150,805 126,805 124,806 124,816 121,819 117,820 118,837 280,837 483,833 494,833 500,837 535,837"/><TextEquiv index="1"><Unicode>Toto ſegregor orbe, Vita, ocellis,</Unicode></TextEquiv></TextLine><TextLine id="r0_l032"><Coords points="24,850 48,850 55,853 64,853 64,819 59,815 1,815 1,854 17,854"/><TextEquiv index="1"><Unicode></Unicode></TextEquiv></TextLine><TextLine id="r0_l033"><Coords points="508,865 508,838 500,838 498,836 332,836 250,839 150,839 112,837 112,867 411,867"/><TextEquiv index="1"><Unicode>inis, noctuugis, catis ocellis;</Unicode></TextEquiv></TextLine><TextLine id="r0_l034"><Coords points="44,871 63,872 63,854 55,854 48,851 24,851 16,855 17,876 39,876"/><TextEquiv index="1"><Unicode></Unicode></TextEquiv></TextLine><TextLine id="r0_l035"><Coords points="600,897 600,865 515,865 496,867 342,868 297,870 246,869 187,871 113,870 113,899 123,900 286,900 470,896 528,896 535,900 538,900"/><TextEquiv index="1"><Unicode>Semper flamma tamen ſerena, ſemper</Unicode></TextEquiv></TextLine><TextLine id="r0_l036"><Coords points="13,933 63,933 63,884 42,885 35,881 24,881 20,879 6,879 2,881 1,935 10,935"/><TextEquiv index="1"><Unicode></Unicode></TextEquiv></TextLine><TextLine id="r0_l037"><Coords points="492,926 492,898 417,898 202,902 112,900 112,928 458,928"/><TextEquiv index="1"><Unicode>Allucet nitidè cupitus ardor:</Unicode></TextEquiv></TextLine><TextLine id="r0_l038"><Coords points="402,959 467,959 569,955 620,955 620,924 533,924 526,927 359,930 318,932 138,933 113,931 113,963 231,963"/><TextEquiv index="1"><Unicode>Sicque hoc cor fouet vſque luce pingui,</Unicode></TextEquiv></TextLine><TextLine id="r0_l039"><Coords points="61,934 13,934 5,938 5,948 13,953 61,954"/><TextEquiv index="1"><Unicode></Unicode></TextEquiv></TextLine><TextLine id="r0_l040"><Coords points="61,955 1,954 1,981 48,981 49,987 61,987"/><TextEquiv index="1"><Unicode></Unicode></TextEquiv></TextLine><TextLine id="r0_l041"><Coords points="520,988 564,989 569,992 632,991 632,957 530,957 467,960 402,960 308,963 112,964 112,993 303,993"/><TextEquiv index="1"><Unicode>Sic mentem hanc rigat vſque luce clara,</Unicode></TextEquiv></TextLine><TextLine id="r0_l042"><Coords points="537,1020 537,990 450,990 422,992 201,995 113,994 113,1024 274,1024"/><TextEquiv index="1"><Unicode>Vt plus ſit mihi nocte lucis omni,</Unicode></TextEquiv></TextLine><TextLine id="r0_l043"><Coords points="1,1017 1,1053 61,1053 61,1017"/><TextEquiv index="1"><Unicode></Unicode></TextEquiv></TextLine><TextLine id="r0_l044"><Coords points="533,1021 478,1021 369,1024 275,1024 219,1026 114,1026 114,1048 533,1048"/><TextEquiv index="1"><Unicode>Seu fors ſum tibi iunctior, tuiſve</Unicode></TextEquiv></TextLine><TextLine id="r0_l045"><Coords points="356,1084 537,1083 537,1053 434,1055 360,1054 342,1056 260,1057 110,1056 110,1087 255,1087"/><TextEquiv index="1"><Unicode>Toto ſegregor orbe, Vita, ocellis,</Unicode></TextEquiv></TextLine><TextLine id="r0_l046"><Coords points="1,1077 1,1107 51,1107 51,1077"/><TextEquiv index="1"><Unicode></Unicode></TextEquiv></TextLine><TextLine id="r0_l047"><Coords points="537,1085 356,1085 255,1088 113,1088 113,1119 349,1117 422,1115 518,1115 526,1116 531,1119 537,1119"/><TextEquiv index="1"><Unicode>Quam ſi Sol nitidiſſimo dierum,</Unicode></TextEquiv></TextLine><TextLine id="r0_l048"><Coords points="2,1120 2,1143 40,1143 40,1120"/><TextEquiv index="1"><Unicode></Unicode></TextEquiv></TextLine><TextLine id="r0_l049"><Coords points="504,1116 257,1118 193,1120 128,1119 123,1122 112,1122 112,1142 504,1142"/><TextEquiv index="1"><Unicode>Non dico media niteret æthra,</Unicode></TextEquiv></TextLine><TextLine id="r0_l050"><Coords points="1,1143 1,1176 517,1176 517,1143"/><TextEquiv index="1"><Unicode>MrVerum vel medio iſtius cubilis.</Unicode></TextEquiv></TextLine><TextLine id="r0_l051"><Coords points="2,1193 2,1225 125,1225 125,1193"/><TextEquiv index="1"><Unicode></Unicode></TextEquiv></TextLine><TextLine id="r0_l052"><Coords points="518,1213 518,1244 599,1244 599,1213"/><TextEquiv index="1"><Unicode>Ge</Unicode></TextEquiv></TextLine><TextLine id="r0_l053"><Coords points="759,1208 759,1232 821,1232 821,1208"/><TextEquiv index="1"><Unicode>Albo</Unicode></TextEquiv></TextLine><TextLine id="r0_l054"><Coords points="1,1225 1,1243 64,1243 64,1225"/><TextEquiv index="1"><Unicode>I</Unicode></TextEquiv></TextLine></TextRegion></Page></PcGts>