976 1432
902 10 959 30 4
306 77 567 103 V ARIA
774 83 824 104 3
106 119 539 152 Doti, videntis, ſobrij Cupidinis,
105 152 634 182 Quid quæſo adhuc amoris indices petis?
108 182 645 214 Tuumque in album dexteræ poſcis notas?
107 215 615 245 Haud id mihi peto, inquis, exteris peto,
108 245 620 276 Signata cordis clauſtra ſunt quibus mei.
108 276 617 306 Si ſic: & has auferto; quæ licet ſono
106 307 658 336 Tubali amicum te mihi intimum aſſerant,
101 339 655 366 Parum aſſerent, Dornaui: es intimiſſimus.
265 394 661 427 In Lucæ Stocelij librum deLingua.
42 436 780 468 Rebus in humanis ſint quamquam plurima monſtm
135 469 727 503 Lingua hominis cunctis par tamen eſſe queat.
47 492 671 535 Vſque adeo verè diuerſa creatque fouetque,
137 532 746 560 Et modo mel modo fel tota ſubinde merum eſt.
40 562 657 593 Mel eſt, cum rectæ rationis ſubſequa præ ſe
99 593 711 628 Cur, vbi, cui, quando, quidve loquatur habet.
50 623 658 666 Fel eſt, cum prauæ rationis ſubſequa, poſt ſe
139 655 703 691 Cur, vbi, cui, quando, quidve loquatur habet.
50 680 789 729 Id monſtrum partem dum verſas, Stoeli, in omnem,
138 719 607 755 Na turæque eius tota elementa ruis;
39 746 808 792 Mortales cunctos tibi tantum obſtringis vt anceps
141 781 674 816 Sit, tibi pluſve hbonus debeat anne malus.
54 808 689 856 Hic vſum diſcit quia te monſtrante loquendi:
138 845 606 879 Ille ſed in ſpeculo ſe videt vſque tuo.
389 899 509 922 AdSolem.
53 957 693 1001 Auricomans frumentiferi Sol circiter Orbis,
138 990 701 1026 Ecquid adhuc nimio mane iuga addis equis?
54 1017 755 1063 Auroræ potius gremio vſque atque vſque quieſca:
141 1054 594 1085 Sat micat in terris te ſineclara dies.
54 1078 612 1125 En vti diuinum latè permittat amorem
141 1116 701 1150 Atque in ſeſe oculos omnium & ora trahat.
54 1143 698 1190 Occule gemmatos pater ocyus, occuli vultus:
141 1181 575 1210 Si non: maiori lux tua luce perit.
479 1215 568 1246 gg
719 1213 817 1249 Fallor?
928 1221 960 1258 l
907 1358 974 1384 -
