976 1432
905 8 952 36 4V
319 72 554 98 VARIA.
767 83 812 105 841
134 111 618 142 Eſt ſcelus hoc lecti, ſi ſcelus omne tui.
56 134 776 183 Namque recens ab amata vt lecto incumbis amator,
137 178 655 209 Clamque Dionæum pectore vlnus alis.
4 193 743 256 Tam ſenſere graues & ſponda & ſagula fammas,
138 240 693 271 Queis tancn haud fierent iſta vel ila cinis;
39 256 659 304 Ocyus tt cuperent fato quo cunque perire,
11 299 656 331 Perpetuam ferrentne ſinemorte necem.
50 330 777 369 Nil ſed vbi mera vota valent; en, lampadis in ſe
137 365 589 395 Arte trahace tuæ pellicuere facem.
52 388 686 428 Sicque adeo ſine voce docent, nil ignibus eſſe
1 424 746 496 ti
139 491 770 524 Quem facit ipſa ſatis ſponda toruſque palam.
311 536 597 568 Ad Hippolytum coll.biu.
6 574 652 614 Prædixi caperere ſacros ne tangere, Præſes,
140 610 643 642 Effudit petulans quos mea Muſa libros.
106 642 688 673 Illis namque nihil niſi fœdum & turpe latere;
139 673 662 703 Et numeros ſcabros verbaque tetra ſitu.
106 705 785 735 Tu tamen hæc i terumque iterumque requiris, & auri
142 735 594 768 Atque oculo iuras grata futura tuo.
109 767 706 799 Quis non iuranti credat? ne dum tibi? credo:
138 799 727 829 Credo: mihi ſed mens ſic quoque tota tremit.
107 830 702 862 Nam quæ grata tibi iuras nimium fore, mallem
139 862 759 894 Digna quoque eſſe oculo digna quoque aure ta.
108 893 766 923 Sed tamen id nequeant; non ijs ſi membra refingat
141 923 748 957 Singula, Apollo pater Mnemoſideſque nouem.
108 955 687 986 Ergo ſit ijs grata eſſe ſatis; ſic quomodo grata
141 986 688 1019 Corpora monſtrorun Regibus eſſe ſolent.
360 1043 557 1074 Ad Harmoſynem.
107 1084 807 1118 Ergo adſum ille ferox: quidenim morer ampli, vmbra
140 1117 714 1150 Vix modo cum reſtem quantulacunque mei?
107 1149 665 1180 Libertas primum longis mea crinibus hæſit,
140 1181 611 1214 Colla tibi circum qui tenuere plagas.
1 1202 61 1232 i
479 1216 559 1248 Ggss
713 1219 809 1246 Deinde
