976 1432
180 71 232 94 842
386 72 722 98 GRVTERI
2 109 41 134 u
180 110 973 160 Deinde vtriuſque oculi iubar ingens, ſanguinis omnemq
215 147 703 177 Venarum exſuxit de penetrale penum.
180 177 734 207 Poſtremo duplici ciliorum plurima ab arcu
216 210 718 239 Tela. meum heu certa cor petiere nece.
180 239 973 291 Ergo adſum ille ferox: quiic tamen æſtimo magni,
214 271 711 295 Arma diu in te alacri ſuſtinuiſſe manu?
915 286 972 327 e
179 303 744 333 Nam ſi ipſe Alcides metuit certare duobus,
214 334 730 364 Quanti eia pugnam eſt ſuſtinuiſſe trium?
445 378 615 406 Ad hrontem.
177 420 712 453 Si carioſe charon, vbi pauſam fecero vitæ,
212 453 775 483 Eumenidum per te transferar vmbra lacus:
176 484 709 516 Ah perijt tua cymba, tui periere trientes:
914 485 970 521 j
212 516 706 546 Mox etenim ſiccum per ſtyga fiet itet.
922 520 973 551 hes
178 547 818 578 En quantis mea corda vomant incendia flammis,
913 549 973 584 j
210 578 651 610 En aër, en vt proxima flagret aqua.
921 585 973 615 u
175 609 970 643 Non modo quinque profecto exſiccem funditus vltrà Lſigs
211 639 679 669 Sed ſi ter tanto plura fluenta forent.
922 650 973 679 uts
173 670 797 702 Verum, cum mihi nil referant tua damna lucelli,
932 677 974 705 ii
204 702 724 731 Accipe conſilium quo tua damna leues.
178 731 791 763 Scin quod? fac vt mortis eodem tempore telum
913 741 971 769 li
205 764 800 797 Hinc Dominæ penetret pectus & inde meum:
931 786 974 805 I
176 795 788 826 Sic vtrumque vehes. nam ſi illam me ſine tollis,
210 825 747 854 Trabs tua & heic medio flumine fiet iners:
173 858 821 892 Tam portentifico ſiquidem vndique frigore pollet,
933 864 974 888 Cu
194 887 971 924 Vertat vt omne meram mox liquidum in glaciem. itq
170 918 725 952 Nos ſed vbi iunctim tolles, ſic frigida caldis
933 928 974 959 c
202 950 686 985 Certabunt, curſus ne prior abſit aquæ.
922 959 974 990 tq
170 981 795 1017 Tunc ſed amabo ſenex, ne vento carbaſa pandas,
934 992 974 1015 Cu
200 1015 709 1046 Neu remo incumbas improbiore manu.
922 1023 974 1050 Iib
167 1045 686 1076 Imo imo potius ſenſim de tramite recto
934 1055 974 1079 uiſe
1 1061 57 1085 ll
196 1076 701 1108 n ſaxa inque aras pelle ſubinde ratem:
922 1089 974 1120 is
166 1107 731 1140 Fas vt ibi ſaltem mihi lumine cernere lento,
937 1124 974 1143 m
200 1139 668 1171 Quam ſatur in vita nemo videre fuit:
162 1171 760 1210 Nedum ipſus fuerim, quem ſemper fida fugit,
915 1181 970 1215 li
782 1211 916 1242 Anguis
