976 1432
335 77 567 102 VAH A
762 87 807 110 843
137 119 670 153 Anguis vti ceruum, pallidaue agna lupum
50 148 755 212 eer
12 208 696 270 Quin dabitur certo.nam cum ſic igne videbor,
138 245 687 277 cque gelu Harmoſyne iugitur eſſe mninax;
44 276 702 311 Iungemur ſedem Rhadamanti voce ſub vnam;
135 308 603 332 Infera res damnum ne ſine fine ferat.
271 365 570 395 De Reginæ Brianniæ cantu.
60 409 668 446 Vos qui ſpatium mundi de curritis ingens,
134 441 666 475 Qua via cunque, rotæ qua via cunque rati,
43 474 681 512 Littora ne propius trepidate venire ritanna,
133 503 591 534 Vox licet auriculas prodigioſa beet.
61 532 693 569 Non heic Sirenum cantus, ſed cantus Eliſæ eſt:
132 566 576 600 Lumine qua fuerit ſi propiore frui
40 597 602 637 Non vnam cernetis in vna virgine Diuæ
120 628 710 665 Effigiem, & quidquid pulcri habet aula Iouis.
99 660 704 696 Immemoreſque nimis veſtri præfluctibus almæ
132 692 634 725 Lætitiæ, hæc tandem quibitis ore loqui:
96 723 636 758 O fortunatos queis fas ſine mortibus vllis,
129 755 535 789 In ſolido cœli gaudia ferre ſolo.
193 800 678 836 In nuptias arquardi Frehri cum VVeiera.
98 842 719 879 Sunt quibus hoc ſatis eſt, vxor ſi contigit, oris
128 875 620 904 Cui minus inuidit diua E rycina decus.
98 902 716 941 Sunt quibus hoc ſatis eſt, vxor ſi contigit, amplas
129 935 641 965 Cui minus nuidia Iuno Tonantis opes.
95 965 712 1004 Sunt quibus hoc ſatis eſt vxor ſi contigit hærens
127 997 656 1028 Cui mi nus inuidit cordis thena bonum.
94 1028 681 1062 At tibi contigerit coniux. Marquarde beatam
124 1060 682 1090 Hiſce tribus iunctim quam dedit eſſe Polus;
95 1091 789 1126 Ouis neget & tri plici quoque eam tibi amore colend
126 1123 627 1155 Imo neget triplici quis tibi amore coli?
413 1157 444 1177 I.
92 1185 636 1217 Nullibi iam violæ, iam nullibililia florent,
756 1225 787 1248 Et
