976 1432
905 1 958 33 A
1 22 80 44 AL
293 70 530 95 VARIA.
750 82 799 108 845
88 111 711 144 Dixit. & vt nunc hæc nunc illa lenamina quærit;
125 142 625 174 In mentem Bacchi fata parentis habet.
59 175 646 205 Ipſus & v Iouiali aſtlatus fulmine cunctas
124 205 683 235 Perdiderit flammæ Naidum i amne notas.
61 238 797 270 Ergo Frehero, inquit, quoq; Nymphæ incendia tollat,
124 267 627 301 Atq; animæ præſtent mite refrigerium.
6 296 603 336 Sit illa: atq,; tibi mox ofert aida, nulla
123 330 594 364 Aptior ingenio qua triplici orbe tuo.
20 359 666 405 Ecce Frehere, vt tota micet. vt tota liqueſcat,
87 392 567 425 Tota ſit argenti pura colore magis.
53 422 597 466 O optata nimis nimis & optata fluenta
127 455 633 487 His certe his naſci mallet & ipſa Venus.
54 486 635 517 His melius facicm ideat Cephiſius heros;
129 518 728 548 is ſe hminum vltro oculis ca ſta Diana lanet.
53 548 694 592 His ouis ad menſam nectar cata miſceat tebe;
129 582 639 612 His erato mutet Bellerophontis aquam.
96 610 727 650 Omniaqoue vt perpendo: his his merſandus ab imo
124 648 685 679 Vertice ad vſque pedes tantus Amator eras.
292 700 569 734 In nuptia Paulli Mlii.
93 742 599 776 Certus eras libertatis data iura tueri,
128 772 686 809 Nec muliebre vnquam ferre Meliſe iugum.
95 802 753 835 Certus eras:de te ſed enim .mtllia ecce triumphat,
77 839 614 869 Et modo de collo tortile pendet onus.
97 866 651 897 Sic lætare tamen. naim ſi te vincla manebat,
127 898 603 935 Carcere non poteras liberiore premi.
423 935 452 954 l.
96 958 681 992 Si cui cura domum fabricandi, tempore nullo
127 991 619 1029 Cui nequeat caries cui ve nocere ſitus:
87 1024 569 1061 It ſibi ligna legit Luna deſecta ſilente,
128 1054 631 1087 Humoris cum pars ſumma prioris abeſt.
1 1071 63 1103 I
94 1086 715 1119 Haud ſecus ipſe etiam, cum ſuccida ferueret ætas,
127 1117 558 1149 Fundaſti nulla prole Meliſſe lares.
90 1150 702 1183 Iſtud at exſuccis differs bene prouidus annis.
4 1178 56 1204 ,
128 1183 724 1217 Nempe id perpetuum, quod cupis, omne cupis.
756 1215 794 1240 De
