976 1432
294 63 533 93 VARA.
740 79 794 104 847
52 103 734 141 aud ægre ſedenim doctrina opibuſque carere eſt:
52 138 595 169 At Pithopæe ægre eſt parte carere ſui.
258 193 614 228 In Comitiuam Ncolai Reuſneri.
3 211 774 296 e
20 293 643 330 Vt tamen artificis teres ipſam lima decenter
50 331 566 361 Expolit atque auro nobiliore ligat:
907 327 940 396 I
1 414 734 477 Quod ſi forte oculos magni quoque Regis ineſcat;
113 457 559 488 AC capitis dignam cenſet is eſſe ſui
23 490 676 519 Vrio tunc vere demum. tunc vnica gemma eſt;
53 520 636 552 Tunc audit triplicis dædalus Orbis amor.
18 551 678 587 Sic quoque ſic Natura licet Reuſnere, coruſci
48 582 604 607 Vel tua te dederat nominis eſſe virum:
23 604 675 648 t tamen inde tibi lauit labra lympha Meduſæ,
47 647 586 679 Luſtrauitq; nouo laurus odore caput;
1 674 658 722 Creuit in immenſum tua laus, interq; Poëtas
47 711 534 739 Eximiæ eximios dapſilitatis erat.
883 729 921 769 I
10 733 603 778 unc ſed vt applicuit maieſtas te ſibi dia
48 771 666 803 Cæſaris, atque Aulæ dat Comitem eſſe ſuæ,
32 799 638 838 Nemo tuæ ſorti Vatum æquiparabilis extat;
48 835 629 867 Fiſque roëtarum pompa caputq; gregis.
48 861 717 898 H ocque magis Reuſnere, modeſtia quo tuaeidem:
48 897 645 934 Pompa minus quærit, quærit & eſſe caput.
264 942 518 962 De Oculis Amala.
48 981 640 1014 Nuper inaſſueto mentem furiatus ab œſtro,
48 1013 660 1049 Subducebam humili membra petulcæ ſolo
48 1045 640 1080 Iamque tepeſcenti laſciuibam Ales in æthra,
48 1075 535 1111 Vlterius nubes vlteriuſqne otos:
23 1106 658 1142 Cum mihi ſe aduerſam fert Deſperatio, ſicque
1 1138 552 1169 Alarum pennas degtauat arte inala,
27 1170 606 1205 racliia vtalterno ixulibraren. qu ren,
723 1214 771 1238 E
