<PcGts xmlns="http://schema.primaresearch.org/PAGE/gts/pagecontent/2017-07-15" xmlns:xsi="http://www.w3.org/2001/XMLSchema-instance" xsi:schemaLocation="http://schema.primaresearch.org/PAGE/gts/pagecontent/2017-07-15 http://schema.primaresearch.org/PAGE/gts/pagecontent/2017-07-15/pagecontent.xsd"><Metadata><Creator>User123</Creator><Created>2020-04-19T08:48:37</Created><LastChange>2020-04-19T08:48:37</LastChange></Metadata><Page imageFilename="1066.png" imageHeight="1432" imageWidth="976"><TextRegion id="r0" type="paragraph"><Coords points="1,1 974,1 974,1430 1,1430"/><TextLine id="r0_l001"><Coords points="901,1 901,31 963,31 963,1"/><TextEquiv index="1"><Unicode></Unicode></TextEquiv></TextLine><TextLine id="r0_l002"><Coords points="342,1 342,37 412,37 412,1"/><TextEquiv index="1"><Unicode></Unicode></TextEquiv></TextLine><TextLine id="r0_l003"><Coords points="324,67 324,93 558,93 558,67"/><TextEquiv index="1"><Unicode>VAIA.</Unicode></TextEquiv></TextLine><TextLine id="r0_l004"><Coords points="755,76 755,98 809,98 809,76"/><TextEquiv index="1"><Unicode>84</Unicode></TextEquiv></TextLine><TextLine id="r0_l005"><Coords points="905,89 905,145 941,145 941,89"/><TextEquiv index="1"><Unicode></Unicode></TextEquiv></TextLine><TextLine id="r0_l006"><Coords points="83,142 94,141 102,136 128,136 152,138 351,138 442,141 498,141 524,143 619,145 642,147 649,151 655,152 804,152 804,110 609,109 524,105 68,105 65,111 48,112 45,114 38,115 15,115 10,118 10,151 12,153 16,155 69,155"/><TextEquiv index="1"><Unicode>Millia multa;quibus Sors, Mars, Virtuſque bonorum</Unicode></TextEquiv></TextLine><TextLine id="r0_l007"><Coords points="592,145 351,139 128,138 128,167 145,169 276,169 315,171 592,173"/><TextEquiv index="1"><Unicode>Inſinuauernt largitur omne genus.</Unicode></TextEquiv></TextLine><TextLine id="r0_l008"><Coords points="654,171 648,171 643,174 635,176 504,175 453,172 315,172 276,170 160,171 122,167 83,167 74,164 70,160 49,160 42,162 30,162 22,168 22,197 27,201 36,203 41,206 63,206 73,200 84,200 93,198 125,198 131,200 395,201 556,206 654,206"/><TextEquiv index="1"><Unicode>Fallortan vt egum complebunt atria Nati</Unicode></TextEquiv></TextLine><TextLine id="r0_l009"><Coords points="662,209 648,208 511,206 395,202 126,201 126,232 307,232 369,234 466,234 501,236 662,236"/><TextEquiv index="1"><Unicode>Ibit &amp; ille tuus flos Ducum inante pedes;</Unicode></TextEquiv></TextLine><TextLine id="r0_l010"><Coords points="741,235 724,235 721,238 710,242 688,242 667,240 606,240 580,238 501,237 466,235 369,235 307,233 117,233 106,231 76,230 68,227 63,222 46,221 45,210 36,204 29,202 10,202 10,252 16,255 27,255 30,264 35,269 66,269 74,264 451,265 520,266 576,269 741,269"/><TextEquiv index="1"><Unicode>Nemo tetrarcha tibi ſeſe hoſtem opponere, nemo,</Unicode></TextEquiv></TextLine><TextLine id="r0_l011"><Coords points="621,271 610,270 451,266 126,265 126,296 621,296"/><TextEquiv index="1"><Unicode>Audebit minimas vel iacere ore minas</Unicode></TextEquiv></TextLine><TextLine id="r0_l012"><Coords points="906,285 906,329 971,329 971,285"/><TextEquiv index="1"><Unicode></Unicode></TextEquiv></TextLine><TextLine id="r0_l013"><Coords points="76,328 81,326 123,326 158,328 438,328 534,331 680,332 680,300 669,302 404,297 114,297 76,295 65,292 60,300 47,300 47,333 71,333"/><TextEquiv index="1"><Unicode>Sic ego ſic lingua Friderice tibi anguror heros</Unicode></TextEquiv></TextLine><TextLine id="r0_l014"><Coords points="675,333 534,332 438,329 128,329 128,359 396,359 675,363"/><TextEquiv index="1"><Unicode>Veridica aque Helene nata tua altera erit:</Unicode></TextEquiv></TextLine><TextLine id="r0_l015"><Coords points="906,329 906,375 945,375 945,329"/><TextEquiv index="1"><Unicode></Unicode></TextEquiv></TextLine><TextLine id="r0_l016"><Coords points="687,364 537,363 396,360 31,360 26,366 26,388 31,394 35,396 58,396 62,393 72,391 467,391 559,392 687,396"/><TextEquiv index="1"><Unicode>Altera erit, ſed caſta Helene; cuiuſque rapinam</Unicode></TextEquiv></TextLine><TextLine id="r0_l017"><Coords points="607,395 594,394 467,392 123,392 123,418 128,423 607,423"/><TextEquiv index="1"><Unicode>Ipſe etiam cupiat vel prohibere Paris.</Unicode></TextEquiv></TextLine><TextLine id="r0_l018"><Coords points="413,426 413,455 468,455 468,426"/><TextEquiv index="1"><Unicode>II.</Unicode></TextEquiv></TextLine><TextLine id="r0_l019"><Coords points="694,452 515,451 505,456 405,456 384,455 377,452 373,448 353,447 324,447 301,451 144,451 137,446 129,445 54,445 52,441 44,435 6,434 1,437 1,476 7,480 28,480 31,487 35,491 65,491 73,486 112,486 150,488 492,487 636,489 640,491 694,491"/><TextEquiv index="1"><Unicode>Naſcitur ecce tibi, Dux ſumme,puella; parente</Unicode></TextEquiv></TextLine><TextLine id="r0_l020"><Coords points="589,490 492,488 122,488 122,518 130,519 589,519"/><TextEquiv index="1"><Unicode>Indicet vt ſalua po ſſe venire marem</Unicode></TextEquiv></TextLine><TextLine id="r0_l021"><Coords points="672,515 645,515 640,519 632,521 324,520 133,521 129,519 117,518 76,518 68,515 64,511 34,511 28,519 28,546 34,554 69,554 75,550 83,549 105,549 113,554 129,554 137,549 166,549 175,551 507,550 544,552 606,551 614,552 617,554 672,554"/><TextEquiv index="1"><Unicode>Poſſe venire marem ſalua, F riderice. parente;</Unicode></TextEquiv></TextLine><TextLine id="r0_l022"><Coords points="584,582 584,552 544,553 507,551 134,551 128,556 126,556 127,583 313,583"/><TextEquiv index="1"><Unicode>Cuius ſic proprie ſtat tibi cara ſalus;</Unicode></TextEquiv></TextLine><TextLine id="r0_l023"><Coords points="73,616 81,615 172,616 279,614 632,614 632,581 622,583 127,584 81,581 72,578 67,573 23,573 17,581 17,612 19,616 25,621 65,621"/><TextEquiv index="1"><Unicode>Prorſus vti dubites, an &amp; eius funer ſit fas</Unicode></TextEquiv></TextLine><TextLine id="r0_l024"><Coords points="125,614 125,649 657,649 657,614"/><TextEquiv index="1"><Unicode>Quamlibet heredem concupiiſſe marem.</Unicode></TextEquiv></TextLine><TextLine id="r0_l025"><Coords points="401,649 401,679 457,679 457,649"/><TextEquiv index="1"><Unicode>III.</Unicode></TextEquiv></TextLine><TextLine id="r0_l026"><Coords points="27,669 27,719 65,719 65,669"/><TextEquiv index="1"><Unicode></Unicode></TextEquiv></TextLine><TextLine id="r0_l027"><Coords points="928,671 928,702 974,702 974,671"/><TextEquiv index="1"><Unicode></Unicode></TextEquiv></TextLine><TextLine id="r0_l028"><Coords points="631,678 88,678 88,708 631,708"/><TextEquiv index="1"><Unicode>Iure tibi ſalua, Princeps Friderice, parente</Unicode></TextEquiv></TextLine><TextLine id="r0_l029"><Coords points="122,710 122,741 614,741 614,710"/><TextEquiv index="1"><Unicode>Gratuler hoc natam tempore filiolam:</Unicode></TextEquiv></TextLine><TextLine id="r0_l030"><Coords points="25,733 25,783 58,783 58,733"/><TextEquiv index="1"><Unicode></Unicode></TextEquiv></TextLine><TextLine id="r0_l031"><Coords points="87,741 87,775 597,775 597,741"/><TextEquiv index="1"><Unicode>Filiolam; præqua nec fas optare tenellis</Unicode></TextEquiv></TextLine><TextLine id="r0_l032"><Coords points="121,775 121,800 552,800 552,775"/><TextEquiv index="1"><Unicode>In cunis ſexu de meliore marem.</Unicode></TextEquiv></TextLine><TextLine id="r0_l033"><Coords points="166,840 182,839 528,837 658,833 733,834 757,836 767,842 796,843 796,802 587,802 582,804 564,805 511,806 228,807 167,809 90,808 90,844 158,844"/><TextEquiv index="1"><Unicode>Quippe Deûm cum ſint Regeſque Duceſque propag</Unicode></TextEquiv></TextLine><TextLine id="r0_l034"><Coords points="518,869 626,865 708,865 708,835 658,834 528,838 182,840 166,841 158,845 122,845 122,871 315,871"/><TextEquiv index="1"><Unicode>Hic quoque item Superum ſors ſubeunda tibi</Unicode></TextEquiv></TextLine><TextLine id="r0_l035"><Coords points="715,870 418,870 315,872 227,871 177,873 127,873 87,871 87,896 715,896"/><TextEquiv index="1"><Unicode>Nam cum florerent orbi ſecla aurea, moxque</Unicode></TextEquiv></TextLine><TextLine id="r0_l036"><Coords points="1,862 1,910 56,910 56,862"/><TextEquiv index="1"><Unicode></Unicode></TextEquiv></TextLine><TextLine id="r0_l037"><Coords points="557,929 557,901 417,901 372,903 222,904 162,904 154,902 132,902 127,904 123,908 119,908 119,933 379,933"/><TextEquiv index="1"><Unicode>Illa ſua vellet prole beare Deus:</Unicode></TextEquiv></TextLine><TextLine id="r0_l038"><Coords points="67,966 269,967 315,964 411,964 439,962 472,963 588,959 702,959 711,964 739,964 739,925 581,925 571,930 548,931 227,936 125,936 71,933 65,925 32,925 28,927 22,935 22,962 24,966 32,972 59,972"/><TextEquiv index="1"><Unicode>Non primum genuitue louem, genuitue triuncum</Unicode></TextEquiv></TextLine><TextLine id="r0_l039"><Coords points="362,996 388,994 470,994 575,991 614,992 620,995 661,996 661,960 588,960 472,964 439,963 411,965 315,965 269,968 121,967 121,997 303,997"/><TextEquiv index="1"><Unicode>Neptunum, aut Stygii cui data cura maris.</Unicode></TextEquiv></TextLine><TextLine id="r0_l040"><Coords points="70,1033 77,1030 168,1031 348,1026 597,1024 597,992 470,995 388,995 362,997 304,997 260,999 119,999 69,996 64,994 59,989 50,989 50,1036 67,1036"/><TextEquiv index="1"><Unicode>Sed tyrocini ſpecimen fuit aurea Iuno;</Unicode></TextEquiv></TextLine><TextLine id="r0_l041"><Coords points="609,1026 421,1026 304,1028 237,1031 120,1032 120,1055 609,1055"/><TextEquiv index="1"><Unicode>Iuno, cælicolum ter veneranda parens.</Unicode></TextEquiv></TextLine><TextLine id="r0_l042"><Coords points="707,1056 365,1058 209,1063 107,1063 86,1061 86,1092 198,1092 232,1090 348,1089 379,1087 610,1087 660,1088 670,1092 707,1092"/><TextEquiv index="1"><Unicode>Sic quoque cum geminos vtero Latona foneret,</Unicode></TextEquiv></TextLine><TextLine id="r0_l043"><Coords points="21,1053 21,1101 60,1101 60,1053"/><TextEquiv index="1"><Unicode></Unicode></TextEquiv></TextLine><TextLine id="r0_l044"><Coords points="684,1117 684,1097 681,1094 670,1093 660,1089 379,1088 348,1090 232,1091 166,1094 118,1094 118,1120 679,1120"/><TextEquiv index="1"><Unicode>Haud prior egreditur Muſicus ille puer</Unicode></TextEquiv></TextLine><TextLine id="r0_l045"><Coords points="669,1122 346,1120 311,1122 230,1122 196,1124 87,1123 87,1151 669,1151"/><TextEquiv index="1"><Unicode>Sed ſoror anteuenit Phœbum Diana, perenne</Unicode></TextEquiv></TextLine><TextLine id="r0_l046"><Coords points="2,1115 2,1163 62,1163 62,1115"/><TextEquiv index="1"><Unicode></Unicode></TextEquiv></TextLine><TextLine id="r0_l047"><Coords points="119,1153 119,1185 574,1185 574,1153"/><TextEquiv index="1"><Unicode>Virginitas fuerat cui paritura decus.</Unicode></TextEquiv></TextLine><TextLine id="r0_l048"><Coords points="693,1218 693,1185 87,1185 87,1221 155,1218 345,1218 411,1221 688,1221"/><TextEquiv index="1"><Unicode>Omen at hoc Gnatæ Frderice tuæ procul abſit</Unicode></TextEquiv></TextLine><TextLine id="r0_l049"><Coords points="740,1216 740,1244 789,1244 789,1216"/><TextEquiv index="1"><Unicode>x</Unicode></TextEquiv></TextLine><TextLine id="r0_l050"><Coords points="56,1237 56,1218 35,1218 30,1217 23,1213 2,1213 2,1238 44,1238"/><TextEquiv index="1"><Unicode></Unicode></TextEquiv></TextLine><TextLine id="r0_l051"><Coords points="148,1219 148,1241 356,1241 356,1219"/><TextEquiv index="1"><Unicode>Tiomis Secundu-</Unicode></TextEquiv></TextLine><TextLine id="r0_l052"><Coords points="551,1223 551,1243 624,1243 624,1223"/><TextEquiv index="1"><Unicode>i</Unicode></TextEquiv></TextLine><TextLine id="r0_l053"><Coords points="55,1238 1,1239 1,1255 55,1255"/><TextEquiv index="1"><Unicode></Unicode></TextEquiv></TextLine><TextLine id="r0_l054"><Coords points="869,1284 869,1368 974,1368 974,1284"/><TextEquiv index="1"><Unicode></Unicode></TextEquiv></TextLine></TextRegion></Page></PcGts>