976 1432
405 61 664 92 GRTERI
167 79 210 100 850
197 110 666 142 Et ſoror in Lucem venerit ipſa prior,
172 142 739 175 Obſes vti fratres multos mox ſpondeat, ac t
201 173 643 204 Interea citius nomine mactet Aui.
489 208 526 228 IV.
913 213 970 244 Mu
170 234 728 271 Certabant pridem Diui Diueæque. puellam
201 265 744 305 An puerum annuerent Dux Friderice tibi.
914 276 974 307 H
177 296 716 335 Maſcula progenies Diuis idcirco placebat,
192 328 721 364 Simmerium areretne vetus arbor auûm.
172 360 715 401 Deque tuo extaret bellator ſangine cui vix
204 391 670 430 G amigenæ poſſet par vigor eſſe Dei.
173 422 699 466 Apta videhatur magis eſſe puella Deabus;
205 454 699 490 Ne ſua non matri gaudia longa forent:
174 485 749 525 Gaudia longa; Gynæceo dum vſque maneret
207 518 733 552 Nec marium externum more voraret iter.
175 548 730 587 Certabant partes; cum Iupiter arbiter infit.
913 557 974 581 ms
206 582 665 619 Veſtra Dei ceſſent iurgia, veſtra Deæ
175 611 739 654 Namque Palatino Heroi mox huius & huius
914 617 974 649 d
208 644 667 683 Exurget ſexus ſat numeroſa cohors.
174 675 711 712 Nunc ſed enim primo procedat filia nixu;
204 708 710 743 Bella notetque Nicri nulla futura locis.
914 726 974 745 I
174 737 766 779 Atque vt forte deinde & nata & nata ſequatur,
877 745 974 775 Tut
205 769 771 803 Sic tamen eſt maribus Aula futura frequens.
174 803 735 840 Verum olim; vt demum vigeant ætate virili,
913 814 974 837 He
206 834 728 867 Cum ſerie annorum iam pater albus erit.
913 843 972 865 So
174 866 806 900 Sic Iouis os dixit: quo nunc tibi nomine Princeps
205 897 711 930 Gratulator, & vitæ ſecla quieta Phrygis
912 909 973 937 I
173 930 653 963 Gratulator & natos gratulor, in queis
912 937 974 972 lm
202 959 731 999 Fas quoque vel iuuenem te revidere ſeni.
496 1000 525 1022 ,
173 1026 759 1063 Quod modo filiola, Princeps augeris id omne
203 1059 711 1089 Diua ſuum eſt vltro faſſa Cytheris opus:
912 1067 973 1095 It
172 1088 782 1124 Dum cupit eſe ſuo quæ mox colludat Amori,
901 1101 974 1127 Bo
204 1120 743 1149 Et Charitum reſides non ſinat eſſe manus.
911 1130 974 1164 ii
169 1155 715 1187 Et certe, ipſa tuos ſi conciliauit amores,
200 1184 738 1219 Iure ouet illorum nunc quoque primitiis.
824 1205 914 1250 Ad
915 1360 974 1378 F
