976 1432
804 56 841 78 5
322 91 590 119 Ad larcum Velſerum.
127 131 665 164 Eila tuæ licet eſt velſere modeſtia frontis,
163 164 654 194 Vt laudum i ngenuo non ca piare tono:
65 194 746 226 Hos patienter habe tamen, eſt quibus vnica cur
160 225 564 249 Per titulos famæ velificare tuæ.
72 257 732 288 Sicut enim quo quæque polo eſt vicinior arbor
161 288 673 320 Hoc magis à Borea tangitur atque Noto:
127 319 691 350 Sic animæ Vatum, Natura quæ duce ſumma
156 351 709 384 Quæque petunt, cœli ſuſpiciuntque plagas,
125 381 676 411 Culmina virtutum capiuntur celſa tuarum
157 413 686 445 Appetere;iis quoniam celſius Orbe nihil.
285 456 664 486 In nuptias Martini Braſchii Poetæ.
71 495 636 530 Ofactum Braſchi vere prudenter, in æuo
157 527 715 559 Quod tibi adhuc floro quærere cura parem
124 558 793 591 Nam quotus eſt hominum, qui ſe ſine coniuge norit,
157 590 616 619 Dimidia modo non parte carere ſui?
124 620 753 655 Scilicet id demum tunc ſentit quiſque gemitque,
157 652 585 682 IIlam vbi vanus ft reperire labor.
122 684 722 715 Tunc ſibi tunc cupiunt vacuos fulcire penates,
154 715 689 745 Tunc ſibi tunc ſatagunt perpetuare genus.
61 745 758 780 Tunc huc tunc illuc adeunt matreſque patreſque,
152 778 563 810 Et faſtiditis vt ferat vnus opem.
120 811 691 842 Tunc hunc tunc illam caua ceruice puellam
156 841 659 873 Sollicitant; nec adeſt qui velit eſſe ſenis.
121 873 665 904 Quanto tu Braſchi melius, qui Vere ſub æui
154 904 690 936 Pubere mox reperis quod cupis eſſe tuum.
57 936 647 971 Iamque tibi nubit rari patris aurea virgo;
153 967 623 997 Aurea, ſeu decoris, ſiue decoris opus:
58 992 679 1033 IIla tibi precor edulcet ſtudia omnia, ſitque
154 1030 654 1060 Huic animo, his oculis dis panacea tuis.
3 1060 775 1098 Illa tibi precor vſque mage ac mage ſemper ametur.
152 1093 651 1125 Donec erit niueas carus vterque cois.
58 1125 668 1157 Denique ſic placidæ certo fluat ordine vitæ
149 1157 622 1190 Ambobus perpes nocte dieque tenor;
525 1190 636 1216 H hh 2
762 1196 820 1223 Sitis
