976 1432
337 68 583 94 A A
773 78 818 101 53
354 113 560 145 Veneri ac Cupidini.
55 140 659 186 Hactenus imperium terra cœloque Diones
130 185 619 218 Floruit, & potuit cuncta, ſuuſque puer.
53 208 741 253 Additus imperio ſed enim ſumptuſque laborque:
133 248 648 281 Impendit ceſtum Diua, Deuſque facem.
39 279 729 316 Nunc ſed enim gratis regnent licet atque quietè,
137 310 650 344 Si libitum Harmoſnes prodigitate frui.
48 332 666 376 Ipſa comæ vinclis, oculorum ipſa vbere luce
136 375 659 407 Cuncta ſolo poterit cuncta domare polo.
40 407 682 439 Ergo dies feſtos deincepsagite, ergo deinceps
137 440 624 473 Parce Venus ceſto, parce Cupido faci.
42 461 694 506 Noſtra comæ vinclis, oculorumque vbere luce
137 503 656 538 Cuncta ſolo poterit cuncta domare polo.
51 535 677 568 Vtere quæſo Parens, quæ ſo Nate vtere: ſi non
136 566 675 602 Orba Venus ceſto es, orbus Amorque face.
48 600 756 633 Namque comæ vinclis, oculorumque vbere luce
134 630 700 660 Vinxerit hinc ceſtum, ſtrinxerit inde facem.
34 661 595 697 Ille licet cœli terræque teneret iynges.
128 694 629 731 Hæc cœli ac terræ perdere poſſit aquas.
326 739 535 770 De capillis Amatæ.
50 768 619 815 Mirantur fateor, fateor mirantur amici,
132 811 641 845 Vincla mihi è Dominæ fortia facta pilis.
52 834 790 875 Vincla, quibus cunctos deuincior, haud ſecus artus,
129 875 597 907 Quam ſi de ferro forte vel æreforent.
52 904 772 945 Quin & idem quoque miror ego, nec credere poſſem
133 939 616 971 Credere in proprio cegerer ipſe malo.
3 950 619 1001 Vos etiam, quamuis inuiti, credite amici:
131 1002 637 1038 Credite: ſic nunquam tale feratis onus.
1 1017 729 1070 Credite; & inmentem veniant Echeneidis artes,
126 1067 696 1100 Quamque ad velificas ſit nihil ipſa trabes.
53 1097 695 1134 Sictamen æratam medio vel in æquore proram
127 1128 655 1164 Monſtrum illud vix vix ſemipedale tenet.
10 1157 600 1225 t
508 1232 801 1266 Hl h3Incre-
