976 1432
340 70 577 94 VARIA.
774 60 819 92 55
133 107 716 140 Verum animo i pſe tuos ſter nitur ante pedes:i
59 140 737 169 Sternitur, & viuum ſeſe exhibet ecce rophæum
135 171 679 207 Quo te non egem clamet, at eſſe Patreim.
261 226 630 256 Ad Batauos, de leſipho Scaligero.
21 265 591 320 Suſpiciebaris prius Oorbe Batauia toto,
132 296 683 328 Armiſonæ tanquam allados altus honor.
46 321 677 367 Migrat at e Gallisad vos dum Scaliger, audis
130 360 593 384 Præterea doctæ Pallados;lus amor.
38 382 805 427 Siſne Aur, anGemma Aur incluſa, haud diſputo: ver
130 418 753 458 Quod dat hic atque capit daſque capiſque decus.
288 475 605 507 Eliſ Britanntarum Principi.
33 517 649 551 Si ſatis eſt felix Reſpubliea. tunc vbi reges
130 545 661 584 Aut ſapiunt, ipſi ſcepa tenentque Sophi:
53 577 642 624 Næ tua, næ regio fortunatiſſima rerum eſt;
127 609 635 648 In qua tu Princeps non modorite ſa piss
35 642 698 680 Sed latus omne etiam ſtiparis vtrinque Senatu,
126 675 618 706 Cui Mentis rectæ, cui apientiæ amor.
28 701 672 754 Et dubitabit adhuc tibi ſe dare cæterus Orbis,
125 738 589 775 Semper vti placida pace beatus agat?
342 783 542 813 Comæ flarmoſynes.
92 830 496 866 Auro quæ coma purior renidet,
92 862 528 897 Coruo quæ coma nigrior refulget,
92 890 598 926 Odia Harmoſyne, hacque & hac & illac
91 921 568 959 Motatur Lephyro, coma ipſa non eſt;
94 959 485 987 Sed diri ſacer ominis Cometa,
92 989 489 1027 Qu mortem mihi ventilatione
91 1022 519 1052 Hac denuntiat inquiete. namque
91 1052 487 1083 Si ſolummodo Regibus minari
89 1084 565 1114 Conſueuere malum mali Cometæ;
89 1114 616 1148 Me certe Harimoſyne coma iſta, non iam,
88 1148 626 1184 Vt quondam coma, at impotens Cometa,
87 1178 568 1210 Me certe ex hominum cohorte ſolum
699 1208 798 1235 Aabit
468 1208 588 1238 Hh h 4
