976 1432
316 63 560 89 VARIA.
764 74 816 99 57
339 106 581 135 Reginæ Britanniarum.
65 144 676 179 Arboribus decor eſt viridanti Laurea fronde:
132 177 636 208 Aſtrorumque audit Soi genialis honos.
63 197 671 244 Et Phœnix merito volucrum regina vocatur:
131 240 650 273 Gemmarumque niteus vnio fertusapex.
61 265 716 304 Virgo quoque humani rcs prſtanti ſſima ſexus:
67 302 626 332 Ac flores inter glo.iæ ſuma Roſæ eſt
33 324 698 371 In terris ſed enim ſimul ac ſemel viica Eliſa es
121 366 664 404 Laurea, Sol, Phœnix, Vnio, Virgo, Roſa.
363 422 557 445 Amr increlvlus.
61 461 623 505 Audiet vt toties præconia ſacra Cupido,
138 496 712 529 Harmoſynes formam queis do per ora virûm:
61 529 706 569 Deſeruit cœlum, nil quidquam credere certus,
139 559 603 592 Ni prius hoc oculis hauriat ante ſuis
911 570 974 601 E
55 590 689 632 Factus erat propior, cum vveli protinus vmbra
142 623 601 659 Quo cæcabatur liberat omne caput
56 649 648 697 Palpebriſque probe perfrictis. lumine fixo
139 686 713 716 Hanc obit, vt mango, membraque tota notat.
58 715 815 760 Membra notat; ſimul vnà anim, mentemq; penetrat,
143 749 683 783 Atque oculos cordis mittit ad vſque ſinus.
58 780 753 823 Attonitus ſed enim tot in vnamtantaque monſtra
141 813 688 844 Cernere. quæ haud toto viderat ante polo:
10 831 630 877 Ite nigræ dixit rurſuſque obnubite vittæ
144 876 671 907 Lumina: voſque iſthi nc ne ferat lladies.
53 907 794 948 Nam poſt Hlarmoſynen quid deince ps cernere poſſim,
142 940 652 971 His oculis dignum quod queat eſſe ſatis?
62 968 699 1011 Eius eniim quamuis ſit ea excellentia formæ,
147 1004 638 1036 Cui nil par cœlum terraque tota ferat:
64 1035 709 1066 Forma tamen laudum eſt ipſius vltima: dotem
142 1067 745 1101 vſque adeo hanc morum dos numeroſa premit.
307 1108 618 1141 Aanibus Philippi Marnixii.
111 1151 531 1183 Orbis delicies amorque Marnix,
150 1184 575 1218 Qu digno poteris tegi ſepulcro?
511 1218 620 1247 Hhh5
728 1219 826 1247 Defun-
900 1321 974 1361 I
