976 1432
322 88 562 113 V ARIA.
757 90 801 113 59
62 132 631 165 Quæ functo sortis munera cuncta negat:
62 157 672 195 Ortelio, heu, Pietas fit item tota impia, nulla
61 194 584 227 Vtpote cui cenſet munera poſſe dar.
84 226 764 259 Nam quamuis coëant omnes gemmæ Orbis in vnam,
119 258 673 287 Orbis & omne aurum vi ndicet vna domus.
55 290 714 330 Quæ tamen Ortelio meritis aliquando parentur,
55 321 647 353 Aut auro aut gemmis munera digna ſatis.
35 351 705 392 Imo ſatis vix ſint, vix ſint ſatis huic, licet adſtent
57 382 670 421 Cum Libya Europe cumque Aſia Americe.
366 430 514 463 n ylippum.
26 470 643 507 Quod factus locuples Gylippe, iam me
9 500 538 533 Non noſti veterem tuum ſodalem:
23 534 641 569 Haud miror ; quid enim vel alterum quem
25 564 503 601 Agnoſcas? tibi notus es nec ipſi:
23 598 483 632 Non ipſi tibi notus es Gylippe.
336 652 539 685 Ad Harmoſynam.
88 694 527 732 Ah quam diſſimilis mihi tibique
86 725 544 761 Natura Harmoſyne eſtl ſinu gelaris
88 758 471 795 Supra Sarmatici poli pruinas,
86 789 583 820 Cum fundas oculo hoc & hoc calores
87 821 551 857 Qui vel Mulciberi augeant caminos.
86 852 580 890 Ipſe at contrà oculo hoc & hoc rigeſco
88 886 472 920 Supra Sarmatici poli pruinas:
87 917 495 946 Sed tantos foueo ſinu calores,
88 947 552 984 Qui vel Mulciberi augeant caminos.
71 977 557 1009 Hinc, vt corde meo, Cupido, ſedem,
87 1009 558 1041 Sic ſedem Harmosynes tenes ocellis,
86 1041 554 1072 Horam nec ſemel his migras vel illo.
86 1074 542 1104 Haud recte tamen, OPuelle. quippe
88 1105 489 1141 Si quæris leuis, vt prius, vocari,
85 1137 518 1167 Libertas tibi nec tua eſt adempta;
85 1168 621 1202 Frontem eia Harmoſynes relinque, teque
85 1202 533 1233 Eiuſdem abde ſemel ſinu, Cupido;
730 1235 799 1267 Quid
