976 1432
328 64 574 90 ARIA.
766 74 812 93 t
95 100 707 135 Quid ni? neſcit enim, quantum dulcedinis in te
127 135 430 166 Quantum ſit elegantiæ.
62 158 580 203 Id ſi reſcierit; toties conſumere luces
126 197 466 228 Haud, vt prius, mirabitur;
60 220 686 267 Sed potius ſolidas non ſolibus addere noctes,
127 261 442 293 Vt ſim beatus perpetim.
331 303 574 334 Manibus IutiLipſi.
35 337 759 382 Si miraculum Orbis fueras iam tunc quoque Lipſ,
129 376 574 407 Inuidiæ infami cum premere iugo:
38 402 677 446 Quid non poſt obitum fies, Liuore perempto?
127 438 645 466 Miraculorum orbi vel nouus Orbis eris.
421 484 471 505 II.
96 512 599 548 Lipſſus expirat? ergo Libitina duobus
129 543 665 577 Suffice condendis quod queat eſſe ſolum.
38 575 638 615 Suada Latina illo ponenda & Lipſius vnà.
128 607 663 637 Natus vt eſt; nata eſt: vt caditille; cadet.
18 639 633 687 Quid loquorinfelixt imo Libitina vel vni
131 668 692 703 Subtrahe condendo quod queat eſſe ſolum.
34 702 768 745 Nam ſi Suada Dea eſt; Dea nec quit obire, parentem
130 734 559 771 Ocyus ex ipſa morte redire dabit.
408 773 475 795 tII.
95 802 595 837 Paruum ſepulcrum ne, Viator, deſpice;
97 835 586 865 Gemmas & Aurum ſicuti non deſpicis
94 867 620 902 Dos parua queis data eſt, vt & Cupidini,
96 898 637 928 Diuarum Hero, Diuarum fero Cupidini.
96 929 575 962 Heic ecce eſt vmbra poſta uſti Lipſii;
97 962 556 998 Quem tota viuum fama fari neſciit:
98 996 545 1026 Cœlo teneri ſolus omni qui queat.
95 1024 580 1057 Abi Viator, cuncta ſcis, aut ſcis nihil
415 1061 474 1080 IV.
25 1082 666 1131 Præſica ſingultans, obnuptaque lænia taxo:
126 1121 695 1155 Luctumque quidquid lacrymaſque ſuſcitat;
61 1153 751 1195 Ite foras: nullum funus, nullumque ſepulcrum eſt.
67 1186 628 1224 Heic Numini templum dicatur ipſio.
704 1223 799 1246 V Hoc:
