<PcGts xmlns="http://schema.primaresearch.org/PAGE/gts/pagecontent/2017-07-15" xmlns:xsi="http://www.w3.org/2001/XMLSchema-instance" xsi:schemaLocation="http://schema.primaresearch.org/PAGE/gts/pagecontent/2017-07-15 http://schema.primaresearch.org/PAGE/gts/pagecontent/2017-07-15/pagecontent.xsd"><Metadata><Creator>User123</Creator><Created>2020-04-19T08:48:32</Created><LastChange>2020-04-19T08:48:32</LastChange></Metadata><Page imageFilename="1080.png" imageHeight="1432" imageWidth="976"><TextRegion id="r0" type="paragraph"><Coords points="1,1 974,1 974,1430 1,1430"/><TextLine id="r0_l001"><Coords points="356,1 356,33 419,33 419,1"/><TextEquiv index="1"><Unicode></Unicode></TextEquiv></TextLine><TextLine id="r0_l002"><Coords points="913,1 913,23 957,23 957,1"/><TextEquiv index="1"><Unicode></Unicode></TextEquiv></TextLine><TextLine id="r0_l003"><Coords points="336,59 336,84 575,84 575,59"/><TextEquiv index="1"><Unicode>VARIA.</Unicode></TextEquiv></TextLine><TextLine id="r0_l004"><Coords points="780,64 780,89 823,89 823,64"/><TextEquiv index="1"><Unicode>6;</Unicode></TextEquiv></TextLine><TextLine id="r0_l005"><Coords points="137,99 137,130 665,130 665,99"/><TextEquiv index="1"><Unicode>Cuius in ore Lepos hinc ouat inde Fides?</Unicode></TextEquiv></TextLine><TextLine id="r0_l006"><Coords points="714,130 705,130 697,132 330,131 132,133 87,130 76,125 67,125 67,163 308,163 373,161 714,163"/><TextEquiv index="1"><Unicode>Sic reor: idque probet, vel corpore caſſa figura;</Unicode></TextEquiv></TextLine><TextLine id="r0_l007"><Coords points="343,192 632,193 632,165 556,163 310,163 182,165 140,163 140,194 232,195"/><TextEquiv index="1"><Unicode>Vſque adeo dotes vndique prodit heri:</Unicode></TextEquiv></TextLine><TextLine id="r0_l008"><Coords points="741,193 343,193 232,196 168,196 108,193 108,221 741,221"/><TextEquiv index="1"><Unicode>Omnibus ac membris vllo ſine murmure clamat,</Unicode></TextEquiv></TextLine><TextLine id="r0_l009"><Coords points="141,223 141,256 631,256 631,223"/><TextEquiv index="1"><Unicode>Ianino egregium ſanguinis eſſe genus.</Unicode></TextEquiv></TextLine><TextLine id="r0_l010"><Coords points="85,288 193,290 326,287 463,286 655,287 716,288 720,290 720,256 347,256 267,259 227,258 149,259 124,256 38,256 38,288 42,292 78,292"/><TextEquiv index="1"><Unicode>Nec lepidas tantum Charites afflaſſe verendum</Unicode></TextEquiv></TextLine><TextLine id="r0_l011"><Coords points="670,289 655,288 463,287 326,288 193,291 137,290 137,317 670,317"/><TextEquiv index="1"><Unicode>Moribus, omni exſors horriditate, decus:</Unicode></TextEquiv></TextLine><TextLine id="r0_l012"><Coords points="74,351 174,352 450,349 645,349 659,350 667,354 667,320 524,318 249,321 103,321 86,320 81,318 75,312 59,312 59,355 67,355"/><TextEquiv index="1"><Unicode>Sed fictum &amp; lima pectus potiore Mineruæ,</Unicode></TextEquiv></TextLine><TextLine id="r0_l013"><Coords points="128,351 128,380 613,380 613,351"/><TextEquiv index="1"><Unicode>Sed labra Pieridum lota liquore lacus:</Unicode></TextEquiv></TextLine><TextLine id="r0_l014"><Coords points="679,381 409,381 252,384 105,383 105,414 324,414 491,411 641,411 667,412 671,414 679,414"/><TextEquiv index="1"><Unicode>Sed nullam latitare intra præcordia vulpem,</Unicode></TextEquiv></TextLine><TextLine id="r0_l015"><Coords points="286,446 473,443 620,443 620,412 491,412 261,416 137,416 137,446 163,448 243,448"/><TextEquiv index="1"><Unicode>Sed turgere cmnes iure pioque fibras.</Unicode></TextEquiv></TextLine><TextLine id="r0_l016"><Coords points="85,479 206,480 457,475 644,474 653,479 692,479 692,443 473,444 286,447 243,449 163,449 124,446 85,446 79,443 69,443 69,485 77,485"/><TextEquiv index="1"><Unicode>Oſimulacra notis permulta loquentia mutis</Unicode></TextEquiv></TextLine><TextLine id="r0_l017"><Coords points="138,477 138,507 604,507 604,477"/><TextEquiv index="1"><Unicode>Si modo ſi dici vel ſimulacra queant.</Unicode></TextEquiv></TextLine><TextLine id="r0_l018"><Coords points="764,505 640,505 633,507 362,509 199,513 155,513 103,510 103,542 289,542 328,540 417,540 482,538 572,539 620,537 721,537 730,542 764,542"/><TextEquiv index="1"><Unicode>Namque ea quo tueor magis ac magis, eſſe videntur</Unicode></TextEquiv></TextLine><TextLine id="r0_l019"><Coords points="675,568 675,538 620,538 572,540 482,539 417,541 328,541 248,544 159,545 136,544 136,573 308,573"/><TextEquiv index="1"><Unicode>Hoc magis atque magis Pygmalionis ebur.</Unicode></TextEquiv></TextLine><TextLine id="r0_l020"><Coords points="355,603 603,600 703,601 703,569 530,570 424,573 309,573 269,575 144,575 132,573 93,572 82,579 77,578 77,573 75,569 42,569 42,605 295,605"/><TextEquiv index="1"><Unicode>Et fierent credo, niſi mecum habitare puderet,</Unicode></TextEquiv></TextLine><TextLine id="r0_l021"><Coords points="670,637 670,601 134,607 134,638 614,638"/><TextEquiv index="1"><Unicode>Digna Deûm templis tam nigricante caſa.</Unicode></TextEquiv></TextLine><TextLine id="r0_l022"><Coords points="363,654 363,685 548,685 548,654"/><TextEquiv index="1"><Unicode>Ad Magiſtratus.</Unicode></TextEquiv></TextLine><TextLine id="r0_l023"><Coords points="725,690 410,690 293,691 208,694 101,693 101,729 242,729 319,726 407,726 456,724 696,724 706,729 725,729"/><TextEquiv index="1"><Unicode>Vos quibus in ſontes gladii eſt conceſſa poteſtas,</Unicode></TextEquiv></TextLine><TextLine id="r0_l024"><Coords points="650,755 650,725 456,725 407,727 319,727 242,730 128,731 120,736 75,736 70,741 70,755 72,757 441,757"/><TextEquiv index="1"><Unicode>Liber vta damno quiſque ſit àque metu:</Unicode></TextEquiv></TextLine><TextLine id="r0_l025"><Coords points="926,755 926,731 894,731 890,735 890,756 900,756"/><TextEquiv index="1"><Unicode></Unicode></TextEquiv></TextLine><TextLine id="r0_l026"><Coords points="515,787 650,786 650,756 365,758 232,761 181,764 108,764 80,762 73,759 69,755 59,755 59,789 469,789"/><TextEquiv index="1"><Unicode>Nunc O nunc munus cordata mente ſubite,</Unicode></TextEquiv></TextLine><TextLine id="r0_l027"><Coords points="451,820 544,820 583,818 690,817 690,787 515,788 469,790 329,791 203,795 132,795 132,825 230,825"/><TextEquiv index="1"><Unicode>Suppeditante ratam materiem Harmoſyne.</Unicode></TextEquiv></TextLine><TextLine id="r0_l028"><Coords points="321,854 393,854 608,849 658,849 668,850 675,854 764,855 764,818 634,818 544,821 451,821 348,824 231,825 145,828 103,828 89,825 79,825 69,818 59,818 59,858 209,858"/><TextEquiv index="1"><Unicode>En quantos; en quot iuuenes anima exſuat: en quo</Unicode></TextEquiv></TextLine><TextLine id="r0_l029"><Coords points="247,887 384,886 620,880 620,854 394,854 209,859 127,858 127,889 213,889"/><TextEquiv index="1"><Unicode>En quantos victrix raptet inante rotas.</Unicode></TextEquiv></TextLine><TextLine id="r0_l030"><Coords points="719,880 590,881 516,884 467,884 384,887 247,888 213,890 98,890 98,919 260,919 598,911 679,911 686,912 694,918 719,919"/><TextEquiv index="1"><Unicode>Sed properate, eia, dum nondum eſt tota furors;</Unicode></TextEquiv></TextLine><TextLine id="r0_l031"><Coords points="423,945 639,943 640,913 536,913 356,918 261,919 191,922 163,921 128,922 128,948 359,948"/><TextEquiv index="1"><Unicode>Nec mentis penitus portio quæque ruit.</Unicode></TextEquiv></TextLine><TextLine id="r0_l032"><Coords points="73,984 83,983 235,982 388,977 636,975 643,979 684,980 684,943 423,946 359,949 178,953 89,952 73,950 65,944 36,945 30,952 31,985 36,990 65,990"/><TextEquiv index="1"><Unicode>Nam ſi ſepta animi perruperit omnia; non eſt</Unicode></TextEquiv></TextLine><TextLine id="r0_l033"><Coords points="426,1007 606,1008 606,976 388,978 325,981 127,984 127,1010 349,1010"/><TextEquiv index="1"><Unicode>Exi ſtat veſter quin labor omnis iners;</Unicode></TextEquiv></TextLine><TextLine id="r0_l034"><Coords points="71,1054 76,1047 81,1046 188,1046 266,1042 469,1040 500,1038 634,1039 634,1009 426,1008 294,1013 253,1013 199,1016 108,1016 101,1014 78,1014 71,1012 66,1008 60,1008 55,1014 55,1021 47,1026 1,1027 1,1058 66,1058"/><TextEquiv index="1"><Unicode>Ipſaque maiores oculis det ſtragis aceruos,</Unicode></TextEquiv></TextLine><TextLine id="r0_l035"><Coords points="219,1074 281,1074 396,1070 634,1071 706,1074 706,1040 373,1041 235,1044 188,1047 125,1047 125,1076 186,1076"/><TextEquiv index="1"><Unicode>Dente dedit quondam quam Calydonis aper.</Unicode></TextEquiv></TextLine><TextLine id="r0_l036"><Coords points="171,1106 383,1102 542,1102 658,1104 658,1073 396,1071 281,1075 219,1075 163,1078 100,1078 76,1077 67,1073 64,1070 58,1070 58,1109 133,1109"/><TextEquiv index="1"><Unicode>Ergo citi noua vincula ferte, probeque ligata</Unicode></TextEquiv></TextLine><TextLine id="r0_l037"><Coords points="653,1105 542,1103 383,1103 208,1106 123,1110 123,1134 653,1134"/><TextEquiv index="1"><Unicode>Etra vrbem, extra orbem prodigialis eat:</Unicode></TextEquiv></TextLine><TextLine id="r0_l038"><Coords points="278,1168 330,1166 499,1166 610,1168 610,1136 353,1135 231,1137 166,1140 92,1140 75,1138 65,1130 38,1130 32,1130 25,1136 25,1170 120,1170"/><TextEquiv index="1"><Unicode>Inque ſolum ſolum luſtro portata pietur;</Unicode></TextEquiv></TextLine><TextLine id="r0_l039"><Coords points="608,1169 499,1167 330,1167 220,1170 121,1170 114,1173 111,1176 105,1176 98,1171 86,1171 86,1204 608,1204"/><TextEquiv index="1"><Unicode>Tethyosaut ſubeat purificntis aquas.</Unicode></TextEquiv></TextLine><TextLine id="r0_l040"><Coords points="915,1191 915,1221 957,1221 957,1191"/><TextEquiv index="1"><Unicode></Unicode></TextEquiv></TextLine><TextLine id="r0_l041"><Coords points="698,1207 698,1242 797,1242 797,1207"/><TextEquiv index="1"><Unicode>Si quod</Unicode></TextEquiv></TextLine><TextLine id="r0_l042"><Coords points="2,1169 2,1275 65,1275 65,1169"/><TextEquiv index="1"><Unicode></Unicode></TextEquiv></TextLine><TextLine id="r0_l043"><Coords points="930,1222 930,1261 961,1261 961,1222"/><TextEquiv index="1"><Unicode></Unicode></TextEquiv></TextLine><TextLine id="r0_l044"><Coords points="930,1261 930,1294 961,1294 961,1261"/><TextEquiv index="1"><Unicode></Unicode></TextEquiv></TextLine><TextLine id="r0_l045"><Coords points="973,1294 944,1294 936,1292 912,1291 912,1326 973,1326"/><TextEquiv index="1"><Unicode></Unicode></TextEquiv></TextLine><TextLine id="r0_l046"><Coords points="912,1333 912,1363 951,1363 951,1333"/><TextEquiv index="1"><Unicode></Unicode></TextEquiv></TextLine></TextRegion></Page></PcGts>