<PcGts xmlns="http://schema.primaresearch.org/PAGE/gts/pagecontent/2017-07-15" xmlns:xsi="http://www.w3.org/2001/XMLSchema-instance" xsi:schemaLocation="http://schema.primaresearch.org/PAGE/gts/pagecontent/2017-07-15 http://schema.primaresearch.org/PAGE/gts/pagecontent/2017-07-15/pagecontent.xsd"><Metadata><Creator>User123</Creator><Created>2020-04-19T08:48:39</Created><LastChange>2020-04-19T08:48:39</LastChange></Metadata><Page imageFilename="1082.png" imageHeight="1432" imageWidth="976"><TextRegion id="r0" type="paragraph"><Coords points="1,1 974,1 974,1430 1,1430"/><TextLine id="r0_l001"><Coords points="344,1 344,17 405,17 405,1"/><TextEquiv index="1"><Unicode></Unicode></TextEquiv></TextLine><TextLine id="r0_l002"><Coords points="530,1 530,23 585,23 585,1"/><TextEquiv index="1"><Unicode></Unicode></TextEquiv></TextLine><TextLine id="r0_l003"><Coords points="895,10 895,39 970,39 970,10"/><TextEquiv index="1"><Unicode></Unicode></TextEquiv></TextLine><TextLine id="r0_l004"><Coords points="335,17 335,44 408,44 408,17"/><TextEquiv index="1"><Unicode></Unicode></TextEquiv></TextLine><TextLine id="r0_l005"><Coords points="353,74 353,99 599,99 599,74"/><TextEquiv index="1"><Unicode>VARIA</Unicode></TextEquiv></TextLine><TextLine id="r0_l006"><Coords points="784,65 784,101 838,101 838,65"/><TextEquiv index="1"><Unicode>6</Unicode></TextEquiv></TextLine><TextLine id="r0_l007"><Coords points="298,117 298,149 649,149 649,117"/><TextEquiv index="1"><Unicode>Ad Antonium Mauclerquiunms.</Unicode></TextEquiv></TextLine><TextLine id="r0_l008"><Coords points="740,151 678,151 652,154 613,155 453,155 403,152 57,151 57,192 123,191 142,189 175,189 190,187 221,186 367,185 458,185 511,188 633,189 660,192 740,192"/><TextEquiv index="1"><Unicode>Ergo bifrons tibi ſum, m-uleraui, lanus &amp; ille</Unicode></TextEquiv></TextLine><TextLine id="r0_l009"><Coords points="607,190 599,189 511,189 458,186 367,186 221,187 190,188 175,190 149,190 149,216 607,216"/><TextEquiv index="1"><Unicode>Cœleſtes vt erat dignior inter heros,</Unicode></TextEquiv></TextLine><TextLine id="r0_l010"><Coords points="729,214 664,214 655,217 410,217 184,221 105,219 96,217 91,214 56,214 56,254 96,254 102,251 216,252 237,250 306,249 586,247 686,248 696,254 729,254"/><TextEquiv index="1"><Unicode>Cunctaq; perſpicue rerum cognoratad anguem,</Unicode></TextEquiv></TextLine><TextLine id="r0_l011"><Coords points="459,279 503,280 587,278 653,279 653,249 407,249 237,251 216,253 149,252 149,282 244,282"/><TextEquiv index="1"><Unicode>Quæ præſens æuum præteritumq; tulit:</Unicode></TextEquiv></TextLine><TextLine id="r0_l012"><Coords points="927,197 927,289 969,289 969,197"/><TextEquiv index="1"><Unicode></Unicode></TextEquiv></TextLine><TextLine id="r0_l013"><Coords points="95,317 101,315 173,316 269,313 592,311 621,309 654,309 654,280 587,279 503,281 459,280 245,282 168,286 136,286 102,283 97,281 90,274 60,274 55,276 53,278 53,320 55,322 90,322"/><TextEquiv index="1"><Unicode>Sic ego Palladiæ dominor rex inter Olores</Unicode></TextEquiv></TextLine><TextLine id="r0_l014"><Coords points="669,340 669,312 432,312 146,317 146,343 515,343"/><TextEquiv index="1"><Unicode>Quos æuum præſens præteritumq; tulit?</Unicode></TextEquiv></TextLine><TextLine id="r0_l015"><Coords points="443,373 672,372 672,342 298,345 163,348 100,348 89,342 73,342 68,344 60,344 54,347 54,375 360,375"/><TextEquiv index="1"><Unicode>Atq; vt Amaltheo bona cornu copia fundis</Unicode></TextEquiv></TextLine><TextLine id="r0_l016"><Coords points="752,372 443,374 299,377 116,376 116,403 752,403"/><TextEquiv index="1"><Unicode>Florum &amp; odorum olim deſuper omne genus,</Unicode></TextEquiv></TextLine><TextLine id="r0_l017"><Coords points="737,404 497,405 377,408 162,410 115,409 102,407 97,403 56,403 56,440 311,440 422,437 522,437 623,434 699,434 711,436 716,440 737,440"/><TextEquiv index="1"><Unicode>Sic quoque Pieridum nunquam marcentia ſerta,</Unicode></TextEquiv></TextLine><TextLine id="r0_l018"><Coords points="349,470 432,470 465,468 575,468 597,466 661,465 661,435 567,436 522,438 422,438 311,441 148,442 148,471 287,472"/><TextEquiv index="1"><Unicode>Prodigitate pari ſpargo per omne ſolum.</Unicode></TextEquiv></TextLine><TextLine id="r0_l019"><Coords points="692,497 838,497 838,463 712,463 705,466 638,466 575,469 465,469 432,471 349,471 226,474 102,471 95,468 90,463 68,463 63,465 59,469 57,474 57,498 59,503 370,503 611,498 673,498 683,503"/><TextEquiv index="1"><Unicode>Vellem equidem hæc Mauclerqui, haud tantum dicere.</Unicode></TextEquiv></TextLine><TextLine id="r0_l020"><Coords points="728,496 728,527 840,527 840,496"/><TextEquiv index="1"><Unicode>poſſes,</Unicode></TextEquiv></TextLine><TextLine id="r0_l021"><Coords points="593,529 640,529 640,500 550,500 277,505 152,504 152,532 517,532"/><TextEquiv index="1"><Unicode>Re vera facerem ſed magis ipſe fidem.</Unicode></TextEquiv></TextLine><TextLine id="r0_l022"><Coords points="775,529 644,529 417,535 212,537 135,536 117,534 117,565 132,566 394,566 467,563 650,560 679,561 689,566 775,566"/><TextEquiv index="1"><Unicode>Sed quid? quam magis in memet deſcendere pergo,</Unicode></TextEquiv></TextLine><TextLine id="r0_l023"><Coords points="672,591 672,562 560,562 394,567 207,568 164,566 114,566 105,567 105,598 271,599"/><TextEquiv index="1"><Unicode>Dicta tua inuenio tam minus eſſe rata.</Unicode></TextEquiv></TextLine><TextLine id="r0_l024"><Coords points="752,628 752,590 681,590 676,592 652,593 271,600 105,599 94,595 90,591 82,591 77,593 73,597 71,602 64,602 56,607 56,629 389,629 684,623 697,623 707,629 725,629"/><TextEquiv index="1"><Unicode>Imo ſibi in minimis, Mauclerqui, qui nequit ipſi</Unicode></TextEquiv></TextLine><TextLine id="r0_l025"><Coords points="664,625 440,628 330,631 225,630 213,631 203,629 150,630 150,659 664,659"/><TextEquiv index="1"><Unicode>Eſſe bifrons, aliis quomodo l anus erit?</Unicode></TextEquiv></TextLine><TextLine id="r0_l026"><Coords points="19,646 19,712 77,712 77,646"/><TextEquiv index="1"><Unicode></Unicode></TextEquiv></TextLine><TextLine id="r0_l027"><Coords points="910,663 910,696 974,696 974,663"/><TextEquiv index="1"><Unicode></Unicode></TextEquiv></TextLine><TextLine id="r0_l028"><Coords points="385,686 385,719 574,719 574,686"/><TextEquiv index="1"><Unicode>Regina Anglia.</Unicode></TextEquiv></TextLine><TextLine id="r0_l029"><Coords points="370,762 726,757 726,727 59,727 56,730 56,761 62,765 253,765"/><TextEquiv index="1"><Unicode>Scin alis longe quam ſis prior omnibus, aurea</Unicode></TextEquiv></TextLine><TextLine id="r0_l030"><Coords points="533,791 725,790 725,760 552,760 199,767 112,766 105,768 69,768 58,764 54,760 14,760 8,763 8,793 15,797 68,797 78,792 104,793 108,795 127,797 279,797"/><TextEquiv index="1"><Unicode>Queis vigilace datum ſceptra fouere manu?</Unicode></TextEquiv></TextLine><TextLine id="r0_l031"><Coords points="102,830 119,828 267,829 491,824 676,823 676,792 533,792 279,798 152,797 127,798 108,796 104,794 78,793 69,797 68,802 58,809 56,814 56,825 58,832 99,832"/><TextEquiv index="1"><Unicode>Nempe licet tua mirari benefacta loquique</Unicode></TextEquiv></TextLine><TextLine id="r0_l032"><Coords points="442,857 573,857 616,854 661,854 661,825 491,825 267,830 141,829 141,859 326,860"/><TextEquiv index="1"><Unicode>Humanum nequeat,regia Virgo genus.</Unicode></TextEquiv></TextLine><TextLine id="r0_l033"><Coords points="731,854 616,855 573,858 442,858 257,862 175,862 148,860 119,860 107,859 97,854 66,854 62,859 62,891 394,891 465,888 539,887 626,887 633,891 731,891"/><TextEquiv index="1"><Unicode>Tu tot adhuc patras digniſima laude: ſecundo</Unicode></TextEquiv></TextLine><TextLine id="r0_l034"><Coords points="352,921 437,921 584,918 584,888 465,889 394,892 315,893 153,892 153,921 167,921 180,924 200,925 235,925"/><TextEquiv index="1"><Unicode>Vt ſolum valeant vociferare ſono,</Unicode></TextEquiv></TextLine><TextLine id="r0_l035"><Coords points="89,973 100,962 155,961 162,956 218,957 269,955 333,955 362,953 468,952 613,948 676,949 686,954 713,954 725,956 725,919 554,919 507,921 304,923 235,926 180,925 167,922 114,922 96,919 92,929 78,930 62,934 45,934 40,936 36,940 34,945 34,963 36,968 40,972 49,975 78,975"/><TextEquiv index="1"><Unicode>Millecuplo eſſe tibi leuius facere optima quq;</Unicode></TextEquiv></TextLine><TextLine id="r0_l036"><Coords points="632,949 218,958 162,957 155,962 151,962 151,985 632,985"/><TextEquiv index="1"><Unicode>Illa eadem digne quam celebrare ſibi.</Unicode></TextEquiv></TextLine><TextLine id="r0_l037"><Coords points="248,1011 248,1043 688,1043 688,1011"/><TextEquiv index="1"><Unicode>In Delicias Orbis Franciſci S veertii</Unicode></TextEquiv></TextLine><TextLine id="r0_l038"><Coords points="742,1102 742,1069 736,1064 427,1064 346,1067 217,1068 184,1068 135,1065 71,1065 63,1070 63,1104 363,1104 588,1101 698,1102 702,1104 740,1104"/><TextEquiv index="1"><Unicode>Quid non ingenio licet? Orbis totius arctat</Unicode></TextEquiv></TextLine><TextLine id="r0_l039"><Coords points="698,1103 588,1102 513,1104 364,1104 307,1106 151,1107 151,1130 699,1130"/><TextEquiv index="1"><Unicode>Delicias minimo Svveertius ecce libro.</Unicode></TextEquiv></TextLine><TextLine id="r0_l040"><Coords points="63,1134 63,1167 733,1167 733,1134"/><TextEquiv index="1"><Unicode>Nec ſatis: has iternm toto mox publicat Orbe,</Unicode></TextEquiv></TextLine><TextLine id="r0_l041"><Coords points="632,1168 297,1168 227,1171 155,1170 155,1198 632,1198"/><TextEquiv index="1"><Unicode>Publicat vt Cereris farra reperta Puer.</Unicode></TextEquiv></TextLine><TextLine id="r0_l042"><Coords points="692,1232 708,1231 772,1231 772,1198 676,1198 653,1200 586,1199 390,1200 234,1203 178,1203 112,1201 104,1198 64,1198 64,1236 200,1236 206,1232 236,1232 242,1234 441,1232 469,1233 474,1236 520,1236 527,1231 615,1231 643,1233 678,1233 684,1236"/><TextEquiv index="1"><Unicode>O fortem an broſiam: svveerti durabile nectar</Unicode></TextEquiv></TextLine><TextLine id="r0_l043"><Coords points="231,1234 231,1263 412,1263 412,1234"/><TextEquiv index="1"><Unicode>Tomus ſecundus</Unicode></TextEquiv></TextLine><TextLine id="r0_l044"><Coords points="582,1233 582,1255 623,1255 623,1233"/><TextEquiv index="1"><Unicode>Iii</Unicode></TextEquiv></TextLine><TextLine id="r0_l045"><Coords points="743,1235 743,1265 838,1265 838,1235"/><TextEquiv index="1"><Unicode>Quam</Unicode></TextEquiv></TextLine></TextRegion></Page></PcGts>