976 1432
321 88 655 114 GRVTERI
141 131 786 166 Quam magis haurimus tam magis ſquc vigenrt.
1 157 759 255 P9a
174 187 794 225 Quam magis haurimus tam magis vſque placent.
140 218 781 256 Nepe Iicet ſolidis non pauca abſumimus horis,
906 219 973 253 i
171 249 661 281 ectari & ambroſiæ copia tota ſui eſt.
138 280 773 319 Nempe licet ſoſidis non pauca abſumimus horis,
173 312 660 343 Non abit vl a fames non abit vlſa ſitis.
906 326 973 347 li,ip
906 344 957 357 I
140 345 714 377 Et nondum pro deliciis tot. Svveerius audit
172 375 612 411 Humani generis nobile delicium?
296 418 696 452 In arol Taſalii libios oronarum.
140 459 752 498 Alma pacis atque belli, Pallas aibitra, omnibus
144 492 708 532 Singuliſque digna prudens largiiſe præmia.
144 520 973 561 Quo laborem hunc Paſchalii ipſa munerabis, tot Deisu
144 555 749 594 Totque Diuabus coronas quo rednat perditas,
145 586 739 624 Temporiſue iniquita te mox ruendas, poſtumis
907 609 971 644 eis
146 618 812 653 Sæculis tranſſcribit ore vsque vſque honore floreas?
906 647 973 678 o
149 650 768 683 Certe ei licet ſimul ſemelque; Diua, vltro oggeras
905 678 974 702 u
148 682 734 714 Cuncta belli, cuncta pacis bis gemella præmia.
906 709 970 740 dt
146 714 785 752 Inque eum hinc & hinc coronas vniuerſas depluas
906 738 973 770 s
148 745 712 783 Quas vel erudita virtus emit, aut vis Martia,
905 770 969 803 t
145 776 707 809 Debitum tamen plus eſt Paſchalii ſudoribus.
905 803 973 834 uica
147 808 802 844 Quare ei vnum. Athena, ſertum dexteta plectas tua,
906 835 974 863 ſe
146 841 668 875 Rite quod ſubtiliore præferat diſcrimine
906 871 971 899 g
147 872 739 906 Cuncta belli cuncta pacis bis gemella præmia.
146 899 971 937 Moli at huic cum ſuſtinendæ Paſchalii impar ſit caput,in
904 932 973 968 Cua
146 936 728 969 ADione Gratiiſque eia, impetres Cupidinum
144 969 799 1000 Illam a mabilem cohortem, t nempe pendula aëre
146 1000 730 1032 Hanc coronarum coronam de xteris ferat ſuis,
149 1032 786 1064 Sic quidem vt foras prodire non qeat, quin illico
906 1033 974 1071 pi
148 1063 768 1095 Ipſi Amorum ſemper adſit dulce contubernium.,
906 1071 974 1100 ot
148 1095 796 1126 Moreque vmbell a vniuerſum protegat Paſchalium.
907 1102 974 1135 laess
149 1127 814 1158 Annuis virgo? annue, annue, imo quid plus adſtrue.
907 1135 974 1165 Mle
153 1158 973 1191 Quem merenti das honorem, minime das ſed accipis. u
906 1201 974 1224 ux
800 1222 842 1246 Ad
908 1355 974 1376 g
