976 1432
310 88 544 113 VARIA.
734 97 775 122 6
210 133 622 166 Ad eogium Ludoicum Huttenum.
73 177 669 207 De tua venatione, tempore anni qolibet.
75 207 743 239 Noſtra opima fit culina: nunquam eam tamen prins
55 239 630 270 Polliceris, nte factum cæteri tamen coquæ
53 267 589 300 De ſua ventione pollicentur plurimum,
53 301 710 334 Integro interim nec anno auis lepuſue cernitur.
53 332 725 364 Quei putem iſtud eue nire? amicus eſſe Huttene vis
9 363 617 397 Optimuſq; axinuſq; ;eis, videri ſufficit.
260 421 573 453 Duellum Flamæ d Aquæ.
6 464 664 503 Ex quo Amor ipſe mea de libertate triumphat,
56 497 640 528 Vſque mihi duplex, hoſpes an hoſtis, adeſt.
13 519 658 564 Nempe meis oculis fons ſe illatebrauit aquai:
46 558 624 590 Flamma ſed in medio pectore perpes agit.
8 580 710 622 Fons & vt ille grani glaciat mihi frigore membra,
45 623 634 654 Sic eadem extremo flanma calre coquit.
7 645 677 689 Nec mora, tanta ineunt ambo feriate dnellum,
46 685 608 716 Certa mihi vt ſubeat ſpes vtriuſq; necis.
11 707 610 753 Sed non: ilicet hæe atq ille quieſcit, & iræ
47 748 566 777 Artibus in noſtris ſeditioſa domant.
8 772 675 819 Sic par idpugnat ſemper pauſatq;, nec vnquam
55 812 620 842 Huic aut huic victrix palma parata venit.
17 834 619 875 Ha Veneris fili tandem alterutrius, amabo,
2 872 568 905 Pugna mihi ceſſet quottidiana nece.
2 903 682 944 Ipſe mori quæro: ſed id ipſum quærere fruſtra et
43 939 616 970 Certamen quamdiu bina venena gerunt.
325 998 510 1029 Ad Harmoſynen.
1 1036 663 1098 Te primum vt vidi tarmoſyne, velamine Coo
57 1074 616 1104 Condita eras oculos condita eraſq; labra.
8 1101 663 1146 Id tamen vt Lephyrus parte vna dimouet, in te
48 1138 571 1172 Sum Veneris viſus vulta videre Deæ.
6 1162 604 1209 Mox & vbi faciem libras velo, ac mihi puri
43 1202 614 1236 Cernere das formæ tot mera mira nouæ
462 1235 549 1269 Iii2
675 1237 772 1268 Clama-
1 1229 64 1258 e
