976 1432
337 88 575 112 VARIA
757 93 816 118 86
1 115 719 165 Nuncin perpetuum perdita vita odum eſt.
51 162 661 203 Proxia compoſitis intrabam littora velis,
129 194 648 226 Radebatq; ſalum remus hic, ille ſolum.
46 226 736 266 Cu meipſum Lephvrus male deſerit, atq; Bores
143 257 655 290 Turbine rurſus agor per ſemel acta freta.
51 284 735 330 Heu quanto late tonitru vndiq; mugit Olympus
147 321 679 352 Heu patulo quam nox incubat atra maril
60 343 719 383 Omnia ſunt flctus quæ contuor, omnia nymb,
142 383 748 414 Flamma nec Harmoſynes quæ iuuet vlla micat.
50 408 641 452 Oacie ſemper vigili, cœli Aſtra, Quirites,
147 447 631 472 Nunc mihi de vobis luceat vlla faceml
61 469 639 512 Vna facem mihi nunc de vobis luceat vna
147 512 640 542 Qæ partes rigidæ non tueatur Heræ
62 536 643 573 Pro Græcis certe non ſtabant omnia cœli
148 572 706 605 N umina, cum pœnas Troiacremanda daret.
286 618 631 648 In Gulielm. Dartaſium Petam.
27 656 752 697 Sunt quibus è Daphner Phœbus dat carpere ramis,
148 693 565 726 Inq; Meduſæo ponere valle ſitim.
60 722 658 758 Nec deſunt quorum miſeratus forte labori
86 756 597 787 Cum lauru occurrit Pegaſeoq; lacu.
61 786 718 830 Eſtq; adeo alter & alter, aquam de fonte Caballi
149 819 673 854 Cuiferat & ſertum plexile Muſa domum.
61 846 706 893 Atria ſed quorum icaeant Libethride lympha,
149 884 645 916 Sed quorum ani ſurgat in æde nemus,
1 914 624 960 .Præteritis nemo ſeclis fuit huius & æui
150 945 611 980 Vnicus atq; vnus eſt modo Bartaſius.
348 990 580 1015 In Buculam Mironi.
62 1033 710 1079 Edere mugitum poteram ænea vacca: Myronis
149 1068 653 1099 Addere ſed linguam non voluere manus.
67 1099 674 1129 Naturæ dedit hoc:ne poſtuma diceret ætas,
147 1130 628 1163 Artificem artificum præteriiſſe Deam.
429 1172 481 1200 II.
53 1201 662 1244 Me viue ſimilem voluit, non fingere viuam,
530 1232 816 1261 i2Suſtol-
