976 1432
372 85 701 110 GRVTERI
136 76 236 112 70
918 100 973 129 u
230 125 718 159 Suſtollens raptim dædala cœla Myron:
197 157 772 189 Vt ſi forte boum pereat genus omne, nouand
911 160 973 190 d
227 189 714 222 Exemplar Superi ſtirpis habere queant.
193 280 791 315 Me vide: bucula ſum ſculptoris ahena Myronis,
914 290 973 322 u
225 312 701 338 Cui nihil ad vitam vox niſi viua deeſt
192 343 780 375 Si tamen illa deeſt, quam nolo promere ſummi
915 355 973 385 o
222 375 691 406 Collutelem artificis ne geniale decus.
190 406 825 442 Nam quid ego quæſo, quid bucula quæſo Myronis,
916 417 974 446 d
160 438 788 471 Mugitu pecudum me numero eſſe probem?
160 460 802 506 Qun ego pro monſtro metuam niſi tota teneri
916 477 973 508 u
218 501 717 535 Ediderim umanos garrula tota ſonos.
504 549 551 571 IV.
186 590 804 624 Me ſine voce Myron finxit non ars quod eandem
217 621 620 653 Illi è difficili ſuppeditare queat:
943 633 974 662 i
183 652 804 686 Mugitum ſed enim boue quoque ciente, putabast
165 684 701 715 Plus artis mutam fingere poſſe bouem.
328 724 718 752 I ritanniam ulielmi Camdeni.
182 767 735 803 Quæ vix nota ſibi fuit ante Britannia, vtriq;
214 799 785 826 Nunc Camdene Orbi munere nota tuo eſt
176 830 669 863 Ignotæq; velut fuerat non vl la cupido,
213 861 766 894 ic modo ſic notam Mundus vterque cunit.
175 892 786 928 Sed tamen incaſſum: nimia nam dore ſuperba,
207 922 700 954 Quemlibet indignum credit amore ſui.
432 986 622 1017 Ad Hiarmoſynen.
173 1030 704 1062 Sæpe animo certum fuit, adiurare loquela
206 1062 669 1091 Supplice duritiæ ſemina dura tuæ:
169 1092 660 1123 Nen ſic ipſa tuo ſineres tranſire clienti
915 1102 974 1132 i
202 1125 742 1155 Innumeras vitam per genus omne cruces:
915 1132 974 1159 M
167 1156 674 1185 Sed tibi vel ſubito letharer luminis ictu,
914 1168 974 1203 ſ
197 1188 700 1220 Fluctibus irarum cum quaterereiecur:
825 1227 867 1256 ve
