976 1432
364 70 596 94 VAIA.
793 73 836 96 y7
61 111 663 145 Vel te Diuorum potius genus eſſe dceret,
159 145 613 181 Mutando pœnas mox mihi lætitiis.
128 176 685 211 Sed quid? vbi voces raras ſuadoſq; profatus
164 208 690 237 Edidici, ac tecum ſtat memori ore loqui;
64 239 721 273 Ilicet Harpocrates tua per duo lumina reddor;
164 271 655 305 Et pereunt li guæ munia cunctamihi.
1 301 777 361 Tantum promanat membris liquor omnibus vdus;
164 333 662 367 Truxq; tie mor totis regnat in aiticulis:
132 363 641 399 Concuſuq; ſuo, ſinguæ ſupplere videtusr
163 395 580 428 Officiis, ac cor poſe mouere feræ.
133 420 749 458 Sed fruſtra nec enim ſine plectto tinguæ palati
165 458 658 492 Reris adoratos quem dare poſſ ſo nos:
133 488 766 525 Nedum aliquando queaa tibi perſuadere, rogandi
164 521 660 558 Eſe genus ſummum poſſe rogare nihil
331 580 596 617 Ad Rginam Angli.
51 632 617 690 Sipar virtuti regnum, Regina teneres;
165 667 662 702 Inferus ac ſuperus non ſatis Orbis erat:
54 697 702 742 Condendiq; forent alii longo ordine Mundi.
164 726 837 769 Exq; citanda hominum non numerando Phalatx,
132 761 782 801 Quorum hoc linguæ vnum noctuq; diuq; inarent,
165 794 584 831 Humani generis vnica Elſa ſolus
133 826 682 859 Vnica Eliſa, in qua ſic prorfas meſſe tuentur
162 856 659 894 Expreſſam effigiem Numina cuncta ſui.
134 888 656 922 Hæc ſit vt aut exorta Deis exorta Deabus
167 922 608 953 Edideritue Deos, edideritue Deas
337 964 630 995 In obttum lacobiBonarſii.
134 1005 713 1039 Mors vt vno tollere ictu mille vult Antiſtites
133 1037 713 1072 Deditos nouem Camœnis aureiſque Gratiis,
133 1069 708 1103 Falce crudeli Iacobum demetit Bongarſium.
133 1099 757 1136 Vr cadit, cadunt quoq; vna mille, vah Antiſtites
134 1133 673 1166 Dediti nouem Camœnis aureiſq; Gratiis.
135 1166 683 1206 Sic quis vniuetſa in vno Sole tollat Sidera.
1 1184 59 1216 e
735 1221 841 1243 Fu-
538 1214 625 1246 Hii4
