<PcGts xmlns="http://schema.primaresearch.org/PAGE/gts/pagecontent/2017-07-15" xmlns:xsi="http://www.w3.org/2001/XMLSchema-instance" xsi:schemaLocation="http://schema.primaresearch.org/PAGE/gts/pagecontent/2017-07-15 http://schema.primaresearch.org/PAGE/gts/pagecontent/2017-07-15/pagecontent.xsd"><Metadata><Creator>User123</Creator><Created>2020-04-19T08:48:31</Created><LastChange>2020-04-19T08:48:31</LastChange></Metadata><Page imageFilename="1090.png" imageHeight="1432" imageWidth="976"><TextRegion id="r0" type="paragraph"><Coords points="1,1 974,1 974,1430 1,1430"/><TextLine id="r0_l001"><Coords points="84,1 84,15 175,15 175,1"/><TextEquiv index="1"><Unicode></Unicode></TextEquiv></TextLine><TextLine id="r0_l002"><Coords points="899,1 899,16 971,16 971,1"/><TextEquiv index="1"><Unicode></Unicode></TextEquiv></TextLine><TextLine id="r0_l003"><Coords points="341,16 341,43 410,43 410,16"/><TextEquiv index="1"><Unicode></Unicode></TextEquiv></TextLine><TextLine id="r0_l004"><Coords points="901,16 901,46 973,46 973,16"/><TextEquiv index="1"><Unicode></Unicode></TextEquiv></TextLine><TextLine id="r0_l005"><Coords points="323,85 323,110 568,110 568,85"/><TextEquiv index="1"><Unicode>ARIA</Unicode></TextEquiv></TextLine><TextLine id="r0_l006"><Coords points="764,92 764,117 804,117 804,92"/><TextEquiv index="1"><Unicode>172</Unicode></TextEquiv></TextLine><TextLine id="r0_l007"><Coords points="88,129 88,161 575,161 575,129"/><TextEquiv index="1"><Unicode>Punctum temporis vt libet puſillum,</Unicode></TextEquiv></TextLine><TextLine id="r0_l008"><Coords points="98,163 98,191 517,191 517,163"/><TextEquiv index="1"><Unicode>Non ſolum pereunt repente tete,</Unicode></TextEquiv></TextLine><TextLine id="r0_l009"><Coords points="971,173 929,173 929,203 971,203"/><TextEquiv index="1"><Unicode></Unicode></TextEquiv></TextLine><TextLine id="r0_l010"><Coords points="98,192 98,224 558,224 558,192"/><TextEquiv index="1"><Unicode>Quanto quis potis eſt perire amore,</Unicode></TextEquiv></TextLine><TextLine id="r0_l011"><Coords points="969,204 926,204 926,255 969,255"/><TextEquiv index="1"><Unicode></Unicode></TextEquiv></TextLine><TextLine id="r0_l012"><Coords points="99,224 99,256 515,256 515,224"/><TextEquiv index="1"><Unicode>Sed ſeſe quoque ſed repente ſeſe,</Unicode></TextEquiv></TextLine><TextLine id="r0_l013"><Coords points="23,255 23,286 57,286 57,255"/><TextEquiv index="1"><Unicode></Unicode></TextEquiv></TextLine><TextLine id="r0_l014"><Coords points="695,255 562,255 550,257 415,255 124,257 98,255 98,285 118,287 333,288 416,286 507,286 558,288 695,288"/><TextEquiv index="1"><Unicode>Seſe, inquam, quoque id ah feram ipsus? ipſuas</Unicode></TextEquiv></TextLine><TextLine id="r0_l015"><Coords points="530,288 416,287 300,289 83,287 83,316 530,316"/><TextEquiv index="1"><Unicode>Id viuenſue feram videnſue? ſeſe</Unicode></TextEquiv></TextLine><TextLine id="r0_l016"><Coords points="926,293 926,337 967,337 967,293"/><TextEquiv index="1"><Unicode></Unicode></TextEquiv></TextLine><TextLine id="r0_l017"><Coords points="91,319 91,351 504,351 504,319"/><TextEquiv index="1"><Unicode>Ate mox etiam ſed illud ipſus</Unicode></TextEquiv></TextLine><TextLine id="r0_l018"><Coords points="3,324 3,356 55,356 55,324"/><TextEquiv index="1"><Unicode></Unicode></TextEquiv></TextLine><TextLine id="r0_l019"><Coords points="527,350 350,352 99,351 99,380 112,381 527,381"/><TextEquiv index="1"><Unicode>Vt viuens patiar videnſque ? ſeſe</Unicode></TextEquiv></TextLine><TextLine id="r0_l020"><Coords points="544,381 326,383 156,383 98,381 98,412 544,412"/><TextEquiv index="1"><Unicode>Ate rox etiam ſed horret, horret</Unicode></TextEquiv></TextLine><TextLine id="r0_l021"><Coords points="527,413 433,413 361,415 146,415 98,413 98,445 527,445"/><TextEquiv index="1"><Unicode>Horret dicere lingua voxque ſeſe</Unicode></TextEquiv></TextLine><TextLine id="r0_l022"><Coords points="98,446 98,477 483,477 483,446"/><TextEquiv index="1"><Unicode>Ate mox etiam putant amari,</Unicode></TextEquiv></TextLine><TextLine id="r0_l023"><Coords points="97,477 97,510 557,510 557,477"/><TextEquiv index="1"><Unicode>Quanto quis potis eſt amari amore:</Unicode></TextEquiv></TextLine><TextLine id="r0_l024"><Coords points="589,537 589,506 560,508 481,509 97,512 97,538 106,539 508,539"/><TextEquiv index="1"><Unicode>Ate, inquam, mea Lux: amare quam ſi</Unicode></TextEquiv></TextLine><TextLine id="r0_l025"><Coords points="630,540 449,540 222,543 163,543 97,540 97,569 103,570 128,570 144,572 373,572 490,569 578,569 598,570 601,572 630,572"/><TextEquiv index="1"><Unicode>Vel magnorum aliquemaudian Deoru,</Unicode></TextEquiv></TextLine><TextLine id="r0_l026"><Coords points="449,601 538,601 538,570 245,574 152,574 143,572 96,570 96,603 393,603"/><TextEquiv index="1"><Unicode>Pualis ſupitet aut Apollo. eoſdem</Unicode></TextEquiv></TextLine><TextLine id="r0_l027"><Coords points="933,606 933,631 974,631 974,606"/><TextEquiv index="1"><Unicode></Unicode></TextEquiv></TextLine><TextLine id="r0_l028"><Coords points="572,602 449,602 248,606 159,605 92,606 92,627 572,627"/><TextEquiv index="1"><Unicode>Aut iettum faciam eſt neceſſe funus,</Unicode></TextEquiv></TextLine><TextLine id="r0_l029"><Coords points="97,631 97,666 601,666 601,631"/><TextEquiv index="1"><Unicode>Per vim perue dolum nimis neceſſe eſt</Unicode></TextEquiv></TextLine><TextLine id="r0_l030"><Coords points="904,658 904,702 974,702 974,658"/><TextEquiv index="1"><Unicode></Unicode></TextEquiv></TextLine><TextLine id="r0_l031"><Coords points="96,666 96,698 558,698 558,666"/><TextEquiv index="1"><Unicode>Aut me lupiter atque Apollo contra</Unicode></TextEquiv></TextLine><TextLine id="r0_l032"><Coords points="96,698 96,728 504,728 504,698"/><TextEquiv index="1"><Unicode>Iactu fulminis ille. at hic ſagittæ,</Unicode></TextEquiv></TextLine><TextLine id="r0_l033"><Coords points="579,725 533,725 458,729 388,728 161,731 94,730 94,753 579,753"/><TextEquiv index="1"><Unicode>Riualem interimant ſuum neceſſe eſt.</Unicode></TextEquiv></TextLine><TextLine id="r0_l034"><Coords points="494,791 494,760 256,761 203,763 86,762 86,793 294,793"/><TextEquiv index="1"><Unicode>In re qualiber, hos &amp; hos &amp; illos</Unicode></TextEquiv></TextLine><TextLine id="r0_l035"><Coords points="482,823 482,793 295,793 147,796 96,795 96,824 434,824"/><TextEquiv index="1"><Unicode>Non ægre patiar mihi priores:</Unicode></TextEquiv></TextLine><TextLine id="r0_l036"><Coords points="924,804 924,831 974,831 974,804"/><TextEquiv index="1"><Unicode></Unicode></TextEquiv></TextLine><TextLine id="r0_l037"><Coords points="90,825 90,858 475,858 475,825"/><TextEquiv index="1"><Unicode>Non ægre patiar mihi ſodales,</Unicode></TextEquiv></TextLine><TextLine id="r0_l038"><Coords points="925,835 925,875 974,875 974,835"/><TextEquiv index="1"><Unicode></Unicode></TextEquiv></TextLine><TextLine id="r0_l039"><Coords points="555,856 294,857 207,859 95,858 95,882 555,882"/><TextEquiv index="1"><Unicode>Vno verum in amore, amore in no</Unicode></TextEquiv></TextLine><TextLine id="r0_l040"><Coords points="96,890 96,920 600,920 600,890"/><TextEquiv index="1"><Unicode>Haud ipſum tulerim Iouem Tonantem,</Unicode></TextEquiv></TextLine><TextLine id="r0_l041"><Coords points="97,920 97,945 523,945 523,920"/><TextEquiv index="1"><Unicode>Non ſi ſubſtituat mihiuuentam,</Unicode></TextEquiv></TextLine><TextLine id="r0_l042"><Coords points="968,917 922,918 922,942 928,944 938,944 948,951 968,951"/><TextEquiv index="1"><Unicode></Unicode></TextEquiv></TextLine><TextLine id="r0_l043"><Coords points="968,959 948,959 947,951 940,946 922,946 922,1000 968,1000"/><TextEquiv index="1"><Unicode></Unicode></TextEquiv></TextLine><TextLine id="r0_l044"><Coords points="97,951 97,977 503,977 503,951"/><TextEquiv index="1"><Unicode>Non si ſubſtituatm hi Dionem,</Unicode></TextEquiv></TextLine><TextLine id="r0_l045"><Coords points="1,963 1,996 57,996 57,963"/><TextEquiv index="1"><Unicode></Unicode></TextEquiv></TextLine><TextLine id="r0_l046"><Coords points="96,983 96,1008 539,1008 539,983"/><TextEquiv index="1"><Unicode>Non si ſubſtituat mihi Mineruam,</Unicode></TextEquiv></TextLine><TextLine id="r0_l047"><Coords points="1,1006 1,1041 60,1041 60,1006"/><TextEquiv index="1"><Unicode></Unicode></TextEquiv></TextLine><TextLine id="r0_l048"><Coords points="570,1043 570,1012 222,1016 95,1015 95,1045 479,1045"/><TextEquiv index="1"><Unicode>Non ſi ſupplicet vſqueqaque; non ſi</Unicode></TextEquiv></TextLine><TextLine id="r0_l049"><Coords points="565,1045 333,1046 221,1048 98,1046 91,1049 91,1075 565,1075"/><TextEquiv index="1"><Unicode>Tranſcribat mihi cuncta regna cœli.</Unicode></TextEquiv></TextLine><TextLine id="r0_l050"><Coords points="261,1087 261,1121 625,1121 625,1087"/><TextEquiv index="1"><Unicode>In ſepulchrum Iacobi Bongarſii.</Unicode></TextEquiv></TextLine><TextLine id="r0_l051"><Coords points="671,1128 142,1130 103,1127 54,1127 54,1165 671,1165"/><TextEquiv index="1"><Unicode>Hæc tenui ille ingens meritis Bongarſius arca</Unicode></TextEquiv></TextLine><TextLine id="r0_l052"><Coords points="667,1167 311,1166 239,1168 129,1167 129,1193 667,1193"/><TextEquiv index="1"><Unicode>Conditur, ante Deum tot ſine labe domus.</Unicode></TextEquiv></TextLine><TextLine id="r0_l053"><Coords points="751,1198 373,1198 256,1200 55,1198 55,1231 470,1231 476,1228 570,1231 751,1231"/><TextEquiv index="1"><Unicode>Mentior.heie cineres habet. hoſpita Numina totum</Unicode></TextEquiv></TextLine><TextLine id="r0_l054"><Coords points="481,1231 481,1259 576,1259 576,1231"/><TextEquiv index="1"><Unicode>ii5</Unicode></TextEquiv></TextLine><TextLine id="r0_l055"><Coords points="711,1236 711,1256 797,1256 797,1236"/><TextEquiv index="1"><Unicode>Trans</Unicode></TextEquiv></TextLine><TextLine id="r0_l056"><Coords points="13,1249 13,1291 81,1291 81,1249"/><TextEquiv index="1"><Unicode></Unicode></TextEquiv></TextLine></TextRegion></Page></PcGts>