976 1432
201 74 247 101 74
389 75 722 103 GRVTERI
235 115 888 147 Trans mare ttans terras, tranſq; poli alta vehunt:
200 144 785 183 Victurum ſemper dum aërq; ſolumq; ſalumq,
934 150 973 179 u
198 176 747 211 Hoſpita quin imo Numina donec erunt,
932 213 974 244 uo
392 241 698 270 Manibus Ioann VVeſtoni.
932 276 971 306 ci
197 284 771 316 Læter anne triſter aſtris te adſitsm VVeſtonia,
925 309 973 335 C
196 317 731 348 Ambigo: curis ſolutam te tot ac doloribus
192 342 973 383 Exſues quæ vboique vt vmbra proſeuuntur, gaudeo
194 381 783 410 Mœreo contra, tuo Orbem deſolatam lumine;
919 402 974 434 ci
195 412 783 442 Cu tu Diua certe vera, ſeu Minerua, ſeu Venus,
195 443 785 474 Seu Charis, ſeu Suada, prima ſeu Monetæ filia,
935 466 973 496 u
194 476 813 506 Seu magis compoſta numer his tras ex omnibus.
192 506 857 542 Quidquid eſt: telluris orbis cum foret dignus minus
935 531 973 559 u
192 536 630 566 Eru ditio nibus tuis, ruis virtutibus,
191 567 763 601 Iure te ilii vel inuentæ flore primo ſubtrahis
935 593 974 623 M
192 598 703 630 Cœlitumq; digniori redderis conſortio.
192 629 972 666 Qui ſi adhuc ibi probis volunt bene, ac male improbis, S
936 660 974 688 ce
191 662 749 696 Inde nos, tuos clientes inde myſtas nos tuos
190 693 781 724 Lumine irriga fauenti, ſeu Minerua, ſeu Venus.
913 721 973 756 er
191 724 770 753 Seu haris, ſeu Suada. prima ſeu Monetæ filia,
190 751 973 800 Seu magis compofta numen his es vnum ex omnibus.
468 801 601 833 Harmſynæ.
186 843 833 878 Prodigium eſt Circe, cyatho quod ſimplice, monſtra
912 866 974 904 o
216 877 733 906 In noua quadru pedum verterit illa viros.
185 905 708 940 Sic tamen, vt geſtu priuati ac voce priore,
214 938 708 973 Intus eis hominum ſenſus & aura foret.
911 933 974 969 u
181 971 816 1007 At quam prodigium tu maius es, o mea l per quam
213 1001 684 1034 Nictu oculi mentis verſa figura meæ
178 1033 912 1069 Per qu nec fera ſum, nec homo, ſed qnid, quod haben
212 1066 973 1129 Vera quidem cum ſi bellua, verus homo. dum,
282 1112 770 1144 Innuptias Ioannis Bipon tini Adminiſtratoris
437 1146 628 1172 Palatinatus, &c.
177 1186 702 1222 Ergo Palatinæ Palatinus ungitur? euge:
905 1190 974 1224 tis
840 1224 910 1262 Se
