976 1432
893 10 968 37 V
350 79 588 102 VARIA
783 80 828 102 87
151 120 604 153 Sic Laurus lauro, ſic roſa nexa roæ.
57 153 641 194 Aurum c auro, ſic baccæ bacca iugatur,
152 184 624 220 Ipſa quibus non fert India tota pares.
117 213 692 252 Nam quid habet virtus, ars, fors, natura beati;
150 246 667 284 Appoſitumue iſtis quatuor Orbis amar:
118 277 660 309 Cuius non in te cinnus Palatine coruſcet,
151 309 585 340 Cuius non in te luxurietur honos?
118 339 695 378 Nam quid habet virtus, ars, fors, natura beati,
152 370 665 410 Appoſitumue iſtis quatuor Orb s amat:
55 401 648 442 Cuius non in te cinnus Palatina coruſcet,
152 435 596 466 Cuius non in te luxarietur honos?
51 464 629 503 Macte tuis igitur tædis Palatine. cui vni
150 497 656 536 Multorum votum quod fuit ante datur.
49 529 616 565 Macte tuis igitur tædis Palarine, cui vni
151 559 658 594 Multarum votum quod fuit ante, datur.
116 588 753 631 Detq; Deus, ceu Sponſa ui gemma ordinis audit,
152 620 663 661 Sponſus item ceu fos ordinis ipſe ſui eſt:
52 653 755 692 Sic quoq gemmarum longo mox ordine gemmas,
152 685 604 716 Sic florum flores iileq; &iſta ferant:
54 714 768 758 Gemmarum gemmas, flores florum, vndenouentus
148 748 555 786 Deliciæq;, ſolo, deliciæque polo.
300 807 626 842 In ſſgiem Muricii Naſouii
117 863 679 899 O Palmis merito integris Lauresq; tegende,
1 891 659 932 Mauriti ſmaragde Martis, vnio victoriæ
56 924 789 976 Fronde tamen verdante licet ſtes timpora nudus;
149 957 798 997 Quiſq; lauros, quiſq; Palmus mente concipit tuas.
1 988 815 1030 tpote quæ Antipodum quoq; iam videantur in horts
148 1020 769 1060 reſcere. & noti inſpiratæ flatibus, palam loqui:
1 1053 639 1097 tsDonec erunt Orbi Palmæ Lauriq;, virebis
143 1083 665 1120 Maurici, Smaragde Martis, vnio victoriæ.
290 1144 634 1177 Manibus )onradi itterhuſii.
62 1190 711 1235 QucCamœnæ me vocatis, quo vocatis Gratiæ?
741 1223 812 1248 Anue
