976 1432
168 77 240 105 76
365 82 699 108 2R
172 121 758 154 Anne manibus parentem vultis Ritterhuſii
927 143 973 176 i
174 154 741 184 Ac quid ore barbitoque funeri eius accinam
173 184 797 221 Quod probet proles Bimatris auribus upidinis?
177 216 911 260 Quodq; Athena, quodq; Cypris, quodq; Atlantius nepo
182 247 783 280 Ad fluenta equina ſtrati Naiadum dictet choris?
181 278 727 313 Naiades ſed inde dulci gutturis ſymphonia
181 310 740 347 Cœtui credant Oreadum, at ſuis hæ vallibus
179 341 835 380 Rupibuſque fœ nerato transferant, ſic vt Dryas
919 353 973 385 u
180 371 768 407 Nulla ſit nec Faunus vllus cum miniſtris oli
928 386 974 415 s
180 403 739 440 Rittershuſium commendet, eius & præconia
928 419 974 446 n
179 435 722 470 Aëris latus per omne differant perenniter?
930 450 974 481 q
179 466 870 509 Ah Camœnæ Gratiæquel ah tres Deæ. ah Deænouem,
929 483 974 511 u
177 498 764 536 Audio, audio: ſed eius ni queo quod quæritis.
178 530 837 569 Lingua muta eſt: dextra torpet ſola viuunt lumina,
931 544 974 572 l
175 560 747 600 Vberiſque fontis inſtarhinc & inde lacrymas
931 579 974 604 uu
175 593 819 632 Depluunt, rigantque pectusturgidum à ſingultibus,
931 612 974 635 ts
176 623 805 666 His ſi egetis. ſum ecce præſto, meque vobis largior,
930 642 974 665 e
166 655 724 694 Præbiturus haud tyronis, enocati ſed icem.
912 672 974 703 dla
174 690 784 722 Ecce, quam mage vnda currit frontis à cacumine
911 703 973 736 va
174 721 822 754 Hoc mage ac mage inſolecit, inque lumen vertitur.
910 736 973 767 uds
174 750 848 787 Imbre macte hoc lacrimoſo &tres Deæ, o Deæ nouem,
175 784 742 813 ODeæ nouem, O Deæ tres hiſce mactæriulis
910 800 973 832 T
172 813 774 851 Eſte, non torrentibus, ſed qui perennes curſitent
910 833 974 866 u
172 847 788 881 Vos camœnæ ſed viciſſim, & vos viciſſim Gratiæ,
170 876 731 916 Fletibus mei date illud, vt fiant cryſtallini,
161 906 734 939 Deſuperque decidentes, membra Ritterhuſi
168 938 743 975 Implicent rigente gutta, lucidoque marmore,
169 969 788 1005 Quo ſepultus nec ſepultus ſit videndus omnibus
166 1001 735 1044 Dignus aut ſi lectiore Ritterhuſius mari eſt.
907 1013 972 1040 lo
166 1035 768 1076 Lacrymas meas mutate grandibus carbunculis,
932 1043 974 1067 leit
165 1066 812 1106 Succinoque candicante, adamantibuſque limpidis
165 1097 796 1135 Hoc profecto vos Camœnas, vos decetque Gratias,
165 1127 973 1171 Inſuperq; dignum amore eſt, dignum honore, quo Boui ou
165 1161 802 1203 Quoque Docti proſequuntur Ritterhuſium caput.
906 1167 974 1195 us
163 1192 973 1241 Nam quid haud dignus tegi ſit grandibus carbunculis,li
775 1238 905 1269 Succi-
