976 1432
337 73 573 100 V AHIA.
771 84 837 108 S
61 108 761 153 Suecinoque candicante, adamantibuſque limpidis,
43 149 767 186 Quidum in Orbe vixit iſto, vbique ſemper audiit,
39 176 823 211 Gemma Doctorum omnium ac Bonor inæſtimabili,
232 238 685 272 Nupiis Frideri V. Electori Palatini&c.
105 295 661 327 Iulius Cæſar petiuit iam ſenex Britannam,
83 327 647 358 Multas inde margaritas vt referret ad ſuos.
105 358 747 390 Et plureis quidem, aſt puſillas decoloreſque, aureo
104 390 638 420 In Genetticis ſacello dedicauit Cypridos,
104 421 736 453 Non voluptati vſuique æuo futuras poſtumo:
105 453 728 486 Vſque at vſque Aranearum ſordidandas caſibus,
104 485 701 518 Alitumque Gliriumque Muriumque ftercore.
107 517 692 547 Quanto autius Brtannos annis vix virilibus
106 547 639 577 Fridericus Pallatinus viſitauit? indeque
107 578 783 612 Non magnum quidem reportat margaritarum chaos
106 610 792 642 Vnam at vnicamque, quæ ſuæ haud modo Britanniæ,
105 641 651 672 Vniuerſos Vniones pondere orbe, corpore,
107 672 757 704 Sed læuore, ſed candore, cunctos Orbis prouocet?
105 704 773 736 Vnam at vnicamque, quæ ſuæ haud modo Britanniæ,
107 735 773 765 Sed Germaniæ vuiueſæ, mo Orbi vtrique plurimos
105 768 643 797 Maſculinos, femininos Vniones procreet:
104 798 719 829 Tam diu facros honore amore tam diu ſacros,
105 829 799 869 Quam diu hoc globo manebit vlla gens mortalium,
107 863 675 893 Vniones ſacro honore, ſacro amore quæ colet.
276 922 622 956 In ſepulcrum thonis rynradii.
1 949 697 1007 Qui ſepulchrum aues videre vile, cuius aſtricas
47 1005 649 1036 Nominis ſublimitate verberat fama faces?
1 1032 720 1078 Heic adeſdum vbi repoſtureſt Otho Grynradius.
318 1080 588 1110 In obitum Ioannis Caelii.
37 1118 699 1162 Mortuus quoque es Caſeli ſi modo poteſt mori
36 1159 802 1193 Quem hemis Pallaſq; amart plus qu amore mutuo.
37 1192 704 1231 Sed quia haudobnoxious eſt amoc fatis Deûm,
688 1227 801 1252 Mortuus
