976 1432
349 99 566 123 HAPPARDI.
782 100 833 123 A;.
66 140 605 188 Sic ego, placari poſſent ſi fata dolendo,
154 172 679 200 Non memini ſiccis tot mala noſtra genis.
63 202 703 243 Ah quoties lubiti certam mihi funeris horam
151 234 631 267 Auguror, & ſtructos i mea fata rogosl
60 263 700 300 Ah quoties vouiſſe aliquid, lacrimaſq;, dediſſe,
152 296 620 330 Irritaque effectu verba carere pudetl
57 326 713 361 Nam puto, ſentimus meritam ſi numinis iram,
58 358 592 392 Iampridem eſt annis illa piata ſuis.
60 391 750 429 An genus hoc fati, quod iam commune tenemus,
155 418 677 456 Vitaque ad extremum nubila ſemper erit?
59 449 715 485 Paruus adhuc linguæ ſtudio, greſſuſq; tenebar,
157 480 712 519 Cum primam pairiæ peſſima cœpit hiems.
127 511 729 547 Omnia nam nemini, ſubito plangore ſonabant,
157 544 609 581 Inq; genus multis impetus ire fuit.
123 572 699 610 Mœſta ſinun lacrymis mater perfuſa ſedebat,
155 606 659 642 Plurimaque in vultu ſigna doloris erant.
126 634 706 677 Ipſe etiam luctus flebam quaſi conſcius eſſem,
160 670 684 699 Sed rudis ad cauſſas, nec ſatis aptus eram.
126 695 728 730 Clamabam, miſeros cur ſic petis vngue capillos?
161 733 621 763 O mea me mater ſoſpite viue, precor,
126 752 804 796 Sed tamen hæc paterer, quidenim moderatius illis?
162 792 623 829 Si non perpetuo ſint toleranda mihi,
130 823 666 863 Vtque ſolet fieri tumidis inamabile ventis,
158 855 646 892 Interdum poſitis fluctibus ire fretum:
128 884 709 926 Sic ego cum tulerim primis patienter ab annit
160 917 609 951 Plurima, iam fato proſperiore ferar.
129 944 682 990 Quis magis ad Troiam duro vexatus Vlyſſe?
162 981 650 1016 Incolumis patriam contigit ille tamen.
129 1010 657 1053 Ipſa etiam belli tetigerunt Pergama finem
162 1043 607 1074 Et cedit nobis Troia, minuſq; rulit.
130 1071 716 1112 Cum duce Neritio geminos hæc ſenſit Atridas;
161 1103 698 1144 Turpe quibus caufſam non tenuiſſe foret.
130 1133 743 1176 Crimina quæ vitiant quæ.nos periuria damnant?
164 1170 629 1207 An capere inſanus tela coegit amor?
131 1200 652 1234 Troes in armiferæ viuebant cllibus ldæ,
562 1228 825 1258 aIpſa,
