976 1432
906 15 961 43 4
323 98 544 121 HAPPARDTI.
757 96 823 124 S
62 140 711 185 Tam fuerit indomitus Mars, dira licentia ferr
134 176 652 207 Omnia conquaſſat, paxq; quieſq ia cent.
58 205 712 241 Numina Pieridum pedibus ſuppresa videmus,
143 237 656 265 Cradiuus ſtudiis no ſinit eſſe locum.
112 268 717 305 Quocumq; adſpicias. nil non miſerabile cernes:
147 301 575 332 Onimtum patriæ certa ruina meæ
53 330 671 364 Sol vagus, & triſtes præbent ſubeuntia vultus
147 362 566 391 Sidera, formoſos inficiuniq; dies.
56 377 735 429 Et quaſs ſentirent, volucres lugere videres,
149 424 615 460 Inque ſuas rigidis vnguibus ire genas.
116 453 707 491 Adſpicis vt primis ſegetes moriantur in herbis
152 487 636 523 Atuaque pugna ci proterat hoſtis equo?
122 516 687 553 San uine miſcentut fluuii, fonteſq; lacuſque;
155 548 602 578 Paſcua funeribus luxuriantque ſuis,
119 578 697 616 Atque reliquis rigido campum fiſſurus aratro.
156 612 577 646 Ceperat inuita ruſtica ela manu
124 641 717 676 Nec mora, quid demens & ait temerarius opto,
161 673 650 702 Vt meus in ventos hic la bor omnis eat?
127 701 725 738 Scilicet ipſe Notos cultis, Lephyroſque timebor
163 733 688 770 Quæq; mea non ſint falce metenda, ſeram?
126 766 622 803 Ipſe precaturus votuix candida templis
165 796 658 827 Oona feram; donis alter habebit opem?
131 826 727 863 Dixetat, & lacrymis ſubito pudibuudus obortis
166 860 624 896 Pergit ad anguſtæ limina parua caſ.
130 889 661 927 Ah quando melius digna nece fata luiſſet,
169 923 676 958 Qui primus teneras tgit ad atma manusl
132 954 560 983 Ille fuit verè ferro nutritus acerba
170 984 667 1019 Qui mouit primu bella acieſque tulit.
140 1016 725 1052 Heu quoties lugere ſuum noua nupta maritum
162 1048 629 1082 Cogitur, & mœſti funeris e ſſe comes.
140 1078 741 1110 Conueniunt, miſeræ parirer planuntq puellæs
177 1112 653 1142 Hæc laniat crines, vnnibus illa genas:
144 1143 687 1176 Altera per tumlos præeep. & buſta mariti
179 1175 686 1202 Fertur vt ad ſacros ænas itura choros.
148 1208 777 1243 Quo ruitis?remanete, precor quicumque per arma
524 1239 840 1265 l4 Audetis
