976 1432
905 17 950 45 4
331 81 544 108 HAPPARDI
743 85 801 108 88 9
64 126 688 158 Beſpiceme potius. feſſumque ætate parentem;
60 158 575 190 Exigit officium tam pia cauſa tum.
25 182 662 228 Etface, vt Atridæ rapta pro coniuge pugnent;:
123 220 579 254 Vindicer offenſas læſus vterque ſuas.
54 248 750 287 Quæ tibi cauſa viæi num te quoque Troicus hoſpes
126 282 510 315 Iratum pouit demeruiſſe ſibis
1 307 698 367 Siue tamen properas abituraque vela parabis,
129 344 644 374 Siue manes miſeræ ſis memor vſque mei.
53 375 691 416 Nec ſatis hoc fuerar, tereus retiuebat euntem
130 408 581 444 Sic Danais Nereus vaticinatus erat:
3 416 673 483 nachi turba mane, non eſt ſine vindice Troia?
132 468 673 505 Hei mihi quo properas? Inachi turba mane.
33 497 747 538 Quid tibi cum Tenedo? quid cum Priameide terra?
136 530 629 564 Hectora ſi neſcis, Deiphobumque vide.
1 534 57 567 -
53 561 687 607 Vos quoque Tantalidæſearo damnabitis iram,
133 594 639 631 Cum rapiet veſttas impi ger Hector opes.
2 620 712 670 Sed non bis Danai monitis ne atris Achilles
133 656 582 692 Paruit; & pœnas morte dedere ſua.
101 687 594 723 Scilicet ect rigidi ius irrenocabile belli:
131 715 671 757 Pugna nocet, meritis nec locus vilus adeſt.
101 751 614 784 Inunc, armiferæ votum molire Mineruæ,
129 779 656 821 Dignaque cum plauſu præmia miles habe.
106 811 713 852 Captaquee cum titulis victorem turba ſequatur,
85 844 594 884 Temporibus vultu conueniente ſuis,
101 873 677 916 Quin potius pax alma veni, conſtrictaq; ferro
132 905 632 939 Martia cum buſtis ſint p rocul arma ſuis
1 925 29 948 5
101 936 630 972 Aut etiam deſerta licet poſt bella ſuperſint
133 970 552 1004 Arma, ſed in ſolas irreligata feras.
100 998 670 1040 Tunc pia fumoſis adolebit cinnama templis;
134 1032 622 1072 Optabit multos tun ſibi quiſque dies.
102 1068 660 1103 Tunc validis durum taniis adiunget aratrum
1 1086 57 1122 hi
133 1096 631 1128 Ruſticus & molli ſemina ſparget humo.
1 1128 679 1189 Et modo flauentes ſpicas, modo colliget vuas,
136 1162 558 1197 Et ponet merito ſpicea ſerta Deo.
1 1190 775 1251 Hæc ego nunc, nec enim quidquam ſapientius opt,
545 1220 798 1251 Rl5Di
