976 1432
303 102 509 126 RDIN
727 107 772 127 E
212 162 669 194 In obitum l. onleilii Chriſiophori F.
36 201 609 234 go hæc decreto ſtat lex ſancita Deorum,
1 234 625 269 Abſtincat nulli mors vt acerba manum:
4 266 710 306 Sed rapiat quemuis nullo diſcrimine, & vnam
116 300 678 332 Quodcunque eſthominum cogat inire viam:
13 325 698 371 Non formæ aut ſexus rationem aut ſtirpis auitæ,
115 360 658 395 Denique non morum non pietatis habens?
52 387 631 434 Crudelis lex hà, Mors hâ crudelis & his vos
118 423 606 459 Simplice crudelesplus vice Væ ſuperi
1 449 781 498 Iam demum experior; non vos vnquam vlla momordi
123 486 582 515 ura hominumrcœlo vilior iſta cluit
9 509 642 559 Interea blanda prece, thure litamus & auro,.
127 547 627 585 Spargimus & erebris limina veſtra roſis:
53 579 637 624 At non porro ego ſic:intempeſtiua ſororuam
125 612 574 639 Penſs ſe catuas nec cohibere manus
1 626 62 656 u
56 642 600 689 Si nihil iſta valent. atqui nihil iſta valere
130 674 608 703 Daſſonleuilla eſt teſtis acerba domus.
1 697 666 750 Quæ magni natum patris& decus & ſolamen.
138 733 643 773 Atque vnam ſenii ſpem requiemque ſui
58 765 640 800 Heu nimis inuiſo cinefactum cernere buſto
132 798 604 836 Cogitur, & lacrymis polluere ora piis:
56 830 613 868 Et quos debuerat Naruræ lege Parenti,
136 861 612 898 Hunc ipſum proli iam facere inferias.
3 887 58 916 s
103 893 588 931 Opudotlo humanatum deluſio reruml
136 924 571 959 Et ſemper vitæ fata aligna bonæl
56 954 690 996 Eius ſuet tolerandi obitus quem grandior ætas
93 985 632 1023 Duxit & ad metam curua ſenecta ſuam
1 1019 647 1052 At tu ſu prima rapers, Gulielmi. iunenta,
140 1049 612 1078 Et nondum medios occidis ante dies.
1 1078 721 1112 Non temerè ante dies vel meſſis tempora, ariſtas
142 1112 618 1148 Quantumuis anidus demetit agricola;
61 1144 585 1181 Aut immaturas dece rpit vinitor vuas;
142 1175 619 1212 Ruſticus & niſi ſint mitia poma legit.
742 1224 801 1245 Tu
