976 1432
310 85 518 111 HARDVII
727 97 779 119 893
60 125 631 157 Horum vbi tunc vſus?tunc vbi dia manus?
20 152 616 193 An tua te tenuit Delos, an Delphica Pytho?
115 188 525 218 An vero Lyciæ ſacra rubeta tuæ?
13 221 675 254 Atque iſtic potius te tunc ſopor altus habebat
54 251 664 286 Dulciſonum ad murmur lenè fluentis aquæ?
53 278 691 315 Pro pigror torporque:& nos ſacra turba vocamur
52 314 522 342 Scilicet & curæ dicimur eſſe tuæ;
26 340 577 381 Vt te ſic ſtertente & colludente. re pente
56 377 546 409 Oppreſſi, ad nigri limina nigra Dei
52 400 619 442 Siſtamur, pauci miſcendi pluribus vmbris
53 440 602 472 Non gnatis gnari, non rudibuſue rudes
53 467 747 508 Bt nos porro etiam ſtudio impalleſcere & æuum
54 504 597 534 Conterere in rerum cognitione iuuet,
53 525 680 565 Hincque ſibi ante annos capitis atceſſere canos,
53 565 519 596 Et noctes lippis euigilare oculis?
53 593 663 633 Phœbe vale pariter cytharæque lyræque valete;
107 629 557 660 Quin valeant arcus & tua tela pater.
45 650 663 694 Queis olim ſtrauiſſe refert Pythona ſuperbum,
51 690 584 717 Plane in ridiculum fabula ficta iocum:
10 714 766 767 Quando equidem haud mortis potuere retundere fal-
188 760 258 778 Cem,
52 775 566 815 Ettibi deuotum hoc aſſeruiſſe caput.
32 812 738 849 Sed quid ago & quorſum me fers petulantia linguæ?
52 847 585 878 Cur iacis in magnos aſpera verba Deos?
11 868 646 915 Phbe ignoſce precr læſique ignoſcite diui:
52 910 613 939 Non culpa hic veſtri criminis vlla ſubeſt.
2 921 660 970 Nam rata ſtat Parcis hæc lex adamante moueri
49 971 631 1002 Non vi, non merito, non prece. non pretio:
1 989 733 1034 iSed quemcunque ſemel mens harum deſtinat Orco,
49 1034 530 1064 Non illi vitam proroger ipſe louis.
2 1063 761 1099 Saltim hoc Phœbe tu eſt, quod non ille omnis obiuit,
51 1096 535 1128 Et quod parte ſui ſit meliore ſuper.
1 1124 729 1172 Quare agedum, Guilielme, aliquis ſi ſenſus in vmbris,
52 1160 578 1190 Vt certe eſt, iſthoc nomine plaude tibi
3 1190 695 1229 Atque adeo imprimis tua quodRes publica vatum
653 1233 755 1259 Nomina
