976 1432
445 72 671 101 FA NCI sCI
205 75 257 101 94
931 87 973 123 i
238 117 733 149 Nomina non merit laude carere finat:
915 125 973 163 e
205 151 828 186 Quodq; tuos Maneis veneretur honore ſepulchri,
210 182 746 212 Quod non longa dies diruat aut ſenium;
206 212 830 249 Sed laudum memor in centum ſtet ſæcla tuarur,
237 245 790 272 Facta vbi erunt aurum marmor, &æta cinis,
206 277 796 310 Sentis immiti te vt plangat morte peremptum
230 308 769 341 Meyerus ad duplicem voce gementeyram
928 318 974 346 lue
208 340 743 368 Sentis vt triplices nimiumcrudelia Parcas
919 349 969 383 ie
239 371 737 401 Numina tantini docta Camœna vocet?
207 403 793 435 Vrgeat vtque tuam numeroſus Lautins vrnam,
240 435 735 465 Et Liefvelt Flandro Belgicus ore Maroi
208 466 785 498 Qui licet ingenio ſuperent me ſingul: & arts
239 498 726 523 Attamen officiisnon ferar eſſe minor.
199 529 831 561 Sed taxo implicitus ſoluam tibi iuſta quotannia,
240 561 758 593 Et ſparam tumulum lacte meroq;tuum.
209 591 973 634 Interea hos queſtus atque hos nunc accipe luctus:gnsl
231 622 665 653 Sicoit cineri pax, Guilielme, tuo.
894 670 973 699 m
360 685 731 716 Maimilianus de Vriendt. Anar.
916 696 973 725 i
917 732 972 760 iiiu
325 748 701 774 Anumam Ri Delius indit.
211 810 806 839 Dum mecum Aonio ſtllantem nectare venam
245 843 701 873 Carminis obſtupeo, docte Poeta, tui;
212 875 869 906 Et Genium, enereſque & non ſine pondere & arte
249 906 740 937 Hinc ſa e conditos mellinia inde iocos;
214 937 783 969 O quoties dixi, non hæc ſine numine Diûm,
244 969 694 994 Non hæc humana dexteritate facis
214 1000 914 1034 Sed reor, iſta facis Phœbo duce, & auſpice Phœ.
911 1024 973 1059 i
365 1031 406 1059 bo
245 1060 772 1092 Maior enim humano ſpiritus ifte ſono eſt.
911 1091 973 1115 Il
213 1095 789 1128 Falloi? an hoc ipſum ſic fimat & innuit eſſe
247 1128 816 1159 Hoc anagramma tui nominis omen habens?
216 1156 973 1190 Omen hahens anagramma anumam Rex Delius in. lget
911 1185 974 1220 N
344 1190 392 1225 dit.
827 1223 917 1260 Otlb
