976 1432
333 65 546 101 HA DvI
754 85 806 107 69.
125 111 620 148 O ribi non olim nomen inane datum
55 143 705 184 omen,ſed ratio quod con ſtans finxit, & in quo
1 167 598 212 )Hoc quod es, occulte Divoluere tegi.
1 232 59 266 ur
223 242 664 274 In ma. Vriendii libros Epigrammatum.
1 299 697 333 : oſtobitum in varas anitmas decedre formas,
1 333 562 365 r Adducor tecum credere, Pythagora.
49 363 631 402 Vrientius in cauſſa eſt, ſalſo cui :rincta ſuaui
125 398 593 427 Aura tam lepido carm ine vena ſa lit;
1 400 52 422 i
31 419 670 467 Blbiblium vt ures ipſi immigtaſſe Poetam
120 460 621 493 Aut ipſum q ondam Bilbiblico potius.
185 521 712 553 Iuſti rſa duin Franoſci filii in contrariam ſe-
373 556 502 579 en tiam
23 609 606 644 Paee tua Paier, eſt Samii ſententia vana.
126 643 648 674 Et vetat hanc ſanam credere ſana fides
54 673 696 708 At quondamxtrema moriens teſtatus in hor
131 707 683 735 Bilbiblicus Vriendo plectra lyramque dedit.
93 736 728 768 n mirum eſt igitur, ſs terſa Epigrammata ſcribat,
128 768 615 800 Condiat & parili mellinia atque ſale?
233 864 648 896 DANIELISHEINSII
210 916 635 940 ELEGIARVMLIB. i,
218 968 669 1004 Ioſepho Scaligro Miſas ſuas, conmmenda.
11 1029 70 1052 (
101 1024 727 1060 Vid mihi barbaries faciles in carmina Muſa,
131 1055 675 1088 Aut hederas damnas, duicia ſerta meas?
46 1084 681 1123 Nil mihi vobiſcum eſt ſatis eſt ſi cætera deſunt,
125 1118 608 1151 Inuidiam merui nec pudei eſſe reum.
1 1150 667 1203 u Pegeneres animi, ie pidis gens inuida cutis,
123 1183 663 1220 Mil mihi vobiſcun eſt, me meus ardor agit
736 1219 787 1250 M
