976 1432
314 70 525 104 ELEG. LIB.I.
701 91 803 119 27
112 117 656 151 Succubuit lachrimis Nympha pudica tuis.
1 142 68 169 ua
27 150 677 184 Succubuit placidiſq; genis, teneroque pudori,
63 182 677 213 Tant aque tam paruus pectora flexit Amor.
61 213 559 252 Illinc Iuliades noſtro ſe iſcuit orbi,
123 244 645 279 Et nimio ingratam lutuine fecit humum.
36 274 581 317 Dignior illuſtres inter vixiſſe Quirites.
123 305 632 341 Haud capiunt tantos ſæcula noſtra Deos.
12 332 669 378 Oanimæ, O Brenni genus inuictique nepotes,
9 367 623 406 Fortunæ O nimio fulmine tacta domus,
56 398 628 446 Scaligerum genus, o æterni Cæſaris vmbra.
129 424 689 467 Hinc decus hinc nobis ſurgere pergat honr.
1 460 709 508 Iammihi mens circum trepidis ſubſultat anhela
128 492 613 527 Moibus, & primo laudis amore calet,
1 521 681 574 Scinti aſque animo nec lentos concipit ignes
129 558 635 591 Et rapiunt dubias nomina tanta manus.
1 587 640 640 .Liuor abi rege vela pater curſumque poetæ
117 618 545 654 Iuliade. vates regia turba ſumus,
233 678 649 712 A Nic. Hſeinſium è GCallia redu.
404 714 497 742 Eleg. l.
8 739 670 785 Ergone tam gratas potuiſti linquere terras,
130 770 694 808 In Barauoſque, Heinſi noſtraque regna venii?
13 784 641 850 Hactenus in noſtris poruiſti nærere pruinis,
133 834 653 868 Nec tua mitis adhu pectora flexitamor?
58 865 665 903 Liuia iam n:œſtis lachrimas eſtillat ocellis,
1 889 604 936 Et quæritur fluxam ſola relicta fidem.
58 924 714 963 inumrat cunctas miſeranda ex ordine noctes,
138 959 585 991 Dinumerat cunctos ſola relicta dies.
2 987 725 1028 Forſitan & pontum lacrimans proſpectat &vndas,
132 1020 650 1061 Quotque videt pppes, tot putat eſſe tuas.
2 1054 637 1088 Et nodo crudeles caſſatur neſcia ventos:
135 1087 629 1125 Er modo trbatas neſcia culpat aquas.
56 1114 655 1165 Et modo de Batauis ſcrutatur multa puellis:
136 1149 625 1185 Scilicet an placidas gens ferat illa deas.
65 1182 569 1227 Et timet infelix, alio ne ſaucius igne,
761 1210 796 1233 In
610 1211 657 1236 LII
