976 1432
327 85 537 111 ELEGL.t.
756 96 814 115 ua
61 122 711 157 Cumque ſis blande confundet tempora Mufis
102 156 544 184 Et patrios fine, & ſua rura colet,
58 188 610 212 Hic taciti lætis voluentur curſibus anni:
140 219 599 249 Nouerit & vatem Flardria ſola ſuum
1 231 60 254 i
54 249 669 281 Roſſa comes tantum faciles ſpirabit amores.
140 280 557 311 Vna voluptatis pars erit illa meæ.
52 311 632 344 Illa mihi noctis tacitas ſermonibus horas,
141 342 616 372 Et nimium longos non ſinet eſſe dies.
53 372 637 408 Interea ſurgent gens dulcis ad oſcula nati,
142 404 666 437 Circuet & parum garrula turba domum.
2 419 705 467 IHeinſiadeſque aliquis patrio de nomine ſurget
143 469 671 499 Inque meos vltu non graue curret onus.
110 497 602 523 Ille ſuos blæſo narrabit murmure luſus,
138 530 593 561 Et patrias ſen ſim diſcet amar Deu.
103 559 666 593 Ah quoties Roſſæ teneras ſe fundet in vlnas.
144 592 627 623 Lætaque conſpecto pignore matet etit.
110 621 640 652 Seilicet &nimiun pnero gaudebit in no
147 652 623 677 Eſſe ſuos oculo dum videt, eſſe meo.
82 684 698 715 Sic iterum blandi noſtrm reuireſcet vterque
146 715 588 746 Parſq mei, Roſſæ pats erit illa meæ.
111 746 603 779 Ruſq; ſua paruos ditabit fruge Penates.
149 776 629 806 Nec veniet domino meſſis iniqua ſuo.
112 809 670 841 Ipſa que terra ſuum venerabitr aura vatem:
150 841 595 871 Et gremio iuſtas vbere fundet opes.
114 873 644 901 Lærus abtrantes dedueet Ttyrus agnas.
151 901 643 934 Graminaque emiſſas in ſua coget oues.
116 933 648 966 Hic ego ſecurus tranquilla per ocia terum,
154 964 567 993 Inueniam Mſis ocia digna meis.
1 992 665 1037 Aſpiciam lenes trepidare iuglorius vmbras:
151 1028 679 1058 Aſpiciamt:emula eder numu: aquas.
118 1056 714 1086 S cilict haud ills abrimpent unera ſomms
157 1088 628 1120 Publica: nec curis hic locus vllus erit,
125 1120 643 1151 Nunti interea tenerum veniſſe poetam
160 1151 623 1184 EBatauo ga sdens littore Roſſæ mihi:
3 1183 664 1216 Exiliam. blandaſque ſcrar difuſus in vluas:
3 1217 62 1241 I
789 1220 869 1254 Et
583 1216 684 1243 Lll4
