976 1432
451 75 650 103 DAN. HEIN.
168 82 232 104 904
915 102 973 140 i
212 113 754 150 Et mihi quiſquis erit, protinus hoſpes erit:
924 140 971 171 M
182 147 971 202 Roſſa focum, tenuemque ſuo ſtruet ordine menſam,,d
216 178 703 211 Et faciles epulas, blandaque vina feret
186 210 727 243 Illa dapes dulces riguo depromet ab horto,
220 242 732 273 Sponte ſua quales iuſta miniſtrat humus.
187 273 693 310 Et leuiter primis ſtillantes roribus vuas
218 305 667 336 Addet & è calathis mitia mala ſuis,
188 337 672 370 Cornaq, diuitiaſq; ſui donabit agelli,
211 367 641 401 Et niueæ teſtes ſimplicitatis opes.
187 399 806 436 Forſan & occumbet media tener agnus in herba,
930 398 973 418 M
219 431 775 466 Et patriam tinget ſanguine pinguis humum,
189 464 776 495 Sed tamen accedent hilares ante omnia vultus:
220 494 766 530 Heinſius hæc ſecum munera ſemper habet.
188 527 759 558 Sed tamen & lætus placidè ſpumabit Iacchus:
220 557 683 591 IIle domat curas, lætitiamque docet;
189 588 798 623 Hic ego dum priſcos placide complectar amicos
219 620 685 652 Et repetam vitæ tempora prima meæ,
943 620 974 651 1;
190 650 724 684 Sponte ſuæ pleno decurrent pectora Muſæ,
220 681 701 713 Et mihi pro Phœbo plenior autor erit.
188 712 739 750 Ah miſer, ah fruſtra patriæ dulciſſima regna.
219 742 628 779 Infelix animi ſollicituſq; petis,
189 774 798 812 Quo fugis ah demens; nimios via diuidit auſus,
912 776 972 810 i
219 806 667 837 Qua tibi non, votis ſed licet ire tuis.
400 871 659 905 Fabula Rrû Elgia V.
911 874 974 904 u
189 932 758 967 Cutta leuis ſummas humecta leniter herbas,
217 965 740 995 Blanda comes veris; dum mea vita venit.
938 973 972 995 E
185 995 695 1030 Te ſine nam torpent diuini gaudia ruris,
217 1027 653 1063 Et ſitit infelix, & perit omnis ager.
939 1038 974 1065 St
183 1059 840 1091 Te roſeo quondam lachrimam ſtillauit ab ore,
218 1091 715 1125 In virides herbas ruraque, Diua Venus,
937 1098 974 1128 q
184 1122 690 1156 Fabula narratur toto lepidiſſima cœlo:
216 1154 712 1183 Hactenus in terris non tamen illa fuit.
181 1186 767 1226 Epediam Superi: Venus aurearidet, & inquit,
910 1193 973 1224 M
833 1228 880 1252 Dii
