976 1432
331 78 567 112 ELEG. LIB.I.
753 94 806 114 Sos
130 125 621 157 Di faueant cœptis, blande poeta, tuis.
2 157 595 201 e. Etprocul extremas Syriæ felicis ad oras
135 188 595 219 Ad Libani primos terra beata pedes.
54 219 681 253 Improba non illam penetrauit Græcia ſedem,
2 235 56 264 u
137 251 623 282 Triaq; mendaces non tulit illa viros.
56 282 674 314 Simpiiiahabitat: niueus candorq; iocuſq;:
140 313 616 343 Ili ſtlum: paſtus nectare rider ager.
55 344 692 377 Verque ſuum ſibi terra facit:Sl ipſa Dione eſt,
140 375 694 408 Quaque venit Diuæ ſub pede vernat humus.
55 403 776 441 Quæq; loquor vidi:ſubeunt namque omnia vates,
143 437 666 471 rſq domus blandæ Cypridis ipſe fui.
50 467 770 511 Hic ſtis extinctum poſtquam miſerata maritum eſt,
144 501 524 539 Ingemit natæ triſtia fata ſuæ.
120 530 722 564 lchra Venus blandæ gemuit diſcrimina natæ,
147 561 608 594 Et vida hoc ipſo tempore Diua fuit.
51 595 704 631 Liber Ayvmonen ſimul & Neptunus amarunt,
145 626 588 659 Progenies noſtræ nam fuit illa Deæ.
56 651 754 688 Dulcis mymonen Venus. & quis neſcit?Adonis,
145 687 588 717 Edidit ad ripas, Eybliis vnda, tuas.
52 714 758 758 Aſ. cit hanc furuis, Semeles, dum tendit ab Indis,
146 749 621 779 Natus, & vt viditiumina, victus amat.
52 778 676 822 Eſtque venus, dixit, Veneris vel filia certè eſt,
146 812 547 846 Et Satyros iuſſit lentius ire ſios:
54 840 716 876 Vidit & hanc vaſtas qui ceſpide temperat vndas,
147 875 612 902 Et ſimul in mediis neſcius arſit aquis.
56 902 752 938 Inſtat amansilli Deus hinc, Deus imminet illhinc,
145 937 617 972 Et veniunt faciles ad ſua bella manus.
1 966 702 1010 sHæret in ambiguo Venus, & quia poſcit vterq;,
146 998 654 1033 Dulcia quæ poſcit præmia, neuter habet.
1 1019 59 1044 l
115 1029 680 1066 Sæpe ferunt illam niueas iunxiſſe columbas,
145 1062 619 1096 Et lachrimis generos ſollicitaſſe ſuos.
3 1092 670 1144 u Ah quoties priſcos Libani ſua tecta, Penates
144 1126 663 1160 Liquit, & ad patrias languida venit aquas.
60 1156 729 1191 Ah quoties mœſtum lachrimis aggreſſa Liæum,
143 1190 580 1222 Detinuit tenera tygridis ora manu.
572 1219 874 1258 Lll5Altius
