976 1432
335 74 536 97 ELEGIB.
752 81 801 100 7
123 113 608 141 Credibile eſt oculis non habuiſſe ſuis.
2 129 43 158 t
39 147 737 184 Chlorida gaudentem trahit in ſpectacula; ymphas
134 178 575 208 Illa ſuas: ipſos res mouet illa Deos.
59 208 626 237 Aſtra ferunt illis Superûm cariſſe diebus
133 239 596 267 Cœtibus, & ciues non habuiſſe ſuos,
1 263 600 310 onuenere Dei lepidos ſubiere Penates:
137 301 612 335 Hoſpitium cunctis Cypridis aula ftit,
1 323 736 371 Ipſa Venus ſpectatiteneræ mens blanda Dionæ est
136 363 612 392 Vlterius natam ec Dea mœſta gemit.
55 394 670 431 Colligit vndantes ALephyrus per paſcua rores,
137 425 598 459 Imbribus his pennas inficit ilie ſuas,
1 456 692 490 lHinc Deus arentes. quoties volat, inficit agros:
138 487 763 519 Et lachrimis lætam nunc quoque reddit humum.
56 518 765 556 Dulcis huus ridet laehrimis quis credat?& optat
141 549 687 579 Sic Venerem lachrimas fundere sæpe ſuas.
104 580 708 617 Cauſſa patet: blandas Cytherea mouit habenas,
141 613 582 641 E ſonitum faciles edere iſiit aues.
55 640 687 680 Omnia cognouitnec enim Dea notior vlla eſt,
142 673 645 710 Inque me quæ plus pe ctore iuris habet.
1 702 743 743 Digna Venus, noſtra res hæc mihi viſaCam œna es
143 736 639 766 Nomina nam Roſſæ ros dedit ille meæ.
309 801 592 838 Fabula Siderum leg. VL
104 860 691 894 Ctheris è ſummo qui tollitis æquore vultus.
146 893 654 931 Dii vigiles noctis:nocis alumna cohors,
57 923 630 961 Currere quos toto iuſſerunt numina cœ lo
141 956 605 987 In ſtat ione ſua ſed magis ipſa Venus,
114 984 688 1020 Ad dominam pergo dum nox indulget amori
147 1020 572 1047 Dum nox atra ſaos flectere equos.
110 1046 745 1086 Vos quoque, turba leuis, vos talia gaudia qondam
147 1082 532 1110 Et ſimiles cura deiinere meis.
114 1111 731 1148 Vos ouoquehuſit Amnr, fn ciles aduertite ultus
149 1144 615 1178 Dum plada cli curriti ante fores
2 1172 60 1190 s
117 1174 655 1214 Cynthia permittit, nec inexorabilis illa eſt,
758 1206 812 1231 En-
