976 1432
332 81 534 119 ELEGLIB. I.
730 98 788 118 Do9
46 123 617 160 Sidera quæ tandem lepidi dixere nepotes.
109 155 723 191 Hinc ſibi non duram mens mea ſpondet opem.
206 219 677 252 Elgias aliqut amias deplorat. Eleg. VII.
18 275 546 323 Ite leues Muſæ teneri periere libelli:
119 314 724 346 Quæ modo condideram carmina, ventus habet,
31 336 737 384 Quod peperi infelix, pro me tenet improbus Auſter.
118 377 624 408 Surripuit fœtum ferrens ille meum.
23 400 640 449 Ipſe Deus noſtrogemuit miſeratus amores,
54 441 652 472 Perditaque infelix camina quærit Amor.
50 467 619 510 Inuia perluſttat, latebrasſcrtatur inanes,
63 503 662 535 Antraque percurrit ſaxaque blanda Venus.
19 527 628 574 Scrutatur lepido ridentemnectare ſyluam
118 566 722 598 Quam Veneres par æ am colit omnis Amor.
49 598 644 630 Ah periit labor ille mihi:ma cura, iocique,
118 629 654 659 Et mea cum ventis pignra mentis eunt.
48 656 722 700 Atthida qui rapuit noſtros quoque perdidit ignes
120 691 739 724 Vt quondam Boreas, nunc quoque crimen habet.
48 716 707 765 Q d tibi crudelis mecum eſtquis carminis vſus
91 754 637 784 Eſt tibi? num Iuſus, num mea furta leges?
1 784 570 835 Aptior es vaſtas pelago iactare carinas:
120 818 521 847 Et maris inſanas ſollicitare vias.
82 848 644 876 Perdiditinſontem abies tua neſcia Musam,
117 882 632 912 lnnocuoſque modos, & leue pacis opus.
85 912 650 944 Non mea ſudantes iactauit ſanguine campos
116 944 567 976 Pagina, nec verſos in ſua bella viros.
3 975 621 1006 Sed faciles curas, & gaudia prima iuuentæ,
114 1006 617 1038 Et nocuit nulli q od male perdis opus.
29 1038 675 1076 Haud impune feres, ſcierum ſcribere tuorum:
115 1070 638 1101 Hippotadæque tuum carcere nomen erit,
1 1101 603 1146 Perfide, ſex faxo claudare ex ordine ſoles:
1 1133 673 1165 Hoc precitm hæc culpæ pœna futura tuæ eſt:
4 1160 563 1195 Interea leuiburoris pater aureus alis
115 1197 582 1230 In vacua egliyrus luxuriabit humo.
740 1232 782 1259 Ille
