<PcGts xmlns="http://schema.primaresearch.org/PAGE/gts/pagecontent/2017-07-15" xmlns:xsi="http://www.w3.org/2001/XMLSchema-instance" xsi:schemaLocation="http://schema.primaresearch.org/PAGE/gts/pagecontent/2017-07-15 http://schema.primaresearch.org/PAGE/gts/pagecontent/2017-07-15/pagecontent.xsd"><Metadata><Creator>User123</Creator><Created>2020-04-19T08:48:34</Created><LastChange>2020-04-19T08:48:34</LastChange></Metadata><Page imageFilename="1130.png" imageHeight="1432" imageWidth="976"><TextRegion id="r0" type="paragraph"><Coords points="1,1 974,1 974,1430 1,1430"/><TextLine id="r0_l001"><Coords points="90,1 90,25 126,25 126,1"/><TextEquiv index="1"><Unicode></Unicode></TextEquiv></TextLine><TextLine id="r0_l002"><Coords points="351,1 351,15 415,15 415,1"/><TextEquiv index="1"><Unicode></Unicode></TextEquiv></TextLine><TextLine id="r0_l003"><Coords points="906,1 906,15 969,15 969,1"/><TextEquiv index="1"><Unicode></Unicode></TextEquiv></TextLine><TextLine id="r0_l004"><Coords points="340,15 340,47 479,47 479,15"/><TextEquiv index="1"><Unicode></Unicode></TextEquiv></TextLine><TextLine id="r0_l005"><Coords points="906,15 906,45 954,45 954,15"/><TextEquiv index="1"><Unicode></Unicode></TextEquiv></TextLine><TextLine id="r0_l006"><Coords points="50,39 50,53 94,53 94,39"/><TextEquiv index="1"><Unicode></Unicode></TextEquiv></TextLine><TextLine id="r0_l007"><Coords points="599,44 599,71 804,71 804,44"/><TextEquiv index="1"><Unicode></Unicode></TextEquiv></TextLine><TextLine id="r0_l008"><Coords points="649,69 606,69 598,67 594,64 548,63 541,69 539,75 533,75 531,67 526,62 514,60 310,59 310,99 649,99"/><TextEquiv index="1"><Unicode>gE i</Unicode></TextEquiv></TextLine><TextLine id="r0_l009"><Coords points="785,91 785,111 834,111 834,91"/><TextEquiv index="1"><Unicode>SI3</Unicode></TextEquiv></TextLine><TextLine id="r0_l010"><Coords points="716,113 703,112 588,112 441,105 153,105 153,138 270,138 304,136 354,136 474,141 716,141"/><TextEquiv index="1"><Unicode>Nec magis immitis, nec magisrma muet.</Unicode></TextEquiv></TextLine><TextLine id="r0_l011"><Coords points="753,151 676,150 663,148 628,147 530,146 494,142 435,141 354,137 304,137 270,139 141,139 119,136 103,136 94,133 88,127 67,127 67,175 92,175 99,170 108,169 414,169 520,172 551,175 753,175"/><TextEquiv index="1"><Unicode>Nec minor eſt Veneris, quam ſa ui gloria Martis:</Unicode></TextEquiv></TextLine><TextLine id="r0_l012"><Coords points="640,178 595,178 469,171 155,171 155,202 437,199 534,203 640,203"/><TextEquiv index="1"><Unicode>Vos patriæ curatn, nec minus illa gerit.</Unicode></TextEquiv></TextLine><TextLine id="r0_l013"><Coords points="717,205 714,204 697,204 689,208 646,207 614,208 533,203 500,203 437,200 368,200 220,203 148,202 128,203 124,205 101,204 63,205 63,239 91,239 99,233 297,233 345,231 540,232 578,236 640,237 666,239 717,239"/><TextEquiv index="1"><Unicode>Illa viros Mart: patriæ Mars tradit nabendos:</Unicode></TextEquiv></TextLine><TextLine id="r0_l014"><Coords points="154,232 154,259 623,259 623,232"/><TextEquiv index="1"><Unicode>Præſidio Veneris Mars iuuat, illa ſuo.</Unicode></TextEquiv></TextLine><TextLine id="r0_l015"><Coords points="67,330 78,330 90,326 93,323 92,301 98,298 331,296 429,293 554,294 577,296 609,296 625,298 684,299 694,300 705,307 711,308 780,311 780,267 677,265 670,268 637,268 538,264 378,263 337,265 157,267 105,264 96,261 91,256 80,254 14,254 10,259 11,332 17,338 57,338"/><TextEquiv index="1"><Unicode>Sideerunt homines hominum quis bella mouebit,</Unicode></TextEquiv></TextLine><TextLine id="r0_l016"><Coords points="973,285 966,285 957,276 930,277 927,280 927,357 973,357"/><TextEquiv index="1"><Unicode></Unicode></TextEquiv></TextLine><TextLine id="r0_l017"><Coords points="647,299 577,297 554,295 435,294 331,297 156,299 156,327 369,327 450,325 647,327"/><TextEquiv index="1"><Unicode>Aut referet validas ad ſua tela manus?</Unicode></TextEquiv></TextLine><TextLine id="r0_l018"><Coords points="750,327 700,327 694,330 586,327 372,327 252,330 164,330 127,327 89,327 78,331 67,331 59,337 59,361 105,361 108,359 314,360 437,358 465,356 606,356 681,359 699,361 750,361"/><TextEquiv index="1"><Unicode>Cum vacuum miſit lapides Epimethis in otbem,</Unicode></TextEquiv></TextLine><TextLine id="r0_l019"><Coords points="482,387 679,388 679,360 606,357 465,357 437,359 314,361 157,360 157,390 355,390"/><TextEquiv index="1"><Unicode>Triſtia pro patriis quis tulit arma focis</Unicode></TextEquiv></TextLine><TextLine id="r0_l020"><Coords points="531,418 698,419 698,389 482,388 269,393 165,393 145,391 116,391 105,388 61,388 59,391 60,424 271,424"/><TextEquiv index="1"><Unicode>Hoſtis erat nullus, fuerat qui terra duorum</Unicode></TextEquiv></TextLine><TextLine id="r0_l021"><Coords points="554,449 704,449 704,420 448,420 382,423 271,425 156,424 156,455 307,455"/><TextEquiv index="1"><Unicode>Cumque viro totus fœmina mundus erat.</Unicode></TextEquiv></TextLine><TextLine id="r0_l022"><Coords points="531,481 705,480 705,450 554,450 461,453 258,456 216,458 165,458 125,456 125,484 451,484"/><TextEquiv index="1"><Unicode>Par dolor eſt nobis, geminique pericula belli:</Unicode></TextEquiv></TextLine><TextLine id="r0_l023"><Coords points="421,516 508,515 538,513 591,513 632,511 709,512 709,482 531,482 503,484 452,484 370,487 158,488 158,518 398,518"/><TextEquiv index="1"><Unicode>Tiſtia Mars ſpargit vulnera; ſpartgit Amor.</Unicode></TextEquiv></TextLine><TextLine id="r0_l024"><Coords points="441,546 490,546 586,543 743,543 743,513 632,512 591,514 538,514 508,516 421,517 398,519 172,522 155,520 113,519 106,516 102,512 65,512 57,520 57,547 60,551 306,551"/><TextEquiv index="1"><Unicode>Cumque dolor par ſit non eſt conſtantia vobis:</Unicode></TextEquiv></TextLine><TextLine id="r0_l025"><Coords points="713,545 535,545 253,553 160,552 160,575 713,575"/><TextEquiv index="1"><Unicode>Horrida vos tremitis ulnera. ſperat amans.</Unicode></TextEquiv></TextLine><TextLine id="r0_l026"><Coords points="1,562 1,603 58,603 58,562"/><TextEquiv index="1"><Unicode>r</Unicode></TextEquiv></TextLine><TextLine id="r0_l027"><Coords points="416,611 468,611 515,608 668,606 668,576 562,576 429,581 356,581 240,585 126,585 126,615 330,615"/><TextEquiv index="1"><Unicode>Atque aliquis figi lepidis optauit ocellis:</Unicode></TextEquiv></TextLine><TextLine id="r0_l028"><Coords points="274,645 395,644 452,642 470,640 655,637 655,610 489,610 468,612 416,612 330,616 158,617 158,647 233,647"/><TextEquiv index="1"><Unicode>Atque altquis lædi dulce vocauit opus.</Unicode></TextEquiv></TextLine><TextLine id="r0_l029"><Coords points="926,635 926,684 971,684 971,635"/><TextEquiv index="1"><Unicode></Unicode></TextEquiv></TextLine><TextLine id="r0_l030"><Coords points="764,672 764,636 676,636 635,639 514,640 395,645 274,646 233,648 131,647 131,673 496,673 535,670 678,670 684,673 741,673"/><TextEquiv index="1"><Unicode>Si tamen &amp; tetes res poſtulet, his quoque Cypris</Unicode></TextEquiv></TextLine><TextLine id="r0_l031"><Coords points="496,705 550,702 635,701 635,671 535,671 496,674 328,678 162,678 162,706 435,706"/><TextEquiv index="1"><Unicode>Vtitur: exemplis non caret illa ſuis,</Unicode></TextEquiv></TextLine><TextLine id="r0_l032"><Coords points="919,684 919,736 974,736 974,684"/><TextEquiv index="1"><Unicode></Unicode></TextEquiv></TextLine><TextLine id="r0_l033"><Coords points="104,741 235,741 630,732 630,703 550,703 496,706 260,709 212,711 115,708 107,706 102,703 73,703 69,706 57,706 57,745 96,746"/><TextEquiv index="1"><Unicode>Mucius æternæ meruit præconia famæ.</Unicode></TextEquiv></TextLine><TextLine id="r0_l034"><Coords points="370,769 506,768 544,765 670,763 670,737 436,737 399,739 341,739 235,742 160,742 160,772 294,772"/><TextEquiv index="1"><Unicode>Impauidam ſæuo torruit ige manum.</Unicode></TextEquiv></TextLine><TextLine id="r0_l035"><Coords points="11,747 11,785 62,785 62,747"/><TextEquiv index="1"><Unicode></Unicode></TextEquiv></TextLine><TextLine id="r0_l036"><Coords points="456,799 537,799 602,796 671,796 683,797 690,801 757,802 757,764 580,765 522,767 506,769 419,769 196,775 108,774 97,770 94,773 87,776 71,777 62,785 62,803 340,803"/><TextEquiv index="1"><Unicode>Nouiego qui flamma medio gauderet in igne,</Unicode></TextEquiv></TextLine><TextLine id="r0_l037"><Coords points="375,833 442,833 479,831 531,831 557,829 641,828 645,827 645,797 602,797 537,800 456,800 302,805 263,805 240,807 169,806 163,807 163,835 337,835"/><TextEquiv index="1"><Unicode>Noui ego qui nullo nollet amore capi</Unicode></TextEquiv></TextLine><TextLine id="r0_l038"><Coords points="624,859 710,859 710,821 690,821 680,826 641,829 557,830 531,832 479,832 442,834 375,834 299,837 124,837 110,836 103,833 100,830 86,830 75,832 9,832 9,867 362,867"/><TextEquiv index="1"><Unicode>Si libet in mea caſtra veni. rurſuſque vieiſſim</Unicode></TextEquiv></TextLine><TextLine id="r0_l039"><Coords points="588,891 667,890 667,863 520,863 491,865 362,868 281,868 203,870 162,869 162,898 405,898"/><TextEquiv index="1"><Unicode>In ta, ſi libeat. me quoque caſra voca.</Unicode></TextEquiv></TextLine><TextLine id="r0_l040"><Coords points="484,927 614,921 692,921 692,893 557,893 366,900 272,900 225,902 130,901 130,932 258,932"/><TextEquiv index="1"><Unicode>Aſpiciam triſtes aquilas, ſæuaſque bipennes</Unicode></TextEquiv></TextLine><TextLine id="r0_l041"><Coords points="362,960 470,959 519,956 620,953 704,953 712,956 742,957 742,925 536,925 514,927 445,929 161,934 161,962 331,962"/><TextEquiv index="1"><Unicode>Armaque, &amp; ardentes in tua fata manus.</Unicode></TextEquiv></TextLine><TextLine id="r0_l042"><Coords points="543,987 613,985 682,985 682,957 519,957 470,960 362,961 295,964 215,965 132,963 132,989 525,989"/><TextEquiv index="1"><Unicode>Tu faciles oculos &amp; ſæpe impune minacesr,</Unicode></TextEquiv></TextLine><TextLine id="r0_l043"><Coords points="386,1023 481,1022 572,1018 692,1016 692,988 543,988 502,991 449,991 419,993 348,993 250,996 200,995 165,996 165,1025 357,1025"/><TextEquiv index="1"><Unicode>Pectoraque, &amp; dominæ mollia colla meæ.</Unicode></TextEquiv></TextLine><TextLine id="r0_l044"><Coords points="1,993 1,1024 61,1024 61,993"/><TextEquiv index="1"><Unicode></Unicode></TextEquiv></TextLine><TextLine id="r0_l045"><Coords points="690,1047 690,1018 615,1018 481,1023 237,1028 150,1028 130,1026 130,1056 396,1056"/><TextEquiv index="1"><Unicode>Mœnia tu cinges gladiis ego colla lacertis.</Unicode></TextEquiv></TextLine><TextLine id="r0_l046"><Coords points="3,1037 3,1079 61,1079 61,1037"/><TextEquiv index="1"><Unicode></Unicode></TextEquiv></TextLine><TextLine id="r0_l047"><Coords points="368,1086 432,1086 500,1083 617,1082 652,1080 719,1080 726,1084 746,1084 746,1049 562,1051 480,1055 397,1056 358,1059 169,1060 169,1088 339,1088"/><TextEquiv index="1"><Unicode>Nos precibus gremium:. milite Douſa ſolum.</Unicode></TextEquiv></TextLine><TextLine id="r0_l048"><Coords points="399,1117 519,1116 555,1114 678,1113 686,1117 702,1117 702,1081 500,1084 471,1086 368,1087 339,1089 237,1091 170,1091 133,1089 133,1121 291,1121"/><TextEquiv index="1"><Unicode>Si ſuperor: ſic in Peneide victus Apollo eſt.</Unicode></TextEquiv></TextLine><TextLine id="r0_l049"><Coords points="61,1081 1,1081 1,1114 56,1114 61,1116"/><TextEquiv index="1"><Unicode></Unicode></TextEquiv></TextLine><TextLine id="r0_l050"><Coords points="61,1118 59,1116 1,1115 1,1140 61,1140"/><TextEquiv index="1"><Unicode></Unicode></TextEquiv></TextLine><TextLine id="r0_l051"><Coords points="638,1145 638,1117 461,1117 291,1122 111,1123 106,1125 101,1130 102,1147 584,1147"/><TextEquiv index="1"><Unicode>Sifuero victor: cum Ioue victor ero</Unicode></TextEquiv></TextLine><TextLine id="r0_l052"><Coords points="800,1145 670,1145 526,1149 457,1148 413,1151 271,1153 209,1156 135,1155 135,1183 465,1182 632,1178 681,1178 688,1182 800,1183"/><TextEquiv index="1"><Unicode>Omnia Mats domuit: ſed &amp; hunc Gyihereia mater</Unicode></TextEquiv></TextLine><TextLine id="r0_l053"><Coords points="1,1172 1,1202 62,1202 62,1172"/><TextEquiv index="1"><Unicode></Unicode></TextEquiv></TextLine><TextLine id="r0_l054"><Coords points="163,1181 163,1216 633,1216 633,1181"/><TextEquiv index="1"><Unicode>veſtro ſpolium preſide noſtra tuſit.</Unicode></TextEquiv></TextLine><TextLine id="r0_l055"><Coords points="844,1198 735,1198 727,1205 688,1205 683,1209 677,1211 597,1212 597,1237 844,1237"/><TextEquiv index="1"><Unicode>Mm mPoſt</Unicode></TextEquiv></TextLine><TextLine id="r0_l056"><Coords points="167,1217 167,1247 406,1247 406,1217"/><TextEquiv index="1"><Unicode>Tomus ſecundus</Unicode></TextEquiv></TextLine><TextLine id="r0_l057"><Coords points="1,1240 1,1271 63,1271 63,1240"/><TextEquiv index="1"><Unicode></Unicode></TextEquiv></TextLine></TextRegion></Page></PcGts>