976 1432
276 74 615 99 EEGLIB. II
124 114 634 151 Exquiris ſubitam vulnere feſſus opm,
60 147 749 179 ic precor xtemplo veniam terraſque relinquam:
7 167 580 203 Et referam es ad tua tecta meas.
57 208 642 248 Forſitan inquires, cui ſim magis vtilis arti:
76 240 663 273 Et mihi quod credi non male poſſit opus.
11 271 733 346 um lepidus,ſum blanduamans quod ſæpe fuiti.
129 303 605 333 Omnibus exempio res placet illa tuo.
35 332 699 367 Ambitio ſede hominum poſedit & vrbes:
130 365 557 400 Impaties hic eſt iortis & ille ſæ,
51 396 667 430 Hic dominos faſeſibi vindicat, ille ſecures:
4 430 643 467 Aſt ego, quod potero, ſemper amator ero.
53 459 766 508 i c ego ſim, ſor:en: que meam mea vota ſequantur
131 491 603 527 Non placet opia nt i ſors aliena mihi.
1 509 583 566 His merui ſupecis aſſcribi. Iupter oris
130 554 645 585 Moribus: hi ciuem me decet eſſ tuum.
1 585 668 631 Exiguum poſco, nec quod cotmmittere nolis,
131 621 564 649 Ofi cio vires non ſuperante meas
52 646 623 694 Pocula prælibat tenero tua Dardanus ore,
114 680 568 709 Et monitu tutum te facit eſſe ſuo.
1 711 709 761 Sic ego prælbem cnm tendiad oſcula primum,
135 743 554 779 it ta prægnſtem baſia tutus eris.
1 769 733 819 Siue leuem ympham virides ſeducis in herbas
10 806 608 845 Seu pepegii noctes illa vel illa ſuas:
1 837 633 884 Me pete, me præmittetibi, ſecurior vt ſis:
134 874 556 905 Iudicio nunqnam decipiere meo.
3 898 674 945 Protenus os iungam leuiter, ſi iungere fas eſt,
133 931 646 970 Inque Deæ vultus blandaque colla ferar.
55 963 685 1000 Præludamque tibi, carpendaque bafia primus
134 996 614 1032 Experiar, nec me promptior alter erit.
4 1028 735 1074 Dicere ſi nequeas quantm lubet, annue tantum
136 1058 674 1091 Tutius haud poteri, qam ſine voce loqui.
2 1076 643 1126 Omnia cognoſcam, ſi forte vel aſpera luno
134 1123 581 1161 theris auratas excubat ante fores
1 1156 716 1206 Aut aliquis noſtros Superum qui captet amores,
102 1186 601 1224 Aut aliquis flua quem rear eſſe fide.
746 1218 801 1241 Cre-
503 1221 635 1246 Mmm
