976 1432
230 88 617 116 B. II
757 107 808 128 9I
115 130 641 163 Vi etiam notum fœmina nomen erat.
35 153 688 196 Horri da naſcentem fundebant toporaturbam,
129 194 617 227 lpſaq; vix nato excipiebat humus.
52 218 594 263 Ruſtica Saturno ub præide desiit ætas,
125 259 577 290 Iupiter excepit, qui noua iura tulit.
1 282 644 353 te:
48 353 606 385 Sic etiam priſco vix degenerauit ab æuo,
126 385 592 417 Et ſoboles trunco digna parente fuit.
3 410 684 464 Aſpera dum ſenſim, ſic Dis voluentibus æuum,
121 448 637 480 Mutata eſt feritas: paruaq; turba ſumus.
32 480 579 512 Præcipue noſtræ, gensinſidioſa puellæ
128 512 637 544 Quas vigor & leuitas non oneroſa decet.
16 532 712 576 Hoc quoq; ſic fama eſt ſuperi laudare feruntr,
1 568 589 608 Et breuitas illos mobilitaſque iuuat.
3 598 599 654 uppiter è Diuum toties cur vene it aula
126 639 621 670 Quæritur & nota coniuge:maior rat.
48 659 681 708 Non placuit grauitas nec noſtra maior imago,
128 702 518 731 Nec potuit lecti tædia ferre ſui.
49 728 699 769 Ad Semelen ſupplex, ad Naida quamlibet ibat,
5 764 590 805 Vt precinm cœli parua puellaforet.
49 795 613 837 Sic modo edæis init diffuſus in vlnis,
131 828 566 860 Et niuea formam diſſimulauit aue
48 849 668 898 Et modo, ſed taurus, mediis creauit in herbis,
129 891 591 922 Et fuit armento quod fuit ante polo.
1 916 670 962 Hoc mihi ſi placuit; nonſm ſapientior illo:
126 954 587 987 Et Iouis exemplo ſtultus amator ero.
1 978 739 1023 Tu quoq; noſter amo, ſimilem tibi poſce maritum,
71 1017 565 1048 Ne ſuheas oneri blanda puella, tuo.
1 1047 730 1082 Quantus era Polypheme? tamen Galatea refugit
50 1080 644 1112 Muſaq; nil quicquam, nil potuiſtis oues,
55 1108 672 1143 Nec quæ Trinacriis errabant montibus agnæ:
130 1144 579 1176 Iungeret amplexus vt fugitiua ſuos.
1 1175 640 1208 Acidis illa tamen teneris hærebat in vlnis.
121 1208 607 1240 Blandus & exigui ponderis Acis erat.
503 1243 638 1267 M m m
764 1247 798 1268 Tu
