976 1432
283 97 616 120 ECG, LIB.
132 138 538 172 Tgen io pluris ſt licet ipſa tibi
104 170 651 196 Sub ſtudi communis aor celabitur vno,
135 201 568 232 EHfacile immunis ſuſpicionis eris.
42 231 638 263 Forſitan aduentus tibi nomine baſia figet:
136 264 628 294 Hinc venient animi vulnera prima tui.
14 278 676 330 Diſpereat, quiſquis non hæc ſperabit ab vla
136 326 617 354 Ruſtica cu demens inficit ora pudor.
50 357 606 399 Si metuis, nimium; tnuo diffidis amori,
136 390 551 423 Incipiam partes ipe ſubire tuas.
49 417 689 460 Scaliger ignoſcas: non sunt tua numina tanti
116 452 625 484 Da veniam fail;ouſa. Bohemus ero.
45 477 728 526 Non ege ſum tardus, nec cui male eredere poſſis:
142 513 597 549 Si d bites poteri dicere Roſſaribi.
1 543 734 584 Iam prpero iam raga mihi am Cæſaris arces
141 576 618 612 M iaq; apparent: terra Bataua vaie.
50 609 687 648 Protenus accedam, nec me via fallet euntems
142 642 668 676 Atq aliquid maius Cæ ſare quæret amans.
51 670 633 717 Adſpiciam vul um cuius to carminalegi,
142 701 653 739 Quam prius aſexi quam mihi nota fuit.
1 736 702 779 Hic aditus molles, & tempora prima per artem
142 765 571 803 Experiar. ſi qua poſſit ab arte capi.
51 797 667 839 Cætera de facili venient & verba ſequentur
142 830 694 866 Ipſaq; quos iungunt carmina, iunget amor?
53 861 637 903 Blanditiæ accedent feſtiaq turba poetæ,
144 893 584 924 Aulio fla mmis turba futura meis.
110 917 716 956 Teſtibus his blandus quid non ſperaret amator?
142 957 598 992 Ingenio vnienmt quæ libet apta meo.
1 983 684 1040 i Siue leget Nemeſin, emeſis mihi fit in illa:
149 1018 599 1052 Siue alios ignes protenus illud erit.
1 1047 640 1103 Iafia ſi quiſquam petiiretit ila duobus:
146 1080 602 1117 Si peiet illa ſibi p ſce & ila mihi.
1 1110 735 1169 Quæq; pudor prohiber mihi dicere perleget ipſa:
146 1144 605 1175 Subueniet voro cnarta benigna meo.
63 1177 702 1216 Tot mihi patron, quot s nt tibi Roma poetæ,
143 1210 661 1243 Aduenient, quorum lutuauit amor.
674 1239 805 1264 aa
469 1241 609 1268 .n m 4
