976 1432
272 81 610 106 EG.LIB.II
750 94 798 113 2
67 120 609 154 Cum miſer, ignoto vulnere tactus,eo.
83 156 683 187 Quos ego non gemitus, quæ non ſuſpiria ſudi?
121 187 557 217 Oppoſuit ſolas queſtibus illa fores.
52 211 629 256 Obſtupui primumfacili percuſsus ab æſtu,
122 250 599 274 Et metui flammam ſoil citare meam.
31 274 664 318 Nonaliter, blandæ thalamis incluſa parentis,
121 313 638 345 Adgtemium matris caſta puella ſedet,
20 337 694 381 Quam Venus occulto nondum proterruit igne,
11 376 655 412 Nec tepido ſtrinit vulnere primusamor.
47 407 649 447 Dum recolit penſum dum ſe miratur in illo,
123 439 524 464 Neſcia fallaci vuinera fecit acu.
50 470 729 504 Ingeriit extemplo: nec adhuc de vulnere certa et,
123 502 644 534 Sed ſutitus prinur pe ctoru terror habet.
48 526 643 570 Vix equidem ſenſi dubi dupenſus i igae,
122 566 620 598 Cœcaq; dum netuo ſpicula, vulnus ao.
2 588 729 634 Sic venit in caſſes, quos non bene linquit, alauda.
125 628 575 662 Ipſaque quæ vitat retia, tangit auis.
55 658 611 700 Simplicitas nocuit, nocuit vicinia nobis:
123 690 600 722 Et merui damno proximus eſſe meo
1 720 694 760 Quid tibi de vultu referam? quid cætera dicam?
124 754 563 787 Di faciant ſoli pulchra ſit illa mihi.
56 784 686 820 Diſpliceat cunctis. satis eſt quod conuenit vni:
123 817 617 851 Hac ſpecie foram vindicat illa ſuam.
1 849 652 898 Non telenen laudo, de qua ſe iactat adulter
125 880 658 910 Auticus, & rurſum Troicus hoſpes habet.
54 907 723 957 Quod placuit Menelae tibi, placet omnibus llud,
126 946 600 976 Et nimium caute ſtultus amatorras,
55 971 703 1011 Quis Paridem damnat, niſi ſit veſanus & excors?
119 1006 635 1039 Innocuas Theſei quis negat eſſe manus?
1 1039 633 1087 Siſapis Atride quiſquis peccabit in illa
124 1071 644 1104 Coniuge iudicia comprobat ille tuum.
1 1102 696 1144 Nos ſapieas damnes, ſapiens nos culpet amator:
124 1134 691 1161 Nec facile abſoluat, nec bene dicatamas.
63 1166 698 1198 Non mihi concordes ad publica verba Quirites,
120 1199 587 1237 Nec ypopulus iudex experitndus erit.
733 1233 792 1257 Rex
496 1235 633 1259 Mmm5
