976 1432
285 101 614 122 .B. I
37 95 598 170 Eimodo Muſarum ſollicitabis opem.
758 111 805 130 92
37 163 722 200 Omnia deficient: quid enim non perdit amator?
129 200 530 232 ngenio meſtus deſtituere tuo.
54 222 655 263 Ne tibi deliciæ, nec dulcia nomina vatum,
5 258 676 294 Nec tibi tam gratus magnus Homerus erit,
21 288 672 332 Omnia mutantur: facies venit altera rerum,
124 326 639 359 Cum ſemel ignauus ſerpere cœpit amor
33 348 671 392 Sic ipſi voluere Dei, ſic omnia: noſtrum
127 389 609 423 In gremis fatum pulchra puella gerit.
30 421 603 458 Iupiter humano toties percuſſus amo
124 453 525 481 Fatidicas iliic viuere dixit anus.
37 486 579 519 Delia naratur de virginitate toroque,
8 516 593 549 Tres dominas fati conſuluiſſe Deas;
48 546 607 580 Atropos aſſenſit, voluendaq fi a ſorores
120 581 549 611 Penſaq; faales explicuere manus.
48 602 616 648 Venit & exponen dubio ſua fata parenti,
120 641 577 674 In patrios vnltus collaque lapſa fuit
52 674 643 712 Iuppiter arriſit, faciemque amplexus & ora,
122 704 596 730 Hic rotidem Parcas filia dixit, habes.
25 733 701 770 Hoc quoque ius noſtis Superi tribuere puellis,
122 767 568 799 Materies illis ludibriumque ſumus.
51 796 664 829 Nec tibi, ſi vellent Superi ſuccurrere poſſent:
120 831 534 863 Iupiter exemplo defuit ipſe ſuo.
86 861 632 893 Fabula natratur niſi quatenus omnia vati
120 894 612 925 Scire licet magnis non niſi nota Deis.
22 922 673 959 Iupiter imberbis, nec adhuc à fulmine dicts,
118 957 574 988 Fulmine ſepofiro factus amator erat.
50 988 633 1023 aptus erat primo tenesæ Iunonis amore,
120 1017 642 1051 Nec bene germanam cœpit habere ſuam.
52 1049 672 1081 Viderat hoc quondam ſenior Saturnus in illo,
116 1082 540 1115 Sed potuit bland. res pietate tegi.
52 1114 619 1148 Sæpius accedens ybele laudauit vtrumq;,
115 1146 555 1179 Et pietas viſa eſt di na fauore Deo.
46 1176 673 1211 Sæpius amborum conſpexerat oſcula furtim:
113 1209 612 1247 oſcula tuac ſigm ſimplicita:is erant.
697 1245 780 1277 Suspi-
1 1250 49 1286 ;
