976 1432
896 1 961 15 ;
895 15 970 44 .
283 87 628 113 ELEG. LIB. II.
758 93 808 119 S25
126 131 576 163 iades, & vultut occuluere Deæ.
33 161 750 202 Quod cupis hinc, iuno poterit gremioque ſub illo
125 193 614 225 Quas petis hic ſorte & tua fata gerit.
3 212 628 265 Obſtupuit cœca perculſus imagine vocis
1 257 576 290 Iupiter, & tantæ ſimplicitatis erat,
47 288 652 319 Rurſus in amplexu unonis fertur, vt ante,
3 318 625 349 Etleuiter vultum iungit, vt ante, ſuum.
5 345 658 384 Vtque nihil deſit, velamina linquere iuſſit
136 381 666 417 Ad thalamum, veſtesiuſſa reponit humi.
1 408 723 455 Conſtiterant ambo, gremio ſe bladus amator
136 445 670 481 Molliter infundit, blandaque colla petit.
52 476 691 512 Sic pariter unctiiacuere ſub arbore eadem,
139 505 766 544 Dum placide in ſomnum lapſus vterque fuit.
1 516 680 572 Nil tamen vlterius potuit, rurſuſque receſſit,
141 571 655 606 Et nondum potuit ſcire, quideſſctamor.
2 600 756 647 Nunc quoque neſciret, toties neque factus adulter
141 633 684 669 Impleſſet proprio languine turpis humum.
6 663 708 711 Capra vam monſtrauit anus fidiſſima nutrix,
142 696 658 725 Hoc cœlum officio fida miniſtra tenet.
52 727 753 771 Crimine nunc quiuis proprios præteruenit annoss
142 761 547 791 Et metuit sæclo caſtior eſſe ſuo.
23 786 679 832 Tu quoque, Foreſti, nimium peceabis in vna,
144 824 546 859 Si pereas æui commodiate tui.
285 866 638 899 Libri concluſo. Elegia VIIIL.
1 908 726 944 Hactenu opratas placide tranſmittimus vndas,
145 942 620 977 Et peragit curſis noſlta iuuente ſuos,
1 974 712 1013 Ls Cum domitæ ellit acieo, cum omina reg
144 1004 591 1038 Materies poſſent carminis eſſe mei.
114 1035 653 1068 Non animi vires, non defuit altus Apollo,
149 1069 620 1104 Et poteram tanto digna furore loqui
63 1098 727 1131 Fectora naam memin ſtimulo percuſſerat Euan,
146 1133 657 1168 Et grauis i dextro crure cotiurnus erat.
1 1159 680 1210 Iam poteram Graios inter placuiſſe poëtas:
144 1197 633 1232 Et ſatis ercusſc o nus aſus eram,
717 1227 825 1256 Grotius
