976 1432
276 59 626 90 ELEG. LIB. III.
744 78 788 98 7
72 102 639 136 Criminis immunes hic vbi regnat Amor.
19 131 632 169 Credibile eſt illic veteres pendere ſagittas,
66 168 572 201 Credibile eſt parui tela cruenta Dei.
20 198 678 233 Credibile eſt ali quos & nunc ſupereſſe calores,
63 230 637 264 Aut tenuem flammam nominis Ida tui.
22 260 671 296 Douſiades Musæ, nimium male cgnita nobis
56 292 611 321 Turba, meus vobis omnla debet amior.
1 321 673 364 Sciuimus hæc primum per vos impute licere:
116 356 633 389 Et placuit ceimen, ſi modo crimt habet.
1 376 635 427 Cætera diſtamus, genio diſtamus & annis:
63 420 613 447 Hic ſimiles erimus, maxime Douſa, tui.
1 428 59 451 u
1 450 690 484 uiPetris ad exemplum yllenius arſit in Herſe,
118 483 613 515 Qui prius immunis nec prius ictus erat.
3 499 58 518 u-
1 511 572 551 Forte ſiuos illi geniror narrauerat ignbs
120 546 612 579 Ebrius & flammæ ſemina prima ſuæ.
1 577 633 628 Credidit infelix ne quis dubitaret, amauit,
56 610 512 642 Et pietas illi cauſa furoris erat.
2 636 719 696 Nos quoque non triſtis non impius abſtuliterro,
57 673 577 701 Sed fuit à uſis mens mea victa tuis.
56 701 686 737 Atq; aliquis noſtros placide componet amores.
1 730 501 768 E pietas i li caſa furori erat.
1 763 699 807 Nos qoq; ion triſtis non impius abſtulit error,
59 799 615 832 Sed fuit a Muſis mens mea victa tuis.
59 831 719 864 Atque aliquis noſtros placide componet amores.
116 862 569 894 Et comrtem Roſſæ ſe dabit ida meæ.
58 893 717 927 Non genus aut faſces, non longi ſanguinis ortum,
65 925 627 957 Priſcaq; maiorum nomina cenſet am or.
38 956 583 989 Iupiter aurato Danaes flagrabat amore
3 980 58 1008 a
115 988 596 1020 Captus ab agreſti Naide Daphnis erat.
82 1020 642 1047 Ille ſuum multo terrebat fulmie mundum,
60 1050 575 1083 Hic ſtipula ſparſas conciliabat oues.
60 1081 686 1119 Nec minor hic fuit arte ſua, nec maior Olympo
61 1114 583 1147 Iupiter: in partem pauper vterq; fuit.
82 1144 688 1177 Defuit ex æquo quantum fperabat vterque.
61 1177 639 1211 Nec magis hic feclix, nec minus alter erat.
721 1214 782 1239 Dite
