976 1432
912 14 958 44 a
290 69 628 110 ELEGLIB. III.
769 90 817 111 92
130 109 576 142 Ocia feſtinus ducere neſcit Amor,
38 125 734 179 lTollimur, & cœlos ſubito tranſcendimus Hondi,
138 174 643 204 Menſque ouo motu, ceu aliena, calet
68 204 717 236 Carmina cum cultus cum dulcia furta Tibullus
28 233 651 270 Scriberet, in gremio pulchra Neæra fuit.
58 267 756 305 Callimachoque ſuo, placidos cum conderet ignes,
60 299 635 330 Cynthia de collo dulce pependit onus.
43 322 637 361 Baſia quot Naſo rapuit, tot carmina fudit,
138 361 543 393 Ingenio flammas eliciente ſuas.
9 455 754 489 Scribimus, & calamus ſperataque verba ſequuntur,
136 487 614 520 Dextraque feſtiuum ſiſte neſcit opus.
37 519 741 559 Alteraque vt collum tenuit, manus altera ceram,
91 550 554 581 Deficit in partesilla necilla ſuas.
24 575 639 622 Nec ſolos legos nec ſolos ludimus ignes:
135 613 571 639 Omnia conanti ſufficit ora Venus.
38 643 614 685 Aſpicis Aſcræi calamos, & mollia vatem
133 675 606 710 Qui Siculas inter carmina fudit oues.
55 705 707 740 Hæc quoque tentanti faciles accommodat alas,
11 727 659 772 Dequeſuis humeris ipe miniſtrat Amor.
58 768 689 804 Porrigit erranti gaminas Cytherea columbas,
1 789 629 839 Perque ſuam mentem ſedula ducit iter.
54 831 735 872 Cum dominam vidi, ſcelus eſt nil ſcribere poſſe:
131 862 561 899 Ingenium vires miſcet &illa ſuas.
1 888 672 938 Cum ſua Socraticis nata eſt ſapientia chartis,
129 925 610 961 In genubus Phædo fuſus amantis erat.
4 955 649 1001 Ille parens veri, rigidique inuentr honeſti,
131 987 615 1023 Cui nocuit plures non habuiſe Deos,
48 1019 655 1056 Hauſerat e blandis pueri ſpirantis ocellis,
130 1051 597 1080 Hauſerat è vultu purpureiſque genis,
2 1082 729 1124 Quicquid Ariſtonides diuina cantatin vmbra,
134 1113 792 1149 Qua platanus gelidam lymphaque reddit humum,
2 1145 674 1184 Talibus auſpicijs doctæ creuiſtis Athenæ:
91 1177 562 1208 Talibus auſpicijs Græcia nata fuit.
508 1212 567 1235 Nnn
160 1211 353 1237 Tomus Secundus.
715 1219 794 1251 Impia
