976 1432
898 13 971 40 æ
259 70 591 96 ELEG.LIBIITI.
750 81 799 99 x.
64 107 633 145 Temporaque antiquæ ſimplicitatis agit.
32 137 659 177 Nec pariter cunctas quas aſpicit odit amatve:
123 176 589 208 Ne o pariter cunctas iudicat eſſe ſuas.
27 207 650 247 . therea ſic quiuis, ſic pulchri lumina ſolis,
123 239 665 270 Sic aliquis totam cernere gaudet humum.
32 265 718 308 Sideraque & magno quicquid miramur in orbe:
122 301 684 332 Oimniaque hæc quiuis, ſingula nullus habet.
28 329 768 365 Cur dominam quiſquam non quo videt omnia vultu
121 363 684 395 Api cit atque oculi crimen amantis habent?
55 393 698 431 Cur aliquis ſolam ſibi demens ſpectatamicam,
125 425 575 458 Et ſua priuato lumine cenſet amor?
27 453 641 491 Cur aliquis pro ſe formoſam iudicat vllam,
124 488 620 519 Nec Furias omnes aut putat eſſe Deas?
1 520 707 552 Cur aliquis nomen dominæ diſtinguit ab hoſte,
123 552 638 584 Et placet hæc nobis, diſplicet illa magis?
1 583 659 616 Scilicet anguſto nimium concludimur orbe.
127 614 575 646 udicio peccat qui ſapie ter amat.
1 644 682 685 Hinc furor eſt: quiuis cunctas impunè puellas
124 677 615 710 Diligit aut cunctas negligit, vna nocet.
15 707 737 773 :æ:
54 768 649 805 Depicias vnam. centum prudenter amabis.
54 801 579 831 Vt valeas, nullas excipe: ſanus eris.
52 830 605 873 Priamides nondum fatali tactus ab igne,
126 863 754 898 Pauper erat. tectum monſquenemuſque dabant.
1 889 625 936 ic faciles Diuas. & numina ruris amabat,
125 927 715 961 Et prcpe tot Nymphas quot numerabat oues.
51 958 657 1001 Dum petijt quanuis, feliciter iuit ad om nes,
125 989 609 1016 Et nimium felix, nec ſine mente fuit.
54 1020 593 1060 Vnius aſpectu bellum ſibi vexit & orbi:
128 1052 628 1086 Atque eadem Paridis ignis & vrbis erat,
56 1083 742 1121 Quis furor eſt vnum cunctis præferre quod optes,
125 1117 545 1143 Et tibimet voto velle nocere tuo?
1 1146 705 1183 Sic pereunt omnes: ſic Lesbia toſit amantem,
127 1180 697 1215 Et quæcunque ſuum carmine nomen habet.,
508 1214 607 1236 Nnn 2
726 1217 806 1242 Gau-
3 1232 60 1252 5
1 1252 28 1278 2
