976 1432
270 73 595 102 ELEG. B. III.
770 89 812 109 9;3
72 114 646 151 Et ſatis eſt. ſi quis non ſapienter amat.
45 142 810 186 Quam miſer eſt quemeunq; iuuat quod coprobatalter
70 180 642 211 Et facilem culpam quam tueatur habet
43 201 744 247 Quem facies pulchræ quem frons abſoluit amicæ
118 242 597 272 Protenus & quouis iudice liber abit.
39 263 636 314 Qui ſibi riualem pariter teſtemque furoris
130 304 645 334 Inuenit, & prudens ſed male tutus amat.
18 317 804 371 Cunctaque commnndat quæ commendantur vbique,
130 365 629 397 Et niſi quod nulli diſplicet illud habet.
35 393 673 429 Nos aliquis cœcos aliquis nos dicat ineptos:
116 428 598 461 Iudicium tanti nec putet eſſe meum.
36 457 768 492 Atque aliquis quærat, quod non bene nouimus ipſe,
132 492 661 523 Cur placet hæc oculos corripit illa tuos?
39 523 645 553 Cynthia laſciuis animum tangebat ocellis,
109 554 565 585 Ingenij contra dote Corinna ſui.
40 583 690 623 Lesbia cantando, Nemeſis formoſa loquendo,
131 616 616 647 Gratior aſpectu pulclira Neæra fuit.
16 639 752 685 Nos neque formoſam, neque dicimus eſſe diſertam,
131 678 595 708 Nec facies culpæ cauſa nec ora meæ.
32 702 703 748 Plus aliquid forma, plus eſt oculiſque geniſque,
128 740 644 772 Plus aliquid toto corpore quicquid amo.
63 771 704 801 Si nihil eſt, tamen illa mea eſt: liceatque furoris
129 803 594 834 Dicere nec cauſam nec reperire mei.
35 835 688 871 Sitque aliquid neſciremihi diuina petunturs
64 867 532 891 Inueniunt cauſas inferiora ſuas.
59 891 701 938 Quam facile eſt pulchræ faciem laudare puellæ,
128 927 669 961 Quæ quia formoſam quiſque putabit, erit.
35 959 687 992 Quam facile eſt totas oculis aſſcribere culpas,
5 981 615 1024 Atquealiquid pro ſe dicere poſſe ſibi
27 1022 625 1056 Me nihil in tota plus ipſa tangit amica
65 1051 662 1084 Nec mihi plus membris displicet ipſa ſuis.
1 1071 687 1115 ,Cætera Diuorum gremio commiſſa teguntur,
126 1116 657 1150 Atque aliquid ſanctæ relligionis habent.
1 1148 687 1195 Sic Superis viſum, ſic qui regit omnia Diuûm
127 1181 669 1214 Votaque noſtra ſuo numine firmat Amor
1 1212 56 1236 -
727 1212 798 1240 In Ve
468 1216 559 1241 Nnn 3
