976 1432
905 19 952 47 r
272 76 606 102 ELEG. LIB.III.
778 88 828 115 9
67 110 813 157 Quod iuuat immodic eſt: dolor eſt ſpera ndus amanti
144 150 656 183 Sic etiam medicam ſæpe paramus opem.
64 180 712 218 Nos quoque neglectos facilis fortuna ſequetur,
144 211 581 235 Nec melior tardi finis amors erit.
59 242 687 276 Reſpicimur: canus nobis præfertur amator.
146 273 661 305 Quis putet hoc Roſſæ poſſe placere meæ?
55 296 718 343 Eſtne aliquis paucos qui crimen dixerit annos,
147 336 718 364 Atit nimim iuuenem non putet eſſe virum?
61 367 647 407 Di faciant illum ſpes intemerata ſequatur,
143 397 562 430 Et pereat voti commoditate ſui.
91 428 643 455 Tu tamen infelix cui non ſat viximus vni,
147 460 640 492 Cui vitium pro menoſtra iuuenta fuit;
58 492 763 530 Hunc potes amplecti, cui nox ſine crimine tota eſ?
144 525 595 554 Illius in nocem ſtulta vacare potes?
61 554 716 581 Serius hoc nihil eſt, niſi tantum funus & vmbra:
145 586 606 616 Scilicet in lecti parte cadauer habes.
58 616 759 657 Si placet hoc tantum, tumulos ſcrutemur & vrnas,
139 648 597 681 Et quæ caſfa ſua corpora luce iacent.
59 679 677 710 Inuenies numero quod complectaris in illo,
143 710 702 742 Et tibi quod malles ſuppeditabit humus.
59 734 776 778 Vix ſenior quicquam functuſque hoc lumine diſtat.
144 772 552 803 Hicabijt fati legibus, alter abit.
61 803 700 838 Spiritus in pœnas minimo pro tempore reſtat,
144 835 534 865 Vt doleat vitæ ſe ſupereſſe ſuæ.
105 866 656 898 Non ego tam ſegnes optarim ducere lunas.
144 898 619 928 Præue niat fatum talia damna meum:
105 927 665 961 Naufragus vt lecti iaceam, ſine viribus vllis,
138 959 670 992 Opprobrium tantum ludibriumque tibi.
104 990 659 1024 Eſt aliquid plenis vitampoſuiſſe ſub annis,
138 1022 636 1053 Dum dominæ poſſis flendusabire ſinu.
109 1053 711 1083 Vlterius nihil eſt: pudor eſt quod reſtat ab illo,
145 1084 611 1116 Et ſtupor infelix difficiliſque Venus
113 1116 712 1150 Quis pudor eſt totamnarrando ſallere noctem,
143 1148 625 1180 Et proauos ttntum poſſe referre ſuos?
106 1180 779 1220 Pergama cum Graijs primum peterentur ab armis,
521 1215 616 1243 Nnn
779 1219 819 1247 E
