976 1432
268 57 597 95 ELEG. LIB. III.
760 68 815 97 937
15 102 696 169 r r
39 167 759 208 Nos quoque, ſideribus quamuis damnataque cœlo,
132 200 631 232 Et prope Neptuno ſubdita terra ſumus;
57 225 630 267 Eruimus phallos Bataui vel littora cerne,
136 263 630 299 Qua ſuus à Catis nomina vicus habet;
1 289 654 356 tai
55 356 661 397 Quſieram cauſas: roſeo Venus annuit ore,
138 388 615 420 Et tibi quæ neſcis cognita dixit erunt
1 412 634 454 Tempus erat cum noxalbenti cedit Eoo,
140 450 567 475 Palidiora ſuo cum facit aſtra die,
1 475 815 547 i:
53 540 678 583 Cum dubia blandi falluntur imagine ſenſus,
137 575 663 610 Veraque vel vero proxima ſomnus habet.
3 606 607 652 Conſtitit arridens demiſſis leniter alis,
138 638 682 672 Paruaque ſuccinctus ſpicula, paruus Amor.
56 668 699 712 In manibus myrtus myrtique è fronde corolla,
135 699 626 731 Et bene ſi memini parua tabella fuit;
58 731 645 765 Annales Cytherea tui: qui priſca Deorum
141 763 615 795 Sæcula, per faſtos continuata dabant,
57 793 710 829 Primaque narrabant ſurgentis tempora mundi,
142 826 657 859 Sideraque, & cœli cuncta tegentis opus.
1 855 718 903 Omnia quæ primum placide Saturnus habebat,
143 888 637 923 Et facilem nulla lege regebat humum.
1 920 618 964 Donec terra ſuo ſenſim deexit ab auro,
143 954 609 980 Et ſocios vitæ non meruere Deos.
111 984 611 1019 Iupiter interea Dictæo creuit in antro,
145 1015 629 1044 Et miſeræ furtum dulce parentis erat.
1 1044 731 1091 Quæ bene tam nato quam non bene fida marito,
141 1077 644 1108 Fecit ad hæredem ſceptra venire ſuum.
1 1108 771 1151 Blandus Amor victum paulatim venit in orbem,
144 1140 598 1173 Et Venus è ſpuma nata parente fuit.
1 1171 705 1215 Venerem natam bis ter tria ſæcla feruntur,
738 1205 830 1233 Et to-
500 1207 584 1232 Nnn5
