976 1432
921 1 962 13 ,
320 70 601 94 EL E . . 1i.
12 113 675 164 Adueniunt, dominoque ſuo deducitur vxor:
146 146 596 176 Vix uperi ri ſum continuere ſuum.
63 173 677 208 Oſcula ſumpturus, Venerem fuligine tinxit:
147 209 647 239 Ad cnoreas voluit pergere, claudus erat.
63 239 702 273 Vix lachrymas tenet illa ſuas:ſed proximus illi
150 270 702 301 Mars fuit; & priſcam ſpondet amator opem.
57 301 674 338 Iam nouies pulchræ defecerat orbita Lunæ,
17 331 611 373 Et nouies plenis Luna redibat æquis,
57 362 719 398 Cypria fit mater puerum pleherrima Nymphe
147 394 662 429 Excipit, & caſta fertque fouetqu manu,
115 425 616 461 Oſtenditq; Deænihil eſt formoſius illo,
149 456 612 492 Et prerat natum dicere Diua ſuum.
110 489 597 518 Ora rubent illi vultus ardere putares:
149 517 641 552 Hoc habuit patris, cætera matris habet.
117 549 673 584 Vix tribus exceptis completrus menſibus illi
150 583 660 615 Et tribus exceptis ſolibus annus erat;
117 611 683 643 Auerſatur humum, leuibuſque innititur alis,
153 644 610 680 Et volucri veras corpore vincit aues.
114 672 743 712 Nec gremio Nymphe. nec iam manet ille parentis
153 704 644 738 Sed volat, & ſyluas ruraque ſola petit.
114 736 650 775 Proſpera lux aderat Saturni nomine dicta,
155 770 708 806 Qua veterem mendax Græcia cantat Opem.
117 798 717 837 Feſta petunt Diui: Cretenſem Mulciber arcum,
152 830 674 868 Et pharetram puero telaque Cypris emit.
120 861 679 901 Artripit ille arcum cupide, tractaque ſagittas,
150 897 686 932 Et propera verſat terque quaterque manu.
117 924 665 960 Sic abit, & primum deſigit in arbore telum,
153 955 638 994 Qua ſpoliata ſuis frondibus arbor erat:
115 985 657 1024 Vt tetigit tacti frondeſcunt vndique rami,
152 1017 674 1050 Et ſterilis circum gramina fundit humus.
118 1048 682 1084 Paulatim maiora petit. pecudeſque feraſque,
147 1082 601 1114 Et volucres certa cuſpide figit aues.
55 1111 643 1160 Mox petit & Diuos:fiducia creſcit ab vſu:
152 1145 601 1178 Et faciles ipſa firmat ab arte manus.
1 1176 684 1234 Moxetiam tectus, mos cœcus mittere cœpit
751 1208 821 1234 ela:
1 1242 61 1282 V
