976 1432
299 85 625 115 EG. B.III.
744 95 804 123 94I
64 116 624 162 Aruaque torrebant violenti terga leonis,
129 154 565 186 t nimio curſu feſſus Adonis erat.
37 179 701 223 Fons erat illimis, qui ſummo è culmine montis
129 217 611 249 Exiguam prono rore trahebat aquam,
40 244 638 291 Qu Satyrum nulli, non vlli cognita Diuo
132 281 586 306 Finitimas tantum nata lauarc Deas,
33 306 604 351 Arborei circum donabant frigora rami,
131 343 692 375 Cingebant gelidam pinus & vlmus humum.
56 368 698 407 Hanc petit infelix gelidaque vt ſedit in vmbra,
55 405 638 434 Ponit humi veſtem: cætera pinus habet.
37 438 703 471 Mox dubio ſummam prætentat corpore ripam,
128 469 646 501 Et pedibus primas tage re gaudet aquas.
52 498 671 540 Aſpicit hunc furtim poſito velamine Cypris:
133 530 611 565 Aſpicit. vtue nihil ruſticitatis habet,
53 561 663 597 Protinus exarſi, voluitque hoc poſſe videri
130 595 562 626 Et ſua celari gaudia nollet amans.
32 623 610 665 Aſpicit intonſos pueri pendere capillos,
129 656 616 687 Et teneros vultus collaque digna Deo,
52 683 645 728 Oraque quæ primo ſignabat flore iuuentus
130 718 602 750 Aurea: nec pubem diſſimulabat aqua.
53 742 646 789 Talia ſunt primum decuſſa Cydonia ramis,
132 781 639 814 Aſpera quæ nondum sollicitauit hyems.
53 812 609 848 Vlterius nequiit ſua gaudia ferre Dione,
83 844 596 876 Sed puerum poſito vict pudore petit.
1 864 690 910 Vtque lauaturas ſi quærerit improba lymphas,
82 906 557 938 Aſtitit & ſalue, leniter, hoſpes, ait.
51 935 673 979 Da veniam nobis:ſæpe hic mens eſſe Cupido,
131 970 638 1001 Sæpius hac gaudet tingere corpus aqua.
1 998 658 1054 Et memini nuper profugum reperire ſubilla
130 1030 633 1064 Arbore: qua ſteterat forte cypreſſus erat.
2 1062 613 1118 Scilicet ex illo facilem poſſedit Adonin,
130 1093 574 1126 Nec puer agreſlis difficiliſque fuit.
1 1123 632 1169 Sed nimium celat varios fortuna receſſus,
129 1155 544 1184 Et dubios caſus alea ſortis habet.
1 1187 687 1240 Inuida Perſephonem ſimili ſuccumbit amori:
723 1220 794 1254 Mats
