976 1432
293 70 624 93 EEE G.
734 77 788 99 48
64 109 668 142 Siue opus eſt Arabum munere, dicat Arabs.
21 142 569 182 Nil ego peccaui, niſi ſi vidiſſe puellam
62 174 556 206 Vincor, & ex illo tempore læſus eo.
20 202 624 245 Si fuit hoc tanti, melius ſperamus ab hoſte,
64 235 550 265 Ne titulum fati poſcat amica mei.
22 266 629 307 aucius Atrides medicas confugit ad artes,
71 298 637 329 Et medicam ſenſit vulnere tardus opem.
27 328 558 368 Vulnus in nea felix tractabat lapis:
115 359 590 395 Qui reridis poſſet tollere, nullus erat.
22 389 620 433 Hoc pariter Troes, pariter ſenſiſtis Achiui:
64 421 627 454 Hectoris hoc tactus frater & Hector erat.
82 451 684 488 Et Phrygios quiſquis infecit ſanguine campos,
114 483 733 520 Et Phygiam quiſquis dente momordit humum.
37 514 649 552 Totque animas vno percuſſit vulnere Cyris
115 546 621 583 Totque animas vna cuſpide fixit Amor.
31 577 639 613 Iuerat antiquas Priameius hoſpes Amyclas,
1 602 56 636 e
120 610 644 645 Aſpicit hic vultus, pulchra Lacæna, tuos.
27 637 687 682 PHrotenus exarſit: ſi quod medicamen in herbis,,
56 673 567 701 Addeſalutares Troica turba manus.
25 701 635 747 Scili cet in flamma Paridis, ſedabitis vrbis:
120 732 644 767 Oo Paridis pectus vulnere, Troia cades.
27 764 663 801 Affer opem læſo: Thetidi reddetur Achilles,
117 796 596 826 Et Priamus natos cernet, vt ante, ſuos.
3 828 658 864 Pelias ignoto, ceu quondam, ſtabit in fiæmo
120 860 639 894 Quas melius fgat Teucer habebit aues.
38 888 682 932 Viderat intactam Chryſeida ductor Achiuûm,
84 920 627 964 Succubnitqueoculis protenus ipſe ſuis.
16 951 608 998 Illa Dei lauros occultaque ſacra gerebat:
66 986 611 1020 Implebat teneras ſacra corona manus.
60 1013 664 1067 Quid facis Atridamedicos adhibere Pelaſgi.
120 1047 671 1084 Quæ modo ſunt regis vulnera. gentiserunt,
25 1076 641 1123 Delius ignaras iaculo pecudeſque feraſque,
63 1110 629 1142 Et volucres miſſa cuſpide tollit aues.
32 1139 688 1187 n populos mox ardor abi:nihil arte Machaon
64 1173 575 1216 Profuit, aut herbis Græcia tota ſuis.
665 1207 785 1241 Corpora
