976 1432
258 77 580 106 ELEG.LIB. III.
742 88 794 110 S4
58 119 656 157 Carmine nil magico conſcia fecit anus.
26 145 676 188 Sic periit demens, & poſt medicamina quæuis
56 185 519 217 Auxilium læſo ſola puella tulit
19 214 669 247 Scilicet hinc ridet Superos:ſoluque Deorum
55 247 587 277 Quid liceat vobis ſcire fatetur Amor,
208 299 650 332 Ad Ioephum Sealigerum. Elg. VII.
52 335 630 374 Quid toties noſtræ commendas ocia Muſæ,
114 372 575 397 Et celebras luſus Cæſare nate meos?
18 403 657 435 Nec dubitas magnis componere ſæpe poetis,
117 435 599 469 Quæ facili nobis numinedictat Amor.
19 466 686 506 Da veniam faſo. minus eſt quod quæritur illis,
115 498 588 529 Et tua laus nobis ponderis inſtar erit.
22 528 641 562 Tyndaris antiquis impune arriſit Amyclis,
58 559 551 594 Cum placuit Diua iudice, læſa fuit
19 589 660 625 Iupiter inuictum Thetidi laudauit Achillem;
1 616 655 657 Qui hetidem vellet lædere Phœbus erat.
17 651 656 693 Nos quoquo feſtiuis ſatis eſt placuiſſe poëtis,
51 685 537 715 Nec nimium ſoli diſplicuiſſe tibi.
21 711 620 758 Et ſatis eſt blandis aliquid dixiſe puellis:
52 747 630 781 Defugiunt magnos carmina noſtra Deos.
26 774 664 810 Vt nimium laudes prima moriemur in herba,
114 811 525 837 Et nimum nobis nuidioſus eris.
19 839 612 882 Eſt aliquid noſtros leuiter vidiſſelibellos,
52 873 593 905 Eſt aliquid vultus applicuise tuos.
15 898 689 944 Hactenus, vt gratus veniam blanduſque egenti,
52 935 570 963 Et tibi feſtiuum ſcribere dicar opus.
1 963 666 1015 Poſteritaſque meos aliquid putet eſſe furores,
52 996 596 1029 Et leuiter iungat tempora noſtra tuis.
16 1025 649 1070 Sic quoque nil magnidecedet Cæſaris auſis,
54 1058 592 1094 Nil quoque decedet, Cæſare nate, tibi.
1 1152 746 1211 Nec miuus ardentemmiramur in æthere Phœbu,
58 1186 589 1227 Si tacitæ curam Cynthiianoctis habet.
727 1221 784 1243 Ns
530 1224 597 1246 î0
145 1222 332 1244 Tou ecunde.
