976 1432
292 83 602 114 ELEG. LIB. II.
758 102 808 128 47
122 125 650 161 Ee quoſcunque Deos ſæpe ſubegit Amor.
63 155 623 185 H d i iciam: Domino bonamens victore Deorum.
130 190 476 218 Iuliades Templis dedicat illa tuis.
35 210 731 256 Quod ſupereſt, ſummos cineri ſoluemus honores,
128 252 661 281 Nec tumulus Creteſed tibi mundus erit.
208 305 646 339 Ad Gerardum Tuningium. Eleg. I.
33 338 623 380 Omnia, Tuningi, merito miramur in illo,
129 377 601 410 Seu fuit hoc fatum, ſeu rationis opus;
51 410 684 441 Qui potuit longas ſine coniuge ducere noctes
128 441 604 465 Nec comitem ſomni curat habere ſui:
54 474 616 501 Nectimet infelix ne non videatur amari,
127 505 627 537 Aut socias partes coniugis alter agat.
28 526 647 566 Sed vacuus toto iacuit multuſque cubili,
125 567 605 598 Ociaque ignauæ præmia noctis habet.
27 594 575 634 Hæc tua, ſi fas eſt,liceat veſtigia nobis,
124 629 590 661 Perque tuos paſſus molliter ire mihi.
1 653 684 698 5Nec moueat noſtros quoties percurris amores,
124 691 555 715 Si videor votis blandior eſſe meis.
50 713 694 764 Cum faciles verſus, cum mollia carmina cernis,
121 754 666 785 Et quæcunque aliquis dicere poſſit amans;
80 785 700 825 Quærimus abſentem: veniat cumdote, recedum:
124 816 531 846 Et fugiam leges ipſe Poëta meas.
1 842 635 887 Me iuuat in cunctis aliquid laudare puellis:
121 879 601 908 Hæc mihi libertas coniugis inſtar erit.
1 903 699 942 Cum video cunctas, cunctæ ſuperabitis, inquam,
116 941 498 966 Iudio ne ſit triſtior vlla meo.
87 971 762 1002 Hæc nimium pulchra eſt, ſed & hæc, ſed & illa, nec illa
120 1003 657 1034 Conuenit: hæc etiam quo pereamus habet.
85 1035 603 1065 Moribus primas ſibi vindicat, illa pudore
119 1065 639 1096 Omnibus hæc viſa eſt pulchror, illa mihi.
83 1097 633 1128 Omnia nec dentur nec ſurripiantur amicæ,
117 1129 575 1159 Et teneat partes quæque puella ſuas.
1 1152 659 1201 Non ego ſum iudex, melius ſpectamus ab alto.
52 1192 572 1230 n cauea noſter ludere gaudet amor.
518 1230 779 1258 O o o 2Hoc
