976 1432
897 17 970 47 æ
262 77 582 101 ELEG. LIB. III.
748 84 798 106 949
62 117 592 150 Et volucres linum, retia tangat aper.
40 140 650 176 Solus amans ſeruo mendicat vincula collo,
131 181 589 212 Et niſi cum geſtat re: ia mœſtus agit.
40 212 671 243 Aurea nunc demum meruit Cytherea vocari:
131 243 592 275 In Batauis ſedem vindicat illa ſuam,
53 274 641 313 Iupiter è nobis aliquam ſi quæratamicam,
134 305 611 336 Quod fuit in capta virgine, rurſus erit.
37 335 750 369 Non mare, non cœlum. non tertia regna iuuabunt,
134 366 655 397 Nec ſatis in dotem fulmen & orbis habet.
52 398 798 437 Sunt Danaæ centum poſtquam penetrauimus Indum:
135 429 628 464 Et ſua, quod nollet munera miſit lIber.
103 458 753 495 Ah melius quondam cum nauita pauper & inſons,
137 492 608 519 Nil veritus duras funibus eſſe manus,
51 521 693 557 Ibat inamplexum dominæ quo fata vocabant,
137 555 647 587 Humidus, & plenus rore fluentis aquæ
106 584 692 621 Ibat inops, cymbamq; ſuæ monſtrabat amicæ.
137 619 650 651 Forſi tan in cymba remus & alter erat.
51 644 661 689 Has habuit dotes quiſquis meruiſſet amari,
140 681 637 714 Has habuit quiſquis ducere vellet opes.
17 698 667 765 Pauperies primum. pietas mox excidit auro,
140 743 633 778 Legitimus tandem cedere cœpit amor.
1 769 722 810 Hæc quoque pars nobis ſatis eſt, ſi cætera deſunt,
141 810 576 839 Ne videar leges velle mouere tuas,
52 836 698 878 Non mihi dos vlla eſt, nec opus iurare Deorum
144 868 605 903 Numina: contingit vatibus iſta fides.
52 902 656 937 Coniugis immunes ipſæ ſumere Camœnæ,
143 933 626 966 Pauperies cauſa eſt non pietatis amor.
111 961 596 997 Pierus Euterpen coluit, dos defuit illi,
145 993 755 1030 Hinc quoque nunc virgo, quod fuit ante, manet.
53 1030 635 1067 Fac veniat noſtro ſi quæ teneatur amore,
145 1058 602 1086 Et ſtudioſa meas ſcire laboret opes;
56 1086 662 1127 Protenus hos illi referam pro dote libellos,
147 1120 676 1157 Et mea quæ ſcribo carmina, cenſus erunt.
116 1152 662 1186 Vlterius nobis nihil eſt:quod reſtat, Iberus,
147 1185 589 1217 Et dubiæ mendax alea ſortis habet.
557 1215 818 1258 Ooo 3Sie
55 1367 130 1382 .
