976 1432
283 64 616 90 EECLIRIII.
767 69 809 90 5I
108 105 586 137 Oscula poſcenti bis duo, deme duo.
39 131 782 169 Sic mihi ſit ſemper quod amem, quod ludere poſſim:
128 170 525 200 Materies operi ſuſficit illa meo.
56 191 696 234 Cur ego nil optem niſi quod concedere poſſis,
128 231 562 261 Nec veniat votis vlla repulſa meis.
52 258 661 305 Eripies nobis cum carmine carminis anſam:
130 296 584 324 Si dederis nobis omnia, mutus ero
52 320 721 368 Si Nemeſis nunquam vel Delia pulchra negaſſet,
132 358 624 391 Quis legeret luſus, culte Tibulle, tuos?
95 387 660 419 Naſo diu fuerat ſine carmine, plurima cœpit
128 421 630 451 Poſcere: ſic totum ſcribere cœpit opus.
52 448 755 491 Omnia dum poſcit, dum nunquam blanda Corinna
128 486 666 517 Annit hoc ipſum pene volumen erat.
51 514 677 560 Quæ facilis cuiuis quiduis permittit amanti,
128 547 572 580 Ruſtica vel ſtulti militis vxor erit.
51 577 634 609 Hoc decet vxores: ſatis eſt formoſa pnella,
1 607 646 644 iSi dare uſſa, negar; non dare iuſſa. deit.
50 639 677 686 Nuper eram, memini lepid conuiua puelæ.
129 668 624 705 Hoc etiam præſens tempore Roſſa fit
4 702 632 759 Baſia poſcebam pauciſlima, Roſſa negauit
129 733 582 771 Nil petii vultus iunxit a mica uos.
53 763 649 805 Scilicet hæc voto gens eſt contraria noſtro:
130 796 603 834 Sit pacata magis, protenus ibit amor.
1 824 678 864 Hoc teneros vates tenuit ſemperque tenebit
130 860 665 897 Quod nocuit: damnis turba beata ſumus.
1 890 702 938 Sæpe ego cum poſſem facilem exorare puellam,
128 923 661 955 Difficilis mentem cœpit habere meam.
50 952 685 1001 Pomaque cum poſſem demiſſis carpere ramis,
129 985 575 1018 Altius aſcendi, cauſaque nulla fuit.
1 1017 680 1063 Diſpereat quem paſcitamor, qui pinguia vota
129 1046 728 1085 Occupat, & nunquam quo crucietur habet.
2 1080 618 1135 Si licet & fas eſt, plus eſt ſperare puellam,
130 1111 604 1144 Iudice me voto res minor illa ſuo eſt.
1 1144 649 1186 Cur aliquis limen teneræ circundat amicæ,
129 1176 645 1214 Sæaque cum chara coniuge bella gerit?
699 1204 814 1239 Nempe,
474 1212 589 1235 O o o 4
