976 1432
279 66 616 90 ELEG.LIB.III.
760 74 803 97 9
16 104 582 138 Temporibus ſoluet florea ſerta ſuis,
50 134 651 169 Poculaque effundet leuiter rorantis ſacchi:
123 170 667 200 ELt facilem lmpu virgine tinget hiumum.
33 200 782 232 Gandaque Nordvtcumq ue, tuos comonet honores:
122 232 676 264 Noſtraque confundet nomina, Douſa, tuis.
39 260 665 297 Cætera qu reſtant tenues deducet in auras,
126 296 664 325 Et Veneris blandæ mœnia, paruus Amor.
22 319 639 359 Hic etiam tecum per roſcida rura vagabor:
126 358 706 392 Hic quoque iuncta tuis manibus vmbra ferar.
52 389 738 423 Eſt locus extremo qua pulcher ab æthere Phœbus,
126 421 665 455 . thiopum primo lumine pingit humum,
37 451 670 487 Fulmine quem tactum Graii cecinere Poëtæ;
128 485 677 519 Seu quia gens ſacra eſt, ſeu quia ſacra colit.
41 513 649 545 Curia ſtat Veneris roſeis innixa columnis:
126 549 563 579 E violis circumlapſa ſuſurrat aqua
49 575 722 620 Hic ſedet, & cauſas tenerorum tractat amantum,
127 610 660 645 Blandaque cognoſcit iurgia, Douſa meus.
51 641 722 685 Douſa meus cauſas tenerorum tractat amantum,
128 674 632 707 Sceptraque feſtiua geſtat eburna manu.
28 703 726 746 Vndique conueniunt Veneris per gramina turbæ,
128 736 588 770 Et ſtrepitu leni tota reſultat humus.
34 762 696 807 Hic queritur lentum dominæ fallacis amorem,
127 799 537 826 Blanditias alter nil valuiſſe ſuas.
31 826 680 874 Hic tacitum limen, duraſque ad limina voces:
129 862 648 896 Vul nera priſca refert alter, & alrer habet.
28 894 697 935 Aſſidet, & noxas iuuenum, totidemque tabellis
130 924 645 958 Cuncta puellarum crimina ſeruat Amor.
5 956 676 1004 Douſa meus pœnas, vel debita præmia ſoluit:
130 989 588 1022 Præmia, vel pœnas, vt meruere, ſuas.
1 1020 725 1074 Et modo conſiſtit. leuibus modo regna columbis
130 1053 683 1082 Circuit: has Veneris munere ſemper habet:
1 1084 691 1133 Ex quo sæuus Iber Phœbeam clauſerat vrbem,
131 1116 601 1149 Douſaque dicturas omnia miſit aues.
1 1143 756 1204 Hic ſequar: huc rerum veniam pars magna tuarum:
129 1180 615 1209 Et referam laudes, blande Poëta, tuas,
718 1214 805 1244 Geſta-
441 1216 610 1243 Ooo
