976 1432
909 10 953 38 V
286 62 608 89 ELEG. LIB. Iv.
761 71 808 92 ;5
61 103 628 136 Et duplices motus mens generoſa tulit.
32 127 620 172 Diſpereat, ſi quis mediis ſecurus in vlnis
123 169 605 199 Alte rius, dominæ colla videre poteſt.
89 199 612 232 Sic vbi par ſurgit trepida gladiator arena
121 232 571 257 Emicat, & viſo cominus enſe venit.
87 262 648 295 Sic ruit in pugnam, totaſque exardet in iras,
121 295 573 325 Et ſubito vires miles ab hoſte capit.
87 326 699 359 Sederat hoc mœſtæ Thetididonabat Achilles;
120 358 608 383 In thalamo, cultu diſſimulante virum.
88 391 654 423 Cum male deſertos ſleret Menelaus amores,
120 423 570 453 Et Danaas felix poſceret aura rates.
87 451 676 486 Nil poterat prudens, & erat facundus, Vlyſſes,
119 485 602 519 Et populo reditum ſic ſua fata dabant.
86 517 611 549 Hectora neſcro quis tectis vidiſſe paternis
117 549 592 581 Rettulit, & galea tempora dura tegi
84 578 744 611 Addidit & vultum geſtuſque habitumque furentis,
119 610 712 645 Nec fors quem premeret diſſimulabat equum:
83 642 639 674 Protenus excuſſis gremio cum pectine telis,
119 674 613 709 Impleuit validam Pelias haſta manum.
82 703 728 740 Me quoque cum poſſem ſtimulos euadere amoris,
114 735 640 766 mulus admonuit, conſliumque dedit.
80 766 654 799 Altera lux aderat, pariter conuenimus ambo,
113 798 642 829 In thalamum, memini, quo mea vita fuit.
77 830 606 861 Lælia non totos, vt eras, diſtincta capillos
77 863 518 891 Pandebas faciles officioſa fores.
79 893 604 929 Spirabant oculi prærepti munera ſomni,
111 927 578 960 Et ſpecies puræ ſimplicitatis erat.
76 955 590 987 Tum vero nimium tarde periiſſe putaui,
109 988 581 1022 Et dolui quondam non potuiſſe capi.
76 1021 663 1050 Sic vbi formoſam thalamo prodie Lacænam,
109 1052 620 1084 Luminaque aſpexit ſemia doperta Paris,
74 1083 701 1120 Languenteſque genas & adhuc ſpirantia noctem
56 1115 562 1151 Optait tenerâ cingere colla manu:
56 1148 667 1180 Protenus Oenonen ephyri rapuere Notique,
2 1170 56 1192 i
105 1180 600 1216 Et Phrygios ignes ventus & vnda tulit.
734 1216 788 1238 Vos
