976 1432
896 1 972 33 V
271 69 545 95 ELEG. LIIB
745 68 793 91 957
6 109 582 149 Et pariter tædam ſæuaque tela deit.
28 136 714 188 Hinc temererramus leuibuijc xsita ventis
51 171 607 212 Labitur, & portum noſtra carina fugit.
21 202 677 248 Nec ſatiseſt blandas thala cioſcere leges,
57 240 534 281 Et ſocios ritus, iura nmar ta
59 265 638 309 Iuſſimus armatas aliquid non vCie p; uellas,
21 299 572 342 Et vitio noſtro eſt ambitioſus amor.
20 331 611 379 Optamus dominæ crudelem æpius iram,
63 361 646 396 Et metuunt nullas gauda noſtra moras.
11 390 674 443 Nec ſimplex animi, nec ſemper callida tangit
61 426 578 465 Nec ſemper facilidifciiſve iuuat
13 454 660 506 Felices nimium, quos non operoſa voluptas
121 489 595 531 Occupat & lætos inocuo ſque tenet.
56 514 703 570 Ruſtica cui collum grauibus circumdedit vlnis
58 549 625 596 Vror, & amplexu gaudia mille dedit.
32 579 640 634 Aſpicis auaces varent in gramine tauri,
120 613 542 651 Et ſua de ſacili gaudia umat auis.
56 636 718 699 Nec ſtdium eſt illis, Veneris nec præmia deſunt,
126 674 606 722 ec quæriur clauas ille vel illa fores.
32 703 712 764 Quem ſimui hauſerunt pariter poſuere furorem:
128 734 613 777 Et modus, & placidi finis amoris adeſt.
7 758 799 821 Me quoque quam vellem tlalamo contentus abiſſem
126 800 629 840 Dum mea primum vta cucurrit iter.
56 829 655 885 Atque vtinam cogi potuiſſem, lIætior eſſem,
64 864 571 903 Et mea ſors felix, laus aliena foret.
5 886 697 939 ut ego neſcirem quid mollia carmina poſſint,
129 926 621 972 Nec mihicinxiſſent laurea ſerta caput.
96 960 637 999 Scilicet è multis aliqua coniungerer vnus,
130 988 627 1029 Nec mihi pro tæda quilibet eſſet amor.
1 1016 753 1084 Nunc nocet autores flammæ coluiſe Camœnas
129 1051 620 1092 Et toties quo uis, ſed ſine lege, feror.
1 1081 644 1125 onaliter nondum teneri ſecurus amoris,
131 1115 661 1159 Expertuſque tuam Creſſa puella manum,
1 1144 702 1203 Conſtitit gides aditum cum ille dederun
131 1179 596 1222 Et totidem reditum præripuere viæ.
746 1209 803 1233 os
