976 1432
277 72 597 95 ELEG. LIB. IV.
749 76 792 96 9I9
61 111 609 146 Nec pluuiæ largus terruit Auſter aquæ.
13 138 730 185 Non mare, non ſcopuli, non omina viſa per vrbem,
115 176 584 206 Nec male conſpectæ detinuiſtis aues.
79 206 637 240 Poſſum ego funeſtas pelago ridere volucres,
113 237 593 274 Nec metuam fœtæ proximus ire cani
80 267 744 300 Nec temerè offendens titubanſque in limine primo
114 300 610 337 Siſtere propoſitum pes mihi poſſit iter.
1 326 54 355 s
81 332 589 363 Bis redii bis me redeuntem finibus illis
85 360 700 395 Perculit, & triſtis nunc quoque languor habet.
80 390 786 434 Languor habet: nec t ante tamen. nouus ille recens-
115 423 785 466 Et qui nec ſolitam quærere gaudet opem. que eſt,
83 460 664 497 Seu tetigit virus, ſeu me grauis ira Deorum,
115 493 592 531 Aut furor inuaſit ſed puto virus erat,
81 521 620 555 Hauſerunt miſeri penitus contagia ſe nſus,
109 552 611 593 Menſque ſuo maius corpore læſa dolet.
80 584 597 623 Nec tamen erraui Libyæ per deuia ſolus,
114 619 641 652 Nec mihi ſerpentum dira venena nocent.
81 647 622 687 Nec vaga ſectantem tumidi læſere ceraſtæ,
61 678 613 712 Nec miſero vulnus triſtis echidna tulit.
80 708 647 751 Nec quæ ſæua ſitim diffundit corpore dipſas,
53 741 622 781 Cum gelidæ, lethi caua bibuntur aquæ.
55 768 690 814 Nec leuior cenchris. nec cenchride mitior aſpis,
114 802 617 845 Quæ bene Romanum dedecus vlta fuit,
53 826 685 879 Cum male tentatum duxit Cleopatra ſoporems
59 866 594 905 Et gelidum traxit corpore mortis iter.
53 896 701 938 Non quæ ſa nguineos hæmorrhois explicat artus,
54 927 625 967 Nec cui quam ſubiit nomen arena dedit.
54 956 708 1015 Non ſeps exiguus ſcytaleque exuta ſenectam.
54 989 606 1036 Cum medio triſtis frigore ſæuit hyems.
54 1022 658 1066 Et quæ bis gemino ſæua amphis bæna veneno,
55 1053 604 1094 Bis geminum cauda virus & ore vomit.
56 1081 652 1131 Blandior his cunctis, ſed & his crudelior ipſis
57 1117 608 1157 Attulit hoc nobis dulce puella malum.
58 1145 682 1190 Aſpexi geminos quid enim ſpectare nocebat?
59 1181 529 1231 Ridentes oculos, & doluere mei.
695 1215 789 1246 Perque
