976 1432
901 17 944 44 V
763 81 815 106 96r
119 117 657 149 Quos bene ſub facili Veria condis humo,
85 148 700 182 Nil grauibus vinclis opus eſt, ſæuiſque catenis.
133 181 609 212 nijciat blandas vna pueila manus.
86 212 659 241 Protenus hærebo teneris circundatus vlnis,
132 244 586 278 Oblitus patriæ cum patriaque mei.
87 275 725 311 Et nuper didici Valachras non temnere formas,
131 307 602 344 Et tali lepidum vulnus ab hoſte tuli.
99 339 639 372 Nec mihi mortali placeat ſapientia maior.
132 371 722 407 Nempe ltachus prudens necmale cautus erat,
89 403 651 439 Et potuit blandas Sirenum euadere voces,
134 433 630 472 Nec potuit blando tactus amore vehi.
90 467 652 501 Hærebattoties peregrino in littorepuppis,
109 499 614 535 ccurrit quoties pulchra puella viro.
91 528 710 560 Et modo ſoluetem tenuit conſpecta Calypſo,
104 560 635 598 Et modo quæ Phœbo nata parente fuit.
102 592 638 631 Sic pius neas Libyca cum conſtitit vrbe
134 624 636 655 Hæc tenuit cunctas anchora ſola rates.
99 654 675 696 Non pelagus claſſem, collum tenuere lacerti:
131 687 653 719 Non miſerum venti, ſed retinebatamor.
99 719 593 751 Vix Atlantiades illos diſſoluere nexus,
133 749 603 791 Vix potuit monitis upiter ipſe ſuis.
911 743 974 780 l
100 781 617 819 Vnius in gremio tum ſpes ſurgentis Iuli,
133 814 591 853 Et gentis dominæ deficiebat honor.
101 844 680 880 Pene erat vt nullos habuiſſet Roma Quirites,
137 876 695 915 Aut quod nunc oma eſt, Africa terra foret.
102 907 772 949 Me quoque quid mirum eſt, ſi ſic patriæque meique,
135 938 623 979 Et poſſim Bataui non meminiſfe ſoli?
103 971 676 1009 Nec vacet hærentes collo remouere lacertos,
136 1002 607 1036 Nec vacet à caro limine ferre pedem?
104 1034 656 1072 Coniugis abrupit cum Proteſilaus amores,
135 1066 670 1097 Et Danaûm demens maluit arma ſequi,
101 1097 699 1130 Ne dominæ fruſtra teneris properaret ab vlnis,
136 1129 652 1162 Iliacam meruit tangere primus humum.
63 1162 700 1197 Ferreus eſt ſi quis domina plus quærit vbique,
136 1194 701 1230 Nec patriam credit, quam ſuus ignis habet.
571 1230 618 1258 Ppp
778 1232 812 1256 At
169 1231 355 1255 Tomus Secundu.
