976 1432
329 70 623 107 ELEG LIB. IV.
779 74 834 105 Sp
147 114 662 147 Eetibi quo gaudes nobile creſcet opus.
64 146 749 183 Carmina quæ quondam populis cantare ſolebat
149 179 609 209 egia progenies, maxima cura Del.
62 206 744 249 Qualia Cecropiæ nunquam vidiſtis Athenæ,
97 242 642 274 E patrio quanuis vertice nata ea eſt.
16 274 658 313 Non Academia celebratæ nominæ villæ,
152 306 641 337 Et quondam Maceto grata Lycea ſeni.
18 329 737 370 Nec quæ Socraticam delectans rigore mentem
150 367 731 401 Ad gelidam platanus ſurgere gaudet humum.
59 400 649 437 Cedite Graiorum ſapientes, cedite vates,
148 432 635 458 Et remoue laurus Martia Roma tuas.
60 462 740 498 Largior humano centumque Heliconibus acto,
148 495 622 529 Et proculà Phœbo ſpiritus ille venit.
120 528 771 568 Q anuis Smyrna ſuum toties miretur Homerum,
153 558 700 587 Nec mino ore, ſuum Mantua iactet opus.
117 589 613 620 Ilithuricremis veniens regina Sabæis,
151 622 659 655 Submi ſit trepida ſceptra minora manu.
1 651 692 700 Nec tibi quos nolles teſtes adhibere poetas,
151 687 668 712 Aut humiles animas terra Ba taua tenet
61 715 695 758 Nec tibi diuinas non pandet Grotius aures.
149 745 654 782 Hoc tibi plena licet litibus Haga dabit.
2 760 722 818 os quoque tugduni placidè gens viuere nata,
153 809 756 843 Quosmalenec tollit. nec male torquet honor
49 838 700 883 Spius Haganam ſolito eniemus in vrbem,
152 871 775 907 Hoc quoque nunc qanuis fæpe teramus iter..
13 885 685 939 Ettibi quas tractas lenibunt carmina curas,
150 935 636 967 Et leuius fiet, quod graue fertur, onus.
225 987 784 1017 Ad Pet. unæum, Nnni Bacchica editurum.
422 1018 583 1049 Eleg. VI.
1 1037 72 1070 L
70 1059 742 1100 Cinge comam. lætoſq; hederis involue capillos;
146 1092 685 1128 Et domitum prælis fortiter adde merum.
70 1124 714 1160 Omnes vt pereant cedantque è pectore cura,
151 1155 652 1190 Et procul in ventos diſcat abire dolor.
70 1186 678 1218 Sic tuus aduenit medijs bellator ab Indis,
558 1224 646 1252 Ppꝑ
791 1226 832 1251 E
