976 1432
901 14 963 42 V
309 52 597 90 ELEG. LIB.IV.
761 63 805 86 965
62 103 727 150 Deterſitque manu lachrimas rſumque reduxit,
126 139 615 173 Et lepidum heſei continuauit opus.
37 168 739 212 Tu quoque quem diſcis prudens imiitate Lyæum
125 200 668 237 Terque illi comites tres ſima adde Deas.
47 232 663 270 Nec tibi turpe puta diuino humeſcere rore.
10 267 573 301 Propoſuit ſiccis omnia dura Deus.
31 291 666 338 Felix qui modico perfundit nectare Muſas,
62 329 627 364 Caſtalias quanuis Græcia laudet aquas
61 355 692 397 Felix qui modicis indulgens hauſtibus, ignem
128 392 507 428 Ingenij vates ſuſcitat ipſe ſui
32 417 699 459 Nec tibi turpe puta blandam exorare puellam.
127 450 674 489 Non male cum Baccho Cypris amica facit.
33 484 707 527 Sic modo, ne pereat, ſemper qui tenditur arcus,
127 517 574 551 Otia cum curis iungere diſce tuis.
191 564 706 605 In amicam quæ filſoalteri nſiſſenuciabatur.
376 602 504 633 Elg. VII.
55 631 649 689 Quæ placuit nobis quanuis vix viſa fuiſſet
130 671 566 702 Alterius nunc eſt facta puella viri.
24 700 660 775 Nil iuuat ignauis animum conſumere curis
131 733 597 767 Nil iuuat hic fati de grauitare queri
56 761 692 808 Vinceris aut vinceis, lex hæc certantibus inſtat.
130 795 674 832 In medio poſita eſt æquaque palma iacet
54 824 767 873 Andromachentenuit, quaſdam non abſtuli: Hectos,
130 859 651 894 Nec Paridi primus tam bene ceſſit amor.
32 890 631 935 Ceſſerit Oenone quanuis & Tyndaris illi,
131 923 582 958 Cætera gens fato diſſimuiata latet
1 951 626 998 Cum Pelopis formoſa rotis auecta fuiſſet
129 986 543 1015 Exitium multis Deidamia viris,
38 1017 715 1055 Quamlibet attoniti centum fleuere procorum,
1 1050 585 1086 dVnus qui lepide diceret vxor, erat.
4 1081 634 1123 Errat & in regno Veneris fortuna vagatur,
130 1112 650 1148 Præcipuè eſt illic quod Dea ſemper agat.
1 1142 647 1189 Forſitan & demens nocuit ſecordia nobis,
133 1177 667 1208 Nec ſatis intentus, nec bene cautus etam;
737 1204 813 1228 Alte-
477 1212 562 1241 Ppp2
