976 1432
78 1 158 16 a
279 55 583 83 ELEG. LIB. V.
739 65 798 93 t
112 101 636 134 Hoc pia fimplicitas, ingenuuſque pudor.
11 133 655 165 oc amor innocuus meruit, meruiſtis & illæ
5 167 556 201 Ingenij,quales neſcit auarus, opes.
17 198 701 235 Queis legor, &toto non ſum male cognitus orbi,
61 230 614 262 Et mihi, qui vincit cætera, venit hionos.
14 261 629 294 Dixit, & in tergo volucres ſonuere ſagittæ,
56 293 640 324 Nec tamen in dextra non fuit vna manu.
17 325 723 357 At tibi nunc tantam Nemeſis mea prouocat iram
57 357 632 389 Et meus eſt in te qui male ſæuit amor.
19 387 734 426 Et tamen eſt aliquid quod nos debere fatemur,
57 421 625 455 Eſt aliquid noſter quod tibi de bet amor.
16 449 748 487 Nam cum me lValachris quantum diſtamus ab oris,
57 486 614 514 Diuideret flammis vnda maligna meis,
56 516 653 550 Alloquio blandam fouiſti & voce puellam,
56 547 536 582 Et tua pro me vox ingenioſa fuit.
56 577 702 616 Atque vtinam poſſim, ne non ſim gratus abund,
57 610 610 647 Vtque tibi referam quæ meruiſſe puto,
22 643 580 678 Illius in gremio pro te tua facta referre.
56 673 598 716 Hac equidem gratus lege fuiſſe velim.
260 733 600 764 ELEG. LIBE V.
189 789 673 819 A Maxamilianum Vrintium. leg. I.
55 828 614 879 Antiquæ turres dilectaque tecta meorum,
59 865 603 899 Et tantum puero cognita Ganda mihi,
18 889 689 936 Simerui tua templa parens, calcare domoſque,
55 928 596 966 Et quæ grata meos tangit arena pedes,
6 957 657 1002 Da veniam: procul externis è finibus adſum,
54 990 688 1027 Qua Batauam Nereus æquore pulſat humum.
1 1022 721 1095 ra
3 1084 648 1124 Odimus, infeſtus patriæ quia viuit, Iberum,
61 1117 723 1151 Odimus: hæc ſceleris ſumma caputque mei et.
2 1150 615 1188 Non ego ciuiles armaui in prælia dextras,
62 1182 598 1219 Inquetuos moui perfidus arma lares.
456 1216 577 1246 Ppp 4
731 1216 793 1240 Non
