976 1432
288 65 596 88 . LB. V.
747 67 810 91 6-
66 101 645 138 Quam lepor & Muſis paſcat amica quies;
34 134 715 169 tmihi perpetuo molles eſt flamma inedullas,
66 171 624 202 Inque meo Vrienti pectore viuit amor.
30 201 772 237 Ah quoties animo præſentem amplector amicum.
118 233 641 265 Carminaque infelix, ceu placitura, lego
60 265 645 301 Menſque ſibi credit, vireſque à iudice tanto
124 298 630 328 Sumit, & ipſa ſuum feruida nutrit opus.
93 328 676 362 Sæpe meæ videor contingere mœnia Gandæ,
74 360 606 395 Et quæ vix memini tecta videre, colo.
93 388 743 423 Plus tamen in tota nihil eſt quam Vrientius vrbe,
123 423 676 457 Et minor eſt patriæ quàm mihi vatis amor.
93 457 658 487 Sciiicet æternos coniungunt numinaates,
130 488 582 515 Altius it tardis mentibus illa fides
93 521 610 555 IIIa fides puros coniungit pectoris igres,
128 552 678 586 Ardenteique animas cordaque plena Deo:
38 580 677 625 Qualia nec regum auratis dant limina valuis,
61 614 661 649 Et ſemper pauida ſceptra tenenda manu,
3 644 678 689 Non domini ſaſces, inuiſaque matribus arma,
127 679 616 707 Et tantum miſeras bella datura nurus:
99 707 661 745 Sed pia ſimplicitas, liuoriſque inſcia virtus,
131 738 654 776 Puraque mens animi, candidiorque niue.
99 770 684 809 Et pudor, & cuiquam non inuidioſa ſupellex
134 803 672 836 Carminis, & vulgus quas ſibi nollet opes.
99 834 653 871 At vigor æterno veniens ſublimis Olympo,
132 867 581 902 Qualia mortali non licet ore loqui
99 897 781 934 Deſpectorque animus regum, ſupraque tyrannos.
133 929 570 965 Spiritus audaci ſeu libet ire viâ.
100 960 728 997 Armaque ſæua virûm & crudeles dicere pugnas,
135 990 709 1028 Vel quæ maganimus iura cothurnus habet.
102 1023 666 1060 Seu leuibus caſtris teneri decurrere amoris,
138 1058 640 1090 Qualia iæpe mihi porrigit arma Venus.
102 1087 630 1118 Moribus his, inter ciuilia bella nefaſque,
134 1119 618 1154 Et proprio fparſas ſæpe cruore manus,
102 1151 743 1187 Inuidiamque ipſam, Vrient pius ardet & Heins,
136 1184 678 1220 Cunctaque manſurus ſæcula vincet amor.
495 1219 572 1249 Ppp s
733 1214 811 1241 Somn-
