976 1432
277 54 577 84 ELEG. LIB. v.
695 56 789 84 97I
63 103 599 137 enfibus atq; oculis non abitura meis.
59 133 698 167 HOuæſieram. cauſas: cauſas latuere petentem
110 167 580 201 Conſcia quærenti ſingula dinxit anus.
19 196 648 241 Quæ placuit virgo, virgo tua, dixit, amica eſt.
12 231 617 267 Purpureus vatis pecto ſignat olor.
21 261 767 302 Carmen vterque canit feliciter, albus vterque eſ:
24 293 581 329 Hic niueus pennis, moribus ille ſuis.
20 387 672 429 Coruus amans ſenior, ſenior præfertur ab illa,
58 425 549 460 Ingenio non eſt gra tia magua tuo.
22 449 675 499 Dixetat: obſtupui, voxq; arida faucibus hæſit,
58 484 580 530 Et didicicertam noctibus eſſe fidem.
196 529 658 561 Ad Fraciſcum Svetium. Eleg. Vl.
2 571 629 615 Te tenet intentum geminæ Cyllenius arti,
60 604 633 645 Et dubium natus Pleiade monſtrat iter.
59 633 740 680 Curaque ſe partem nunc hanc nunc vertit inillam,
59 669 590 709 Altera dum Muſas altera quærit opes
59 696 613 743 Nos ſteriles laudes, & inertis præmia voti
59 728 652 772 Pergimus, & vitæ commoda nulla ſequi.
59 760 641 805 Sed modo Socraticæ ſolantur tædia chartæ,
906 773 973 800 E
59 793 609 829 Et modo maiorem porticus alta videt.
3 825 639 873 Aut vbi blanda Venus ſopitos excitat ignes,
114 857 667 891 Sum mihi materies, ſum mihi ſemper opus.
15 887 606 932 Nec mea crudeles exercent ſomnia venti,
110 925 607 954 Necmea tubatæ vota morantur aquæ,
63 954 684 992 Nec peregrina meas impellunt æquora merces,
62 983 592 1027 Aut pelago clauſas detinet vnda rates.
18 1011 700 1062 Cum dominam vidi, nihil eſt quod reſtet ab illo,
114 1047 627 1081 Conſtitit, & portum noſtra cariatenet
3 1072 698 1113 Nec niſi nos, Svverti, teneros mercamur amores,
113 1111 670 1148 Nec niſi nos Veneris triſtia damna mouent.
76 1142 576 1180 Baſia ſi pepigit, meruit formoſa vocari,
1 1172 611 1214 Et precium pacti muneris, illud habet,
688 1210 789 1240 Sequo-
