976 1432
259 78 593 100 EE G.B.V
753 85 805 108 73
120 117 655 149 Herculeas ondum preſſerat illa comas.
42 151 708 194 Non Veneris deerant myrti dilectaque Phœb
133 183 624 213 Nec ſua cypre ſſus nec ſua laurus abeſt.
37 214 605 252 Iupiterex aito solitus deſcendere cœlo
136 245 618 279 Sæ ius ha c cæcumnocte tenebat iter.
44 277 655 319 n thalamo fulmen cum maieſtate iacebat:
138 309 622 336 Sic bene celabat, ſic bene verba dabat.
61 340 766 375 Nox quoque quæ tollit diſcrimia cuncta Deorum,
137 372 621 399 Abſtulerat vultus omnia nocte latent
60 399 705 435 Tres comites tantum, proles Latonia Phœbus,
136 438 665 471 Et ur cæruleas numine torquet aquas.
48 465 757 501 Mulciber his greſſum. quamuis his iunxerat impar,
137 498 671 534 Tum primum clæudo cœperat ire pede
61 531 765 566 entum erat ad montem puerum videre iacentem,
138 563 577 595 Et facies viſa eſt digna parente ſuo.
42 592 720 630 Fraus tann in vultu micuit manifeſta iacentis,
139 624 666 659 Sed fraudi in puero quis locus eſſe poteſt?
53 656 698 702 Sic abeunt furtim: tenero iam paſcua rore
139 690 606 720 Et virides herbas ſparſerat orta dies.
63 719 646 763 Viderat errantesbi ſex in gramine tauros
139 752 665 784 Phœbus & ad pharetræ reſpiciebat onus.
42 779 757 825 Nuſquam erat:ad montem ſua fert veſtigia rurſum,
140 815 605 850 Et relegir pe quas venerat ante vias.
46 845 663 888 Territus exemplo dum emnius aſtitit illo,
138 877 664 908 Et ſibi iam vacuas conſpi cit eſſe manus.
64 909 646 949 Venerat armatus dilecta forc ipe dextram.
143 943 630 976 Senſit & æquoreus tertia damna Deus.
109 971 682 1010 Quid faceret? vultu ter pallidus hæſit eodem,
141 1005 590 1039 Et ſua percuſſus lumina fixit humi.
106 1036 707 1073 Et puer, & genetrix & cognita damna duorum,
138 1069 579 1099 Et nox. tenebræ ſuſpitione carent.
96 1099 752 1133 Primus abiit Phœbus primus peruenit ad antrum,
140 1132 729 1167 Mox ſequitur Phœbum iunctus vterque Deus.
94 1164 671 1197 Protenus vt venere, videt ſua quilibet arma.
132 1198 622 1233 Singula ſub cunas traxeratarma puer.
742 1228 809 1260 Iupi-
