976 1432
894 11 969 34 4
276 70 604 95 ELEG. B. v.
743 83 825 104 75
60 113 733 150 Sunt quoque qui Diuis ſolitos accumbere vates
135 145 626 177 Regia Saturno ſceptra tenente ferant.
62 170 771 214 Sunt quoque qui credant magni primordia mundi
141 209 578 239 Vatibus æternos expoſuiſſe Deos,
59 241 658 278 Et ſeries rerum, cunctaſq; ex ordine cauſas,
136 273 673 304 Multaque quæ vulgo non adeunda latent.
1 295 672 352 Talia cantabat mediis in luctibus Orpheus,
138 337 606 368 Æquoreæ primum cum patuere viæ,
57 357 663 398 Territa cumpubes & adhuc ignara carinæ
108 400 583 431 Aurea Phrixeæ terga petebat ouis.
56 424 672 466 Talia cantabat, cum robora dura canentem,
143 464 589 495 Et lenes numeros ſylua ſecuta fuit,
1 493 632 549 Et rapidæ tigres:rapidas tigreſque leaſq;,
137 528 719 559 Hi fuerant hominesprima tenebat humus.
45 550 618 592 Omnia ſupreſſa feritas ratione regebat,
140 592 637 622 Nullus honos veri curaque laudis erat.
47 617 671 661 Plurima Muſæus primum videre Linuſque,
137 654 582 685 Sidereos obitus diſſimi leſque vias.
43 678 733 724 Hi quoque magnorum primo reperere Deorum
136 715 563 748 Et genus & vires, & docuere ſuos.
56 747 610 788 Principio tali ſapientia venit in orbem,
140 777 696 811 Quæ quia grata parum nee ſpecioſa Dea eſt,
57 802 658 842 Lenibus attentas numeris de ſluxit in aures
56 841 590 874 Mollius:hoc velo diſſimulanda fuit.
55 873 693 909 Omnibus eripuit poſitam ſub iudice palmam,
2 904 687 941 Qum vitrea genuit Nympha Meletis aqua.
1 935 736 969 t Nympha ſenem genuirt vel ſic quia docta vetuſtas
134 966 690 996 Credidit haud noſtri ſanguinis eſſe virum.
5 997 656 1039 Quot ſegeti ſpicæ, quot ſunt in vitibus vuæ,
135 1029 685 1061 Arote quot frondes, vere mouentur apes,
1 1061 745 1110 Quot tremulis ſummæ criſpantur fluctibus vndæ,
135 1092 657 1123 Seu prior abceſſit, ſeu noua ſurgit hyems,
1 1125 661 1177 Tot facies rerum tot nomina, nomina plura
128 1156 696 1189 Aut ſpecies plures magnus Homerus habet
61 1186 660 1217 Su cadit vrbs ſeusim luſtris obſeſſa duobus,
731 1227 805 1252 Teles
