976 1432
892 1 974 36 V
271 74 571 95 .B
744 78 803 102 977
62 108 676 147 Hinc animoſa ſuos inſtruxitporticus hortos,
118 148 625 178 Vnica quam virtus. nec comitata, iuuat,
85 178 696 209 Serius eſt magno quicquid miramur Hlomero,
120 210 588 240 Vlterius nullum Græcia nouit opus.
70 241 612 273 Credite poſterius doctæ vidiſtis Athenæ,
120 272 693 304 Oid bene conueniens, quid ſine laude foret.
87 304 751 337 Nam neque tum notum ſa pientia nomen habebat
121 336 625 367 Nec fuerant ſeptem. pectora docta, viri.
88 367 633 396 Nec Samiæ fuerant audita ſilentia lingu;,
120 397 589 432 Et non ſollicitos qui putat eſſe Deos.
86 430 619 466 Nec quem Cecropiæletho miſerè cicutæ,
119 462 647 493 Cui nocuit verum ſed ſine nubeſoqui.
86 492 712 528 Penelope procul eſt & adeſt pulcherrima Circe,
121 525 690 559 Nec properat blandæ iungere membra Deæ.
56 554 626 592 Videratindignis iuuenes horreſcere ſetis,
121 590 579 616 Nec ſua mutatos ora mouere viros.
23 621 643 663 Illa voluptatis ſunt præmia:flecte carinam,
117 652 632 687 Et ſcopulos quiſuis perlegis iſta, caue.
86 682 655 714 Credite cœleſtes animas, poſt fata ſuperſunt,
118 713 668 750 Multaque corporibus non patienda ferunt.
84 744 618 782 Aſpicit. Aiacem, Stygias tranauerat vndas,
119 776 594 813 Aſpicit hic comites poſt ſua fata ſuos.
84 803 695 842 Procris in amplexu Cephali formoſa recumbit,
81 838 681 871 Hæret & extincto, nunc quoque iuncta, viro.
87 868 695 908 Qud tibi ventorum referam cum nomine vires,
121 902 613 939 Qua Boreas cœli parte vel Eurus eat?
84 932 635 964 Bis duo ſunt illi, numeros auxere minores
118 961 685 999 Poſtmodo paulatim creſcere cuncta ſolent.
86 992 742 1031 Quid referam cœlum?ſtant quælibet ordine ſigna.
120 1028 585 1063 Inuenies partes quæque ſubire ſuas.
83 1058 635 1094 Peiades ſeptem quanuis ſex eſſe putentur:
118 1092 583 1122 Eminus, obducit nubibus vna caput
84 1120 671 1155 Voluitur Orion. ſed & hunc quærefpicit vrſa:
67 1156 700 1192 Cum geminam cernas,; vtraque ſicca ma net.
67 1181 794 1225 Visquoque non vna eſt medicis quihus vtimur herbiss:
731 1220 797 1241 Hæse
553 1224 634 1252 Q
147 1224 358 1248 Tus Setudus
