659 1277
120 174 535 209 2AGOEDIÆ.
49 250 613 373 Ordanus Federici II. Imperato-
98 294 613 341 ris ex Iſabela Angliæ Regis ſo-
98 334 613 380 rore filius, Siciliæ, ac Hieroſoly-
53 377 613 420 morum Rex, Conradi IV. Cæſaris
53 415 613 458 frater, ex gente Suexâ, id ætatis
58 458 613 500 regnatrice, & Auguſtâ, ad Cæſarem
57 496 613 541 inviſendum venit, cùm felicc Cam-
53 537 613 580 paniam, urbemque Neapolim ſub-
55 577 613 619 egiſſet. Erat Iordano copiari Dux
57 617 613 660 Ioannes Afer cognomento Maurus
56 657 593 698 vir præſtanti fortitudine, ſedPunicâ
57 696 594 735 fide. Hunc Manfredus Fedetici &
56 738 593 785 ipſe filius nobili pellice natus, ob-
57 778 613 824 viam fratri à Conrado præmiſſus,
59 819 596 865 elam ſubornat in cædem Cæſaris,
54 861 613 908 per ſpeci regni Iordano aſſerendi.
61 902 591 944 Sperabat enim illo ſublato, ſe, faci-
57 943 593 989 liùs oppreſſo Iordano, ſolum, quod
57 986 594 1028 poſteà evenit, regnaturum. At Ior-
60 1025 588 1069 danus, & Cæſax ſe mutuò complexi,
57 1066 594 1107 triumphantium more Neapolimin-
33 1104 593 1147 vectiſunt. Ibi poſt equeſtre certa-
525 1158 601 1198 men
