763 1265
70 70 629 104 FLAVIÆ TRAGOEDIÆ
144 119 547 144 A R G VM E NT V .
59 170 624 293 Pollonius Tyaneus, flagitioſus
177 204 624 239 L Magus potius, quam doctus
177 238 624 270 Philoſophus, idemq́ue veritatis
177 268 624 302 inimiciſſimus, & Chriſtiani no-
45 299 624 335 miuis hoſtis acerrimus, T. Elavio Veſpa-
46 329 624 365 ſiano Principe, qui de Solymis devictis
60 361 624 396 triumphaverat, adeo multorum animos
66 394 602 428 magicis præſtigiis occupaverat, ut Rome,
65 421 624 458 quò ſcelerum omnium, ac flagitiorums
67 453 624 490 eâ tempeſtate colluvio confluebat, illi,
45 483 624 521 ſupra modâ ſuperbiſſimè efferenti ſe ſe,
46 516 624 553 publicè dedicata ſigna fuerint, & decreta
66 547 624 582 divinitas. Hunc tamen ipſum, impuriſſi-
63 582 601 612 mum veteratorem, Flavius Domitianus,
64 642 614 680 divinitatis dementiſſimus appetitor, ſer-
64 611 597 649 T. Veſpaſiani filius, Imperator, & ipſe
62 676 614 711 vilem in modum acceptâ ad ludibrium,
45 708 614 744 ad cutem detonſo capillo, & tamquam
61 737 614 775 è cataſtâ ſtigmaticum, habitum oſtentui,!
59 773 614 807 periculum facturus divinitatis, in vincula
58 803 614 839 conjecit: an ut illius contumaciam fran-!
56 836 614 871 geret? anut ingenium malum malis im-
46 868 614 895 butum artibus exerceret? Vinculorum
45 899 614 934 ,ſocius idem fuit Apollonio, qui peregri-
54 929 614 966 nationum comes, & conſiliori particeps
55 1057 614 1095 magicis myſteriis initiatus. Multis adeâ
55 1027 595 1063 ſimo melior, Damis gyptius, & ipſe
53 1088 614 1121 diebus in carcere duriter exactis, Fulvii
496 1120 614 1158 tandem
