738 1256
50 63 635 104 ſenſus obcalluiſſet, doloris aculeus, &5
67 163 635 197 diſſimulato vulneris ſenſu, tempus ulciſ-
68 196 635 229 cendi doloris expectans, modum, quo
49 227 635 261 Cſaris animâ altiùs penetraret, & regna-
62 258 635 290 tricem domum illius funditus everteret,
50 291 635 318 animo notabat. Annus erat Sæcularis
49 321 606 355 Romanis, quæ tum erat ſuperſtitio tem-
63 351 635 388 porâ illorum, ad omnia pulvinatia Deo-
64 380 635 416 um luſtralis, ac ſacer: in qut Imperator,
65 413 607 446 ad cumulâ publicæ gratuſationis, publi-
67 444 635 477 cum munus, domeſticum gaudium con-
56 474 606 508 ferebat. Cùm enim illi nulli dum eſſent
67 506 605 542 ad ſuſtinendâ Aulam ex honeſto matri-
68 538 635 573 monio liberi, duos FLvmi CtEurris pa-
64 602 635 637 ad Imperium adoptabat, & abolitis vete-
69 634 635 669 rbus nominibus, Veſpaſianum alterum,
50 665 635 700 alterum Domitianum appellabat. Erat
68 698 635 732 in Flavio Clemente temperata virtus è
68 729 635 763 Cumsri ſcholâ, caq́ue morum inſtitutio,
69 760 635 794 ac modeſtia, quæ facilè molem illam Im-
67 791 635 831 perii ſuſtentare potuiſſet;, niſi, quæ for-
66 821 635 862 tumnæ bona cæteri perditè concupiſcunt, â
50 917 635 953 Domitiano patrucle geſſerat, abiiſſet; re-
64 948 635 984 liquum omne tempus ætatis in literis, &
63 979 635 1015 in divinarum rerum commentationibus,
63 1009 635 1047 procul ab urbanitatis periculis, in ruſti-
63 1040 635 1077 catione tranquillâ ſibi deinceps exigendi
63 1072 635 1114 putabat. Et ipſe Cusri nioribus erat
64 1105 635 1135 1mnbutus: & Chriſtianis inſtitutis, clam !
519 1136 621 1166 L 4 Impe-
