908 1261
320 13 368 36 165
312 40 847 80 Imperatore, domus ejus omnis erat ad-
310 71 847 117 dict: DorriuLa maior, cius uxor, Do-
268 107 844 144 rruLA minor, eiuſdem ex Plautillâ ſ
268 139 843 178 rore neptis;Cæſares duo, Veſpaſianus, &
268 170 842 209 Domitianus minores eius filii, paternæ
268 200 838 237 non magis fortunæ, quùm virtutis hære-
268 230 856 268 des: Nereus, & Atchilleus Eunuchi mi-
268 265 838 300 5noris Domitillæ Cuſtodes, homines exi-
268 294 835 336 miæ ſanctitatis. Dici vix poteſt, quantum
267 326 834 367 Domitianus Auguſtus ſibi Romanorum
268 359 834 399 animos, cæteroquin infenſos, hâc duatum
267 391 834 429 Iuvenâ adoptione placaverit, & exterar
268 422 837 464 gentium voluntates adiunxerit, & ab-
268 454 832 496 alienata militum ſtudia reconciliaverit,
268 484 832 525 atque devinxerit. Quod cùm Tyaneus, in
268 641 830 681 munimentis, & Imperatoris ipſius, &
268 672 828 710 omnino Flaviæ gentis fortuna videbatur
268 766 825 807 imminentem ruinam, & Romanorâ vim
268 795 827 836 â ſuo capite Domitianus arceret. Nec
268 832 828 867 cum ratio perditiſſimi conſilii fefellit. Fi
268 861 821 905 liis enim Clementis non ita pridem ad
268 894 832 933 Imperium allectis, eodem die unâ cum
268 957 822 1001 Fottunæ Pcæneſtinæ catmine, quo, quem-
268 927 822 967 !Patte ſublatis, ex Sibyllinis verſibus, &
268 987 821 1030 admodum Tyaneus explicabat, ad Deo-
268 1021 821 1059 rum iram avertendam ex CHisrr diſci-
268 1051 818 1090 plinâ Pater, & Filii poſcebantur: exutus
268 1081 818 1127 patruelis opibus, & Cæſarum jurenum
733 1125 841 1168 cuſto-
