<?xml version="1.0" encoding="UTF-8" standalone="no"?><PcGts xmlns="http://schema.primaresearch.org/PAGE/gts/pagecontent/2019-07-15" xmlns:xsi="http://www.w3.org/2001/XMLSchema-instance" xsi:schemaLocation="http://schema.primaresearch.org/PAGE/gts/pagecontent/2019-07-15 http://schema.primaresearch.org/PAGE/gts/pagecontent/2019-07-15/pagecontent.xsd"><Metadata><Creator/><Created>2022-04-13T15:58:15</Created><LastChange>1970-01-01T00:00:00</LastChange><Comments/></Metadata><Page imageFilename="0169.png" imageHeight="1290" imageWidth="687"><TextRegion id="r1" orientation="-0.625" type="paragraph"><Coords points="1,1 685,1 685,1288 1,1288"/><TextLine id="l1"><Coords points="635,272 570,271 569,270 516,270 515,269 515,268 514,267 417,266 416,265 131,262 130,261 129,261 128,260 127,260 126,261 124,261 123,262 84,261 83,262 82,262 81,263 81,265 80,266 80,267 79,268 79,269 53,269 52,270 49,270 44,274 44,276 43,277 44,278 44,282 45,283 45,284 47,287 48,287 49,288 333,291 334,291 334,296 395,297 397,299 635,301"/><TextEquiv><Unicode/></TextEquiv><TextEquiv index="1"><Unicode>cuſtodia Domitianus, Magicis artibus la-</Unicode></TextEquiv></TextLine><TextLine id="l2"><Coords points="460,332 460,327 461,326 635,328 635,319 604,319 603,318 602,318 601,317 598,317 597,316 588,316 588,313 586,312 585,312 583,310 518,309 517,308 505,308 505,302 503,301 394,300 393,299 392,299 391,298 389,298 140,296 138,294 135,294 134,295 103,294 102,296 102,300 48,300 47,301 46,301 44,303 44,304 43,305 44,306 44,307 45,308 45,318 46,318 47,319 238,321 239,321 238,329 239,330"/><TextEquiv><Unicode/></TextEquiv><TextEquiv index="1"><Unicode>tus dedit: &amp; in illam ſe ſe perniciem vo-</Unicode></TextEquiv></TextLine><TextLine id="l3"><Coords points="635,360 634,330 401,328 400,329 48,325 45,327 44,354"/><TextEquiv><Unicode/></TextEquiv></TextLine><TextLine id="l4"><Coords points="322,395 323,394 540,396 541,396 541,388 542,388 543,387 592,387 593,386 635,386 634,361 45,354 45,380 46,382 138,383 139,383 139,388 159,388 159,392 233,393 234,394"/><TextEquiv><Unicode/></TextEquiv></TextLine><TextLine id="l5"><Coords points="561,432 563,432 564,431 564,428 565,427 566,427 566,421 567,420 587,421 587,420 587,419 588,418 589,414 596,414 597,413 597,412 599,410 599,409 597,408 584,408 583,406 583,405 582,405 553,404 553,398 551,396 504,396 503,395 492,395 491,394 488,394 487,395 467,394 464,398 464,399 463,400 463,402 461,403 424,403 423,402 421,402 420,401 398,401 398,400 398,398 396,397 389,396 388,397 382,397 381,399 381,402 380,402 351,402 350,401 348,401 347,402 310,402 309,401 299,401 299,400 299,394 298,394 295,393 293,396 293,401 292,401 240,401 240,400 240,394 239,394 234,394 234,398 233,399 206,398 205,399 162,399 162,394 160,392 158,392 157,393 125,393 122,390 121,390 120,389 118,389 117,390 116,390 114,392 114,394 113,395 113,397 112,397 57,397 56,396 53,396 52,397 51,397 50,398 49,398 46,401 46,402 45,403 46,404 46,409 48,411 48,412 48,413 50,413 51,414 60,414 60,422 61,423 82,423 83,422 85,422 85,415 86,414 169,415 170,416 175,416 176,415 257,416 257,417 257,424 259,425 262,425 263,426 264,425 265,425 265,418 266,417 337,418 338,419 339,419 340,418 411,419 411,422 412,423 412,424 414,426 421,426 422,425 423,425 426,421 426,418 427,418 454,418 454,419 454,427 455,427 457,427 458,426 458,419 459,418 551,419 552,420 556,420 556,421 556,428 557,428 559,428 559,429 559,431 561,432"/><TextEquiv><Unicode/></TextEquiv><TextEquiv index="1"><Unicode>expectatione depulerat. Ergo fidâ ſtipa-</Unicode></TextEquiv></TextLine><TextLine id="l6"><Coords points="635,436 582,436 581,435 490,434 489,433 489,431 483,425 481,424 479,426 209,424 208,423 207,423 206,421 205,422 204,422 203,423 193,423 192,424 60,423 58,424 58,427 50,427 49,428 48,428 45,430 45,432 46,433 46,437 47,438 47,443 49,445 72,445 73,446 99,446 100,447 324,450 324,451 325,452 460,453 462,455 557,456 559,458 635,459"/><TextEquiv><Unicode/></TextEquiv><TextEquiv index="1"><Unicode>tione neceſſariorum deſtitutus, â conju-</Unicode></TextEquiv></TextLine><TextLine id="l7"><Coords points="125,488 126,487 474,490 475,489 635,491 635,469 594,469 593,468 536,467 536,460 527,460 526,459 510,459 509,458 307,456 306,455 302,455 301,456 299,456 297,457 85,455 82,458 82,460 46,460 44,462 44,477 100,477 101,478 101,483 102,484 119,485 120,485 120,486 121,488"/><TextEquiv><Unicode/></TextEquiv><TextEquiv index="1"><Unicode>ratis, qui non tam ſuum, quàm publicum</Unicode></TextEquiv></TextLine><TextLine id="l8"><Coords points="36,516 374,520 375,521 380,521 381,520 524,522 524,515 525,515 580,516 583,513 584,513 584,510 592,510 593,509 594,509 595,508 596,508 597,507 597,504 635,504 635,499 565,498 565,493 563,491 455,490 454,489 453,489 452,488 56,484 55,485 55,491 54,492 53,492 52,493 50,493 49,494 48,494 47,495 47,496 46,497 46,501 47,502 47,504 51,509 69,509 70,510 98,510 99,511 338,514 338,515 36,511"/><TextEquiv><Unicode/></TextEquiv><TextEquiv index="1"><Unicode>dolorem ultum ibant, oppreſſus, Apollo-</Unicode></TextEquiv></TextLine><TextLine id="l9"><Coords points="36,517 66,518 66,521 51,521 51,523 50,523 49,524 48,524 46,525 46,536 45,537 45,539 47,541 58,541 59,542 99,542 99,548 101,549 102,549 103,550 105,550 105,554 106,555 107,555 109,554 109,551 110,550 221,552 223,551 243,551 244,550 245,550 245,547 246,547 447,549 448,548 449,548 452,545 593,547 594,546 595,546 597,543 597,525 598,525 635,525 635,524 573,524 572,522 36,516"/><TextEquiv><Unicode/></TextEquiv><TextEquiv index="1"><Unicode>nio geminam palmam dedit, &amp; hoſtilis</Unicode></TextEquiv></TextLine><TextLine id="l10"><Coords points="36,553 75,554 76,555 52,555 51,556 49,556 48,557 46,557 46,558 45,559 43,559 44,560 44,566 45,567 45,581 50,581 51,580 149,581 150,580 150,579 404,582 405,582 405,584 433,584 435,582 635,583 635,562 596,562 595,561 584,561 584,556 582,556 581,555 504,554 504,552 498,552 498,558 497,559 268,556 268,554 267,553 264,553 263,552 201,551 200,550 198,550 197,551 36,549"/><TextEquiv><Unicode/></TextEquiv><TextEquiv index="1"><Unicode>exiti, quod in Imperatore quærebat, &amp;p</Unicode></TextEquiv></TextLine><TextLine id="l11"><Coords points="537,616 537,614 538,613 635,614 635,590 476,588 476,585 475,584 468,584 466,582 464,582 462,584 159,581 158,580 155,580 155,581 154,582 45,581 45,588 44,589 45,590 44,601 47,604 86,604 86,610 87,610 138,611 139,612 139,604 140,604 500,608 500,611 501,612 530,612 530,616"/><TextEquiv><Unicode/></TextEquiv><TextEquiv index="1"><Unicode>implacabilis in CuRisrv invidiæ, quam !</Unicode></TextEquiv></TextLine><TextLine id="l12"><Coords points="635,616 87,610 86,611 76,611 75,612 56,612 55,613 54,613 48,618 48,620 47,621 47,624 48,625 48,626 49,627 49,643 51,642 54,642 54,634 55,634 378,637 378,643 379,643 534,645 535,646 535,648 635,649"/><TextEquiv><Unicode/></TextEquiv><TextEquiv index="1"><Unicode>Cfriſtianæ rei laudibus, &amp; incrementis!</Unicode></TextEquiv></TextLine><TextLine id="l13"><Coords points="635,651 582,651 580,649 489,648 487,645 486,645 484,646 484,652 483,653 338,651 338,647 336,646 326,646 325,645 323,645 323,644 263,643 261,644 258,644 256,646 255,646 252,649 94,647 94,643 93,641 87,641 86,642 51,642 49,643 49,664 50,664 51,665 100,665 101,666 110,666 111,665 241,667 242,667 242,671 245,671 247,669 247,668 381,669 382,668 532,670 533,671 559,671 560,672 635,672"/><TextEquiv><Unicode/></TextEquiv><TextEquiv index="1"><Unicode>inflammatam, Chrrſtianorum calamitati-</Unicode></TextEquiv></TextLine><TextLine id="l14"><Coords points="184,705 245,706 245,705 245,699 246,699 369,700 370,699 438,700 440,698 440,696 439,694 431,694 430,693 431,685 430,685 427,685 427,684 427,683 426,683 396,683 396,682 396,677 394,676 293,674 292,673 286,673 285,674 278,674 277,675 57,673 55,671 51,671 50,672 50,682 51,683 50,692 51,693 51,694 52,695 53,695 54,696 57,696 58,697 181,698 181,699 181,702 182,703 182,704 184,705"/><TextEquiv><Unicode/></TextEquiv><TextEquiv index="1"><Unicode>bus extingui poſſe credebat.</Unicode></TextEquiv></TextLine><TextLine id="l15"><Coords points="136,738 138,738 139,737 190,737 191,736 192,736 193,735 194,735 197,733 197,732 198,731 354,733 355,732 510,734 510,740 510,741 511,741 512,740 512,738 530,738 533,736 533,735 535,733 583,734 583,733 583,730 584,730 596,730 596,729 596,725 583,725 582,724 582,719 581,718 580,718 579,717 524,716 523,715 523,709 522,708 487,708 486,707 484,707 481,710 328,708 327,707 229,706 227,704 223,704 219,708 93,706 92,707 86,707 85,708 85,725 84,726 86,727 87,727 88,728 136,729 136,737 136,738"/><TextEquiv><Unicode/></TextEquiv><TextEquiv index="1"><Unicode>Bomæ geſta res eſt anno Seculari, con-</Unicode></TextEquiv></TextLine><TextLine id="l16"><Coords points="635,754 593,754 593,750 590,748 513,747 513,741 505,741 503,739 500,739 499,740 60,735 59,736 58,736 55,739 55,740 53,742 53,744 52,745 52,756 51,757 51,758 52,760 97,760 98,761 275,763 276,764 522,767 523,767 523,773 635,773"/><TextEquiv><Unicode/></TextEquiv><TextEquiv index="1"><Unicode>fuentibus ad ſæculares ludos undique</Unicode></TextEquiv></TextLine><TextLine id="l17"><Coords points="327,805 334,805 334,804 334,797 335,797 379,797 380,796 383,796 384,795 472,796 473,795 548,796 548,797 548,804 550,805 579,806 579,805 579,793 580,793 592,793 593,792 594,792 594,791 594,788 581,788 580,787 580,785 578,783 577,783 576,782 539,781 539,780 537,778 537,777 536,776 533,776 533,777 533,778 532,778 488,778 487,779 479,778 478,779 424,779 423,778 412,778 412,777 412,775 410,774 404,774 403,775 403,780 402,781 367,780 366,781 281,780 279,778 278,779 241,779 240,778 220,778 219,777 217,777 216,778 179,777 178,776 168,776 168,771 166,769 136,769 135,770 135,774 134,775 113,775 112,775 52,775 51,776 50,776 49,777 48,777 48,778 49,779 48,799 49,800 62,800 62,799 62,792 63,792 106,792 106,793 106,798 108,799 109,799 110,800 112,800 113,800 114,800 115,799 117,799 119,796 119,795 120,794 120,793 121,793 157,793 158,792 216,793 216,801 217,802 219,802 220,803 234,803 234,802 234,795 235,795 276,795 278,797 281,797 282,796 326,797 326,804 327,805"/><TextEquiv><Unicode/></TextEquiv><TextEquiv index="1"><Unicode>peregrinis : quo tempore IoAEs Apo-</Unicode></TextEquiv></TextLine><TextLine id="l18"><Coords points="607,811 581,811 580,810 580,806 577,806 575,807 575,812 543,811 542,812 310,810 309,809 309,805 302,805 301,804 297,804 296,802 193,801 192,800 191,800 190,801 55,800 51,803 51,805 47,809 47,810 46,811 47,812 48,812 49,813 49,822 50,823 106,823 107,824 132,825 132,829 134,829 136,827 359,829 360,830 360,834 362,834 363,833 365,833 365,832 366,831 366,829 607,831"/><TextEquiv><Unicode/></TextEquiv><TextEquiv index="1"><Unicode>ſtolus, Æebedæi filius, unus ex cæteris</Unicode></TextEquiv></TextLine><TextLine id="l19"><Coords points="19,831 59,832 60,832 59,833 57,833 56,834 54,834 50,838 50,841 49,842 49,843 50,844 50,848 51,849 51,850 54,854 59,854 60,855 125,856 126,856 126,863 127,863 128,864 196,864 197,865 197,866 203,866 205,865 205,864 298,865 299,864 299,863 300,862 531,864 532,865 532,870 607,870 607,840 518,839 517,837 517,836 505,836 504,835 499,835 498,836 497,836 492,841 252,838 252,835 251,834 249,834 248,833 20,830"/><TextEquiv><Unicode/></TextEquiv><TextEquiv index="1"><Unicode>Collegis ſuperſtes, Romam ex Aſiâ pro-</Unicode></TextEquiv></TextLine><TextLine id="l20"><Coords points="607,874 557,874 556,873 556,872 554,870 495,870 493,868 484,868 484,869 483,870 92,865 89,862 55,862 54,863 53,863 51,865 51,867 50,868 50,869 49,870 49,871 47,872 47,874 48,875 48,885 49,886 50,886 51,887 66,887 66,896 69,896 69,892 70,891 347,894 347,898 348,898 523,900 523,901 525,903 607,903"/><TextEquiv><Unicode/></TextEquiv><TextEquiv index="1"><Unicode>fectus, Romanâ arcem, &amp; Eccleſiæ prin-</Unicode></TextEquiv></TextLine><TextLine id="l21"><Coords points="320,932 320,933 321,932 462,933 463,933 463,930 463,929 584,931 589,926 589,922 587,920 569,919 568,919 568,912 567,911 567,910 567,909 566,909 565,908 497,908 496,907 496,901 444,900 443,901 314,900 313,901 72,898 70,896 66,896 65,896 65,902 65,903 53,903 48,907 48,909 47,910 47,911 48,912 48,914 50,916 50,917 51,919 73,919 74,920 74,925 75,926 137,927 138,928 141,928 143,926 143,923 319,925 320,925 320,932"/><TextEquiv><Unicode/></TextEquiv><TextEquiv index="1"><Unicode>cipatum PErrs auctoritate fundatum,</Unicode></TextEquiv></TextLine><TextLine id="l22"><Coords points="607,932 434,931 433,932 140,929 139,928 137,928 136,929 49,928 48,929 48,934 47,935 20,934 20,936 47,937 48,937 48,950 55,950 56,951 136,952 137,952 137,959 164,959 165,960 165,961 294,962 295,963 295,965 297,965 298,964 607,966"/><TextEquiv><Unicode/></TextEquiv><TextEquiv index="1"><Unicode>Pavtuq; virtute ſtabilitum, ſuâ quoque!</Unicode></TextEquiv></TextLine><TextLine id="l23"><Coords points="386,995 395,996 398,992 398,991 399,990 399,989 400,989 447,989 448,988 470,988 471,987 559,988 560,987 575,988 576,986 576,984 577,984 579,984 579,996 580,997 583,997 583,996 583,984 584,984 591,984 592,982 592,980 591,979 575,979 574,978 574,974 572,972 570,972 569,972 526,972 525,973 505,973 504,972 504,967 503,966 483,966 482,966 482,971 482,972 480,972 479,973 408,972 407,971 407,966 406,966 405,965 404,966 377,965 375,967 375,970 322,970 321,969 322,964 321,964 320,964 319,963 317,963 317,964 316,965 295,965 293,966 293,972 252,972 251,971 219,971 218,970 170,969 169,969 170,962 169,961 165,961 165,962 164,965 158,965 157,966 127,966 125,968 102,967 101,967 102,963 101,962 101,961 98,958 95,958 94,959 92,959 91,960 57,960 55,958 52,958 52,959 51,960 50,960 50,961 49,962 48,964 47,965 47,966 46,967 46,979 44,981 45,982 46,982 47,983 69,983 70,984 102,984 103,985 123,986 123,988 125,990 129,990 130,991 131,990 133,990 137,985 137,983 138,983 138,992 139,993 140,993 140,992 140,983 141,983 145,983 178,983 179,984 214,985 215,986 232,986 233,987 384,988 384,989 384,994 386,995"/><TextEquiv><Unicode/></TextEquiv><TextEquiv index="1"><Unicode>ſuffragatione muniebat. Igitur ad imma-</Unicode></TextEquiv></TextLine><TextLine id="l24"><Coords points="473,1028 474,1027 607,1028 607,1012 585,1012 584,1011 584,997 503,996 502,995 500,995 499,996 498,996 497,997 490,997 489,998 478,997 477,998 142,995 141,994 141,993 111,992 110,991 106,991 105,992 104,992 100,996 100,997 99,998 50,998 49,999 48,999 46,1000 46,1010 44,1012 44,1015 47,1015 48,1016 109,1016 110,1017 145,1018 146,1018 146,1024 360,1026 361,1027"/><TextEquiv><Unicode/></TextEquiv><TextEquiv index="1"><Unicode>ne facinus præcunte Tyaneo, Sibyllini</Unicode></TextEquiv></TextLine><TextLine id="l25"><Coords points="454,1060 456,1058 546,1059 547,1052 547,1051 557,1051 558,1050 573,1051 576,1048 607,1047 607,1029 307,1027 306,1026 144,1024 144,1025 143,1026 117,1026 116,1027 116,1030 115,1031 55,1030 54,1031 52,1031 51,1032 48,1032 46,1034 46,1035 45,1036 45,1044 47,1047 48,1047 49,1048 68,1048 69,1049 165,1050 166,1051 451,1054 452,1055 451,1060"/><TextEquiv><Unicode/></TextEquiv><TextEquiv index="1"><Unicode>carminis, &amp;Præneſtini Oraculi interpre-</Unicode></TextEquiv></TextLine><TextLine id="l26"><Coords points="20,1087 277,1090 278,1091 281,1091 282,1090 455,1092 457,1090 461,1090 463,1088 464,1088 464,1087 465,1086 607,1087 607,1078 589,1078 588,1077 588,1066 607,1066 607,1061 574,1061 572,1059 569,1059 439,1058 438,1059 408,1059 407,1060 252,1058 250,1060 101,1058 100,1059 98,1059 97,1060 96,1060 95,1061 49,1061 47,1063 46,1063 44,1064 44,1083 20,1082"/><TextEquiv><Unicode/></TextEquiv><TextEquiv index="1"><Unicode>te, CLmErs jugulato, Filiiſq, mactatis</Unicode></TextEquiv></TextLine><TextLine id="l27"><Coords points="20,1105 41,1106 42,1106 42,1109 43,1111 54,1111 55,1112 87,1112 88,1113 302,1116 303,1116 303,1120 426,1121 427,1121 427,1123 428,1122 428,1121 566,1122 567,1122 567,1113 580,1114 581,1113 584,1113 585,1112 607,1112 607,1089 481,1089 479,1091 232,1088 231,1089 230,1089 229,1090 20,1087"/><TextEquiv><Unicode/></TextEquiv><TextEquiv index="1"><Unicode>in Minervæ ſacro, in omnè deinceps!</Unicode></TextEquiv></TextLine><TextLine id="l28"><Coords points="606,1120 522,1120 521,1121 391,1120 390,1121 389,1121 386,1124 50,1120 48,1122 47,1122 43,1126 43,1128 42,1129 42,1134 43,1135 43,1136 48,1142 51,1142 52,1143 67,1143 68,1144 87,1144 88,1145 248,1147 249,1148 248,1154 251,1154 252,1155 283,1155 284,1154 607,1157"/><TextEquiv><Unicode/></TextEquiv><TextEquiv index="1"><Unicode>Chriſtianæ Reip. corpus ſævitum eſt. In</Unicode></TextEquiv></TextLine><TextLine id="l29"><Coords points="20,1176 108,1177 109,1178 111,1178 331,1180 331,1182 332,1183 335,1183 336,1181 336,1180 337,1179 337,1178 362,1178 363,1177 454,1178 455,1177 469,1177 470,1176 568,1177 569,1176 573,1177 573,1172 586,1172 587,1170 587,1168 585,1168 584,1167 572,1167 571,1166 571,1163 569,1161 446,1159 445,1159 445,1156 444,1154 443,1154 442,1155 385,1155 221,1154 220,1155 88,1153 85,1150 83,1150 82,1151 80,1151 79,1152 43,1152 41,1153 41,1172 20,1171"/><TextEquiv><Unicode/></TextEquiv><TextEquiv index="1"><Unicode>Inſulam Pandatatiam, &amp; Pontiam aman-</Unicode></TextEquiv></TextLine><TextLine id="l30"><Coords points="607,1186 497,1186 496,1187 52,1182 51,1183 49,1183 49,1187 47,1187 47,1188 45,1190 45,1191 41,1195 41,1196 40,1197 40,1199 41,1200 41,1202 45,1207 65,1207 66,1208 89,1208 90,1209 341,1212 343,1214 607,1216"/><TextEquiv><Unicode/></TextEquiv><TextEquiv index="1"><Unicode>datæ Dorrittæ duæ, Ionurs in Cy-</Unicode></TextEquiv></TextLine><TextLine id="l31"><Coords points="166,1250 166,1242 88,1241 87,1240 20,1239 19,1237 39,1238 40,1237 40,1234 39,1233 39,1229 40,1228 39,1228 20,1227 20,1215 147,1217 149,1218 149,1225 239,1226 240,1225 317,1226 318,1225 318,1218 321,1218 323,1219 323,1224 338,1224 339,1225 428,1226 429,1225 482,1226 483,1225 484,1225 485,1224 501,1224 502,1223 528,1223 529,1222 569,1223 570,1224 573,1224 573,1228 574,1229 574,1234 581,1234 585,1237 585,1241 581,1245 557,1244 556,1245 556,1249 554,1249 554,1241 462,1240 461,1241 411,1241 410,1242 303,1241 301,1242 301,1243 300,1245 299,1245 298,1246 220,1245 219,1245 219,1248 218,1249 218,1251 167,1250"/><TextEquiv><Unicode/></TextEquiv><TextEquiv index="1"><Unicode>cladas deportatus, in omnem ætatem,</Unicode></TextEquiv></TextLine><TextLine id="l32"><Coords points="20,1286 62,1287 63,1286 160,1287 161,1286 169,1286 169,1280 170,1279 607,1283 607,1249 481,1249 479,1251 433,1250 431,1252 84,1248 82,1246 79,1246 77,1248 77,1254 20,1253"/><TextEquiv><Unicode/></TextEquiv><TextEquiv index="1"><Unicode>ordinem, ſexum iterum erupit Neronia-</Unicode></TextEquiv></TextLine><TextEquiv><Unicode/></TextEquiv></TextRegion></Page></PcGts>