927 1281
411 179 769 212 ALIVD BREVIVS.
299 239 871 301 FLAVIvS CLEMENS, Flavi Do-
369 269 871 313 . mitiani Auguſti patruelis, & Veſpa-
298 299 871 346 ſianus, & Domitianus minores Cæſares
299 333 871 374 eius filii, Chriſtianis moribus inſtituti,
299 364 871 407 pro CHRISTIReligione cæduntut. Res
299 398 847 438 agitur per Apollonium ſyaneum Magâ,
299 430 871 471 capitaliſſimum hoſtem Flaviæ gentis, &
299 460 853 503 CHRISTI, Domitiano majore, qui ſibi
299 489 853 532 fidiſſimorum exitio conſulebat, magicis
299 521 852 559 dolis in ſpeciem religionis inducto. At
299 552 869 593 CLEMENTIquidem, eiuſq́ue filiis, quod
299 583 850 627 hoſtes moliebantur, Imperiâ Romanum
299 615 873 653 cum vitâ ſimul ereptum eſt:nominis verò
299 645 849 689 diuturnitas, & virtutis immortalitas non
299 677 848 720 eſt abrogata. Viget Cœlo recepta, vige-
299 707 845 746 bitque in famâ temporum, in memoriæ
299 740 844 785 literis, in animis poſterorum: egregio
299 772 873 811 documento propoſito, nihil facilius eſſe
299 803 841 842 Chriſtianis hominibus, quùm umbram
299 835 873 876 humanæ gloriæ fugitivam, ac brevem,
299 869 873 904 !præ cœleſtis felicitatis æternitate con
724 1033 844 1068 PER
