692 1268
124 45 534 68 52i PLAVI TRAGOEDIÆ
128 68 631 99 NVNC. Iuvenâ gement miſeret: heu mœſtſ gregâ!
56 90 486 116 40 Vix imperare fortiter lacrymis oueo.
127 114 533 141 Quo reliqua ſenſu puberes miſeri audiant,
126 135 568 164 Si prima tactum vulnera ad primum pavenr?
125 161 559 189 Nondum, decorâ chlamyde diſciſsl, grarem
125 183 552 207 Virum per amplas porticus raptum audiite
55 203 532 232 05 Non lacera flagris terga, non ferro pedes,
122 229 514 251 Manicis onuſtas audiit nondum manus:
115 252 552 279 Non tunſa palmis ora: non raptam comam:
115 274 495 301 Vibice nondum membra liventi nigra.
121 297 488 324 At quæ dolenter cæteri merirâ fleant,
118 367 516 392 Nubem ſerenat, mortis & ſuernit iinas.
118 391 614 420 CHO. Quæ ſors duorum Cæſari clauſa eſt patre?
118 414 613 443 NVNC. Ambigua: ſed quæ verget in melius, puto-
56 436 469 465 5 Patruele clauſo. ſede diversâ furens
117 459 540 487 Ad facinus aliud patruus. accingit manus.
116 483 482 510 Aggreſſus anrè voce blandiloquâ duos
116 505 508 532 Tentat, paternæ mentis hæredes. Duces,
105 527 609 555 Excutere CHRISTV penitus ex animo, ut velint.
56 552 608 578 420 CHO. Ad hæc quid illiNvNC. Patris exemplo ca-
114 575 553 601 Magis, magiſq́ue: ſeq́ue per ſpretas opes (lene
105 598 470 623 !. Irritat ardor. mortis, & vitæ poteus.
105 621 445 643 !Adulia virtus indole ipvicti patris,
112 643 486 668 In genere promit landis invictæ decus.
55 665 592 691 ! 45 CHO. Et patruus æquo ſpectat hæc animo ferox?
105 689 578 715 35 NVNC Nondum procellis ſtridet iratum mare:
105 711 490 738 4 Sed intumeſcit: interim Iuvenum tegit
104 734 502 759 !Naufragia. Non eſt mitis iraram tumor.
110 757 533 781 Cum ſe per ipſas ſcelera diſſimulant moras.
107 827 508 852 Sed ipſe prodit. Horreo aſpectum trucem
107 851 507 877 Iam nunc minantis: illa me nubes movet
88 871 569 905 Impoſita frontie hinc eſte vos Iuvenes, prooul.
162 913 541 939 SCENA SÆ 2 A.
103 950 600 991 Imperator Nepotes fruſtra avocare à Dei
124 987 614 1016 cultu conatus extrema iis minatur,
135 1018 598 1053 Tyaneus omni in . Ioannem divertit.
96 1056 597 1080 PERAToR. vESPS. ET DoIT. CAÆ.
188 1080 504 1103 SARES. TYANEVS. MVSTA.
56 1096 571 1140 !4s IMP Tatuite tandem; natris, an patrui genns
83 1142 552 1177 ISi modo licebit. IMP. Hoſtis eſt patruo pater.
535 1175 596 1195 Nun
