670 1264
97 116 637 168 A R V MCN I V I
152 180 569 209 TRACOEDIÆ.
101 248 635 334 Reptus, Deo vindice, multis jam
168 279 634 315 cladibus lſrael, præccps iterum rue-
168 309 632 347 bat in ſcelera, cum & pœnas rurſus
101 340 635 379 repoſcere Deo viſum eſt. Res acta eſt per
92 375 635 410 Siſaram Regis Iabin fortiſſimum ducem,
88 406 636 439 qui tantâ vi Hebræorum fines invaſit, ut
100 438 637 472 de iis conclamatum eſſe videretur. Audit
88 468 638 504 interim ſuorum gemitus Debora Prophe-
89 503 638 535 tis, cùmq́ue vehementiùs commovetur
88 563 638 597 exercitu Siſaræ obviam procedere ubet.
88 533 638 566 tandâ Deo plena Baracum cum ingenti
99 595 639 631 Quod cùm ille Deborâ comitante feciſ-
88 626 638 662 ſet, tantum terrorem Chananæis injecit,
88 658 638 693 ut & Siſaras de curru exiliens fugâ ſibi
99 689 637 724 conſulere deberet; qui cùm tandem ad
88 721 639 754 Iahelem profugiſſet, ab eâ amicè acce-
98 752 637 792 ptus, refectus lacte, cjuſq́ue pallio opertus
87 783 636 820 eſt, ne ab hoſtibus reperiretur: ab câdem
88 816 636 848 demum divino numine impulsâ, clavo
97 847 637 880 per tempora adacto trucidatus eſt. Ita
88 879 635 912 Iſtaeli mulieris manu parta de Chana-
88 909 607 953 næis victoria cſt. Ex lib. ludicum cape
502 1073 635 1104 PE-
