878 1394
334 23 639 62 MAIORIS
121 68 708 104 Stirps erat, officium ſacræ quæ ſortis obibat.
117 102 852 138 His Mathani natum, ſociamque genuſque propinquum
118 137 828 172 In numerum refer, & numero quos prendere non eſt,
119 170 744 208 Qui cuncti ad fœtum mulieris ventre futurum
117 203 684 238 Aſſenſum cordis voluere in morte tenere,
116 236 714 271 Et finem illorum reſpublica priſca ſecuta eſt.
147 270 754 304 Ecce Dei natus tanto in diſcrimine languens,
113 302 725 338 Inque ſuis orans ſua ceu per membra miniſtris
109 338 712 373 Pangit opus querulum veræ pro fonte ſalutis.
108 371 696 406 Sed genitor cladem metuens in gente fideli
109 405 685 439 Annuit, atque aſinæ maxillam findit auitæ
102 437 729 471 Gente ſub Hebræa, vatemque in luminis auras
106 471 657 506 Et ſterili producit anu, qui fontis ad inſtar
102 504 640 538 Irrigui, puris tergebat crimina lymphis.
106 537 550 571 Ille ſiti laſſos vena labente ſalutis
101 570 720 606 Reſtituit, tum membra vigor ſub tabida venit.
140 604 708 639 Parua mora eſt, ſequitur ſacri veſtigia vatis
106 638 756 673 Christis, & ingreditur valuis atque aggere cincta
100 670 697 706 Mœnia, quæ ſacræ ſpectant iuga celſa Sionis,
103 704 655 739 Et genus in cæſtum vitæ melioris ad vſum
104 738 722 772 Hortatus, vocat in partem regnique, thorique,
103 771 695 806 Nec deſpecta prius fugit connubua, quamuis
102 805 725 839 Heu temere exoluit contra data fœdera nexus.
136 836 795 873 Sed poſtquam inſtituit Synagogæ iungerre fœdus,
101 871 692 908 Et pia doctrinæ commertia Chriſtus habere:
99 905 710 939 In furias, odiumque ruunt & protinus omnes
103 936 731 974 Collecti proceres quibus eſt commiſſa poteſtas
98 971 748 1006 Imperio gentem premere, & quibus addita cedit
98 1003 684 1038 Cura ſacræ ſortis ſummis conatibus audent
90 1035 729 1072 Condere fraudis opem ſi qua fors adiuuet auſa.
97 1070 738 1105 Pars cuneos in bella legunt nocturna, manuſque
90 1102 729 1137 Iniiciunt peraguntque reum non criminis acti,
91 1134 681 1167 Nec rabiem ſatiant donec merſere ſepulcro.
96 1166 748 1201 Atque vbi ſub cauca tumuli in ſtatione manentes
88 1198 686 1239 Excubias ſeruant vigilies: tum victor ad auras
754 1230 817 1257 Exiit
