875 1395
588 30 869 78 METAFORMO
499 49 873 118 Deficere hinc ad ſacra Papæ, q
491 97 872 149 Quæ ſunt Albiacas in lucem e
537 135 872 174 Hæc alternanti potior ſen
491 165 873 207 Inter conuiuas Flacius dum
491 198 872 245 Conſcraq, exhilaret dulci pro
491 232 872 271 De rate qua nomen tenet vrb
491 264 872 310 Hic malus han rupit vocem
491 298 869 347 Forte inter mediæ poſitus co
491 333 872 374 Teſtis eris, tecum; alii tibi
491 363 872 411 Verborumq; fides, neq; fallax
522 403 872 440 Sæpe malum hoc nobis fla
491 433 872 474 Grex doctarum auium docui
492 468 872 514 Dicite Pierides, ſæuo quo nu
487 501 872 544 Extulit os terris, quo non vio
487 533 872 580 Turbauit mentes hominum
486 567 872 619 Hei faciles animi germani ge
491 601 872 645 Sclauorum ignari, talin' nos
486 634 872 685 Cui neq; quid veniat pacem
487 668 868 712 Nec patriæ ſit certa fides, nec
488 700 870 748 Hinc ne aſſertorem magna ſe
490 734 872 778 Sincere fidei, ſolus qui aduer
486 767 872 815 Magnatum, qui ſacra Papæ ce
485 799 872 842 Impia, qui mutos hortari in
484 830 872 875 Ne lupus inſidias meditetur o
485 867 872 910 Nunc optat Latioſq, dolos, in
485 902 872 940 Atq; vltrò in leges ſe ſubdere
485 933 872 974 Quis ſubitò hanc illi mentem
484 966 873 1008 Nam neq; tot Proteus ſeſe in
484 1000 872 1051 Tot ſeſe in ſpecies, horrendaq
477 1034 872 1076 Hunc primum in nido miſera
477 1065 871 1111 Excepit, victuq; ingratum fou
485 1099 872 1147 Cuius mox experta vngues, fe
484 1132 872 1180 Agnouit prolem ambiguam,
483 1165 871 1210 Pignora, nec noſtri generis ne
478 1197 873 1248 Improbus ingluuiem natis du
