1049 1394
244 45 594 81 HENRICI
47 89 632 133 Ergo recordaris quoties in corde Philippi,
84 126 583 163 Excidit ex oculis humida gutta tuis.
49 154 713 193 Hæc tibi nobiſcum veniunt communia, quorum
84 191 652 227 Corda Melanthonii nominis aura quatit.
51 221 680 267 Quis benefactorum poſſet meminiſſe Philippi,
86 260 617 294 Et vacuas lacrimis continuiſſe genas?
50 287 720 333 Hunc equidem Muſis rear omnibus eſſe peroſum,
86 326 648 366 Hunc non Germani ſanguinis eſſe putem.
50 361 741 400 Arbitrer hunc Sythiæ rigidis in cautibus ortum,
84 398 581 436 Lacteq; nutritum Tygris acerbe tuo.
51 422 720 467 At tu cum reliquis, nobiſcum, flenſq; dolenſque,
86 463 612 500 Nil doleas vnquam, nil Eberarde fleas?
51 492 691 533 Agmina fit igitur per mœſta, viaſque per arctas
87 533 589 560 Deductum, ſacra funus in æde manet.
45 564 637 601 Dum pius interpres Paulinæ vocis Eberus,
87 596 624 632 Impleſſet grauibus tristia templa ſonis.
54 629 695 662 Tunc iterum luctu ſimili velut ante, receptum,
86 665 574 699 Elatumque pari funus honore fuit.
53 687 795 735 Hîc dum per mediumque forum plateamq; ſiniſtram,
89 730 634 767 Ad celſum mœſtæ tendimus arcis opus:
54 761 618 799 Hi fundunt lacrimas, illi ſuſpuria ducunt,
90 794 615 833 Signaque dat luctus quilibet ampla ſui.
57 826 615 864 Colloquiis alii pugnant lenire dolorem,
88 859 613 899 Perque pias referunt talia verba vices.
48 885 693 932 Hæc per Teutoniam cum ſparget fama Philippi,
87 924 579 963 Stamina fatales diſſecuiſſe Deas:
55 952 722 998 Grata malis equidem mundiq; Papæque miniſtris,
88 988 621 1030 Et quorum viuens ſpicula ſenſit, erit:
50 1009 788 1062 Sed lacrimas oculis, membriſque exangue bonorum.
87 1052 644 1094 Frigus, atrox vulnus pectoribuſque feret.
59 1082 644 1127 Omnes nobiſcum lamentabuntur honeſti,
90 1114 546 1155 Et tanto facient vltima iuſto viro.
59 1142 588 1193 Præcipue digni Muſis & Apolline vates,
90 1176 644 1225 Dux quibus ad flumen Phocidos ille fuit.
65 1201 657 1260 Huius erunt luctus ſocii, facientque doloris
708 1236 796 1289 Æter-
